{"CLIOINFO.BO": {"cashflowStatementHistory": {"cashflowStatements": [{"maxAge": 1, "endDate": "2020-03-31", "netIncome": -5180432, "changeToNetincome": 3432, "changeToLiabilities": 0, "changeToInventory": 612345, "changeToOperatingActivities": -443655, "totalCashFromOperatingActivities": -5008310, "totalCashflowsFromInvestingActivities": -13638550, "netBorrowings": 13803442, "totalCashFromFinancingActivities": 13803442, "changeInCash": -4843418}, {"maxAge": 1, "endDate": "2019-03-31", "netIncome": -1951469, "changeToNetincome": 3507, "changeToLiabilities": 0, "changeToInventory": 166790, "changeToOperatingActivities": -3098434, "totalCashFromOperatingActivities": -4879606, "otherCashflowsFromInvestingActivities": 8498079, "totalCashflowsFromInvestingActivities": 8498079, "netBorrowings": -314042, "totalCashFromFinancingActivities": -314042, "changeInCash": 3304431}, {"maxAge": 1, "endDate": "2018-03-31", "netIncome": -1949234, "changeToNetincome": 486925, "changeToLiabilities": -5250, "changeToInventory": 166790, "changeToOperatingActivities": -6906529, "totalCashFromOperatingActivities": -8374088, "investments": 14000000, "otherCashflowsFromInvestingActivities": -14823460, "totalCashflowsFromInvestingActivities": -823460, "netBorrowings": 10736171, "totalCashFromFinancingActivities": 10736171, "changeInCash": 1538622}, {"maxAge": 1, "endDate": "2017-03-31", "netIncome": -149884, "changeToNetincome": 5792, "changeToLiabilities": 5250, "changeToInventory": 166790, "changeToOperatingActivities": 10886308, "totalCashFromOperatingActivities": 10747466, "investments": -14000000, "otherCashflowsFromInvestingActivities": -34675000, "totalCashflowsFromInvestingActivities": -48675000, "netBorrowings": 37028530, "totalCashFromFinancingActivities": 37028530, "changeInCash": -899005}], "maxAge": 86400}, "institutionOwnership": {"maxAge": 1, "ownershipList": []}, "balanceSheetHistoryQuarterly": {"balanceSheetStatements": [{"maxAge": 1, "endDate": "2020-06-30", "totalStockholderEquity": 116942000, "netTangibleAssets": 116942000}, {"maxAge": 1, "endDate": "2020-03-31", "cash": 291778, "otherCurrentAssets": 2066701, "totalCurrentAssets": 2767297, "longTermInvestments": 3510, "otherAssets": 197732493, "deferredLongTermAssetCharges": 28733, "totalAssets": 200503300, "otherCurrentLiab": 326991, "longTermDebt": 74219861, "otherLiab": 4000000, "totalCurrentLiabilities": 5340991, "totalLiab": 83560852, "commonStock": 110109500, "retainedEarnings": -3106872, "treasuryStock": -60180, "capitalSurplus": 10000000, "otherStockholderEquity": -60180, "totalStockholderEquity": 116942448, "netTangibleAssets": 116942448}, {"maxAge": 1, "endDate": "2019-12-31", "totalStockholderEquity": 119296000, "netTangibleAssets": 119296000}, {"maxAge": 1, "endDate": "2019-09-30", "cash": 233000, "inventory": 664000, "otherCurrentAssets": 1707000, "totalCurrentAssets": 2604000, "longTermInvestments": 6000, "otherAssets": 197728000, "deferredLongTermAssetCharges": 30000, "totalAssets": 200338000, "accountsPayable": 5000, "otherCurrentLiab": 452000, "longTermDebt": 80586000, "otherLiab": -1000, "totalCurrentLiabilities": 457000, "totalLiab": 81042000, "commonStock": 110110000, "treasuryStock": 9186000, "otherStockholderEquity": 9186000, "totalStockholderEquity": 119296000, "netTangibleAssets": 119296000}], "maxAge": 86400}, "indexTrend": {"maxAge": 1, "symbol": "SP5", "peRatio": 19.7411, "pegRatio": 1.34172, "estimates": [{"period": "0q", "growth": 0.549}, {"period": "+1q", "growth": 0.431}, {"period": "0y", "growth": 0.305}, {"period": "+1y", "growth": 0.109}, {"period": "+5y", "growth": 0.120859005}, {"period": "-5y"}]}, "quoteType": {"exchange": "BSE", "quoteType": "EQUITY", "symbol": "CLIOINFO.BO", "underlyingSymbol": "CLIOINFO.BO", "shortName": "CLIO INFOTECH LTD.", "longName": "Clio Infotech Limited", "firstTradeDateEpochUtc": "2002-01-28 09:15:00", "timeZoneFullName": "Asia/Kolkata", "timeZoneShortName": "IST", "uuid": "4fc6b11a-253d-3639-bcb7-fefff34891c5", "messageBoardId": null, "gmtOffSetMilliseconds": 19800000, "maxAge": 1}, "incomeStatementHistory": {"incomeStatementHistory": [{"maxAge": 1, "endDate": "2020-03-31", "totalRevenue": 1831587, "costOfRevenue": 1609619, "grossProfit": 221968, "researchDevelopment": {}, "sellingGeneralAdministrative": 31559, "nonRecurring": {}, "otherOperatingExpenses": 550101, "totalOperatingExpenses": 2191279, "operatingIncome": -359692, "totalOtherIncomeExpenseNet": -4817309, "ebit": -359692, "interestExpense": -4816216, "incomeBeforeTax": -5177001, "incomeTaxExpense": 3431, "minorityInterest": {}, "netIncomeFromContinuingOps": -5180432, "discontinuedOperations": {}, "extraordinaryItems": {}, "effectOfAccountingCharges": {}, "otherItems": {}, "netIncome": -5180432, "netIncomeApplicableToCommonShares": -5180432}, {"maxAge": 1, "endDate": "2019-03-31", "totalRevenue": 823524, "costOfRevenue": 988777, "grossProfit": -165253, "researchDevelopment": {}, "sellingGeneralAdministrative": 30602, "nonRecurring": {}, "otherOperatingExpenses": 640680, "totalOperatingExpenses": 1660059, "operatingIncome": -836535, "totalOtherIncomeExpenseNet": -1111427, "ebit": -836535, "interestExpense": -1111179, "incomeBeforeTax": -1947962, "incomeTaxExpense": 3507, "minorityInterest": {}, "netIncomeFromContinuingOps": -1951469, "discontinuedOperations": {}, "extraordinaryItems": {}, "effectOfAccountingCharges": {}, "otherItems": {}, "netIncome": -1951469, "netIncomeApplicableToCommonShares": -1951469}, {"maxAge": 1, "endDate": "2018-03-31", "totalRevenue": 641131, "costOfRevenue": 2736951, "grossProfit": -2095820, "researchDevelopment": {}, "sellingGeneralAdministrative": 32045, "nonRecurring": {}, "otherOperatingExpenses": 572126, "totalOperatingExpenses": 3341122, "operatingIncome": -2699991, "totalOtherIncomeExpenseNet": 971812, "ebit": -2699991, "interestExpense": -1071, "incomeBeforeTax": -1728179, "incomeTaxExpense": 221055, "minorityInterest": {}, "netIncomeFromContinuingOps": -1949234, "discontinuedOperations": {}, "extraordinaryItems": {}, "effectOfAccountingCharges": {}, "otherItems": {}, "netIncome": -1949234, "netIncomeApplicableToCommonShares": -1949234}, {"maxAge": 1, "endDate": "2017-03-31", "totalRevenue": 1917055, "costOfRevenue": 1432500, "grossProfit": 484555, "researchDevelopment": {}, "sellingGeneralAdministrative": 30367, "nonRecurring": {}, "otherOperatingExpenses": 597752, "totalOperatingExpenses": 2060619, "operatingIncome": -143564, "totalOtherIncomeExpenseNet": -368, "ebit": -143564, "interestExpense": -369, "incomeBeforeTax": -143932, "incomeTaxExpense": 5952, "minorityInterest": {}, "netIncomeFromContinuingOps": -149884, "discontinuedOperations": {}, "extraordinaryItems": {}, "effectOfAccountingCharges": {}, "otherItems": {}, "netIncome": -149884, "netIncomeApplicableToCommonShares": -149884}], "maxAge": 86400}, "fundOwnership": {"maxAge": 1, "ownershipList": []}, "summaryDetail": {"maxAge": 1, "priceHint": 4, "previousClose": 1.23, "open": 1.25, "dayLow": 1.21, "dayHigh": 1.25, "regularMarketPreviousClose": 1.23, "regularMarketOpen": 1.25, "regularMarketDayLow": 1.21, "regularMarketDayHigh": 1.25, "volume": 5373, "regularMarketVolume": 5373, "averageVolume": 2152, "averageVolume10days": 1795, "averageDailyVolume10Day": 1795, "bid": 1.21, "ask": 0.0, "bidSize": 0, "askSize": 0, "marketCap": 13323189, "fiftyTwoWeekLow": 0.57, "fiftyTwoWeekHigh": 2.3, "fiftyDayAverage": 1.2314286, "twoHundredDayAverage": 0.94270074, "currency": "INR", "fromCurrency": null, "toCurrency": null, "lastMarket": null, "algorithm": null, "tradeable": false}, "incomeStatementHistoryQuarterly": {"incomeStatementHistory": [{"maxAge": 1, "endDate": "2020-06-30", "totalRevenue": 509000, "costOfRevenue": 241000, "grossProfit": 268000, "researchDevelopment": {}, "sellingGeneralAdministrative": 1305000, "nonRecurring": {}, "otherOperatingExpenses": 477000, "totalOperatingExpenses": 2023000, "operatingIncome": -1514000, "totalOtherIncomeExpenseNet": 0, "ebit": -1514000, "interestExpense": {}, "incomeBeforeTax": -1514000, "incomeTaxExpense": 1000, "minorityInterest": {}, "netIncomeFromContinuingOps": -1515000, "discontinuedOperations": {}, "extraordinaryItems": {}, "effectOfAccountingCharges": {}, "otherItems": {}, "netIncome": -1515000, "netIncomeApplicableToCommonShares": -1515000}, {"maxAge": 1, "endDate": "2020-03-31", "totalRevenue": 397587, "costOfRevenue": 424619, "grossProfit": -27032, "researchDevelopment": {}, "sellingGeneralAdministrative": -3612441, "nonRecurring": {}, "otherOperatingExpenses": -5899, "totalOperatingExpenses": -3193721, "operatingIncome": 3591308, "totalOtherIncomeExpenseNet": -4818309, "ebit": 3591308, "interestExpense": -4816216, "incomeBeforeTax": -1227001, "incomeTaxExpense": 431, "minorityInterest": {}, "netIncomeFromContinuingOps": -1227432, "discontinuedOperations": {}, "extraordinaryItems": {}, "effectOfAccountingCharges": {}, "otherItems": {}, "netIncome": -1227432, "netIncomeApplicableToCommonShares": -1227432}, {"maxAge": 1, "endDate": "2019-12-31", "totalRevenue": 477000, "costOfRevenue": 340000, "grossProfit": 137000, "researchDevelopment": {}, "sellingGeneralAdministrative": 1242000, "nonRecurring": {}, "otherOperatingExpenses": 17000, "totalOperatingExpenses": 1599000, "operatingIncome": -1122000, "totalOtherIncomeExpenseNet": 0, "ebit": -1122000, "interestExpense": -4816216, "incomeBeforeTax": -1122000, "incomeTaxExpense": 1000, "minorityInterest": {}, "netIncomeFromContinuingOps": -1123000, "discontinuedOperations": {}, "extraordinaryItems": {}, "effectOfAccountingCharges": {}, "otherItems": {}, "netIncome": -1123000, "netIncomeApplicableToCommonShares": -1123000}, {"maxAge": 1, "endDate": "2019-09-30", "totalRevenue": 492000, "costOfRevenue": 88000, "grossProfit": 404000, "researchDevelopment": {}, "sellingGeneralAdministrative": 1164000, "nonRecurring": {}, "otherOperatingExpenses": 106000, "totalOperatingExpenses": 1358000, "operatingIncome": -866000, "totalOtherIncomeExpenseNet": 0, "ebit": -866000, "interestExpense": -4816216, "incomeBeforeTax": -866000, "incomeTaxExpense": 1000, "minorityInterest": {}, "netIncomeFromContinuingOps": -867000, "discontinuedOperations": {}, "extraordinaryItems": {}, "effectOfAccountingCharges": {}, "otherItems": {}, "netIncome": -867000, "netIncomeApplicableToCommonShares": -867000}], "maxAge": 86400}, "cashflowStatementHistoryQuarterly": {"cashflowStatements": [{"maxAge": 1, "endDate": "2020-06-30", "netIncome": -1515000, "changeToLiabilities": 0}, {"maxAge": 1, "endDate": "2020-03-31", "netIncome": -1227432, "changeToLiabilities": 0}, {"maxAge": 1, "endDate": "2019-12-31", "netIncome": -1123000, "changeToLiabilities": 0}, {"maxAge": 1, "endDate": "2019-09-30", "netIncome": -867000, "changeToLiabilities": 0}], "maxAge": 86400}, "insiderHolders": {"holders": [], "maxAge": 1}, "calendarEvents": {"maxAge": 1, "earnings": {"earningsDate": []}}, "price": {"maxAge": 1, "regularMarketChangePercent": -0.016260147, "regularMarketChange": -0.01999998, "regularMarketTime": "2021-04-30 14:18:07", "priceHint": 4, "regularMarketPrice": 1.21, "regularMarketDayHigh": 1.25, "regularMarketDayLow": 1.21, "regularMarketVolume": 5373, "averageDailyVolume10Day": 1795, "averageDailyVolume3Month": 2152, "regularMarketPreviousClose": 1.23, "regularMarketSource": "FREE_REALTIME", "regularMarketOpen": 1.25, "exchange": "BSE", "exchangeName": "BSE", "exchangeDataDelayedBy": 0, "marketState": "CLOSED", "quoteType": "EQUITY", "symbol": "CLIOINFO.BO", "underlyingSymbol": null, "shortName": "CLIO INFOTECH LTD.", "longName": "Clio Infotech Limited", "currency": "INR", "quoteSourceName": "Delayed Quote", "currencySymbol": "\u20b9", "fromCurrency": null, "toCurrency": null, "lastMarket": null, "marketCap": 13323189}, "balanceSheetHistory": {"balanceSheetStatements": [{"maxAge": 1, "endDate": "2020-03-31", "cash": 291778, "otherCurrentAssets": 2066701, "totalCurrentAssets": 2767297, "longTermInvestments": 3510, "otherAssets": 197732493, "deferredLongTermAssetCharges": 28733, "totalAssets": 200503300, "otherCurrentLiab": 326991, "longTermDebt": 74219861, "otherLiab": 4000000, "totalCurrentLiabilities": 5340991, "totalLiab": 83560852, "commonStock": 110109500, "retainedEarnings": -3106872, "treasuryStock": -60180, "capitalSurplus": 10000000, "otherStockholderEquity": -60180, "totalStockholderEquity": 116942448, "netTangibleAssets": 116942448}, {"maxAge": 1, "endDate": "2019-03-31", "cash": 5135195, "otherCurrentAssets": 1608597, "totalCurrentAssets": 7764955, "longTermInvestments": 12450, "otherAssets": 184097374, "deferredLongTermAssetCharges": 32164, "totalAssets": 191874779, "otherCurrentLiab": 322541, "longTermDebt": 69349619, "totalCurrentLiabilities": 393341, "totalLiab": 69742960, "commonStock": 110109500, "retainedEarnings": 2073559, "treasuryStock": -51240, "capitalSurplus": 10000000, "otherStockholderEquity": -51240, "totalStockholderEquity": 122131819, "netTangibleAssets": 122131819}, {"maxAge": 1, "endDate": "2018-03-31", "cash": 1830764, "otherCurrentAssets": 1521245, "totalCurrentAssets": 4539962, "longTermInvestments": 30450, "otherAssets": 180725436, "deferredLongTermAssetCharges": 35671, "totalAssets": 185295848, "otherCurrentLiab": 211071, "otherLiab": 60851540, "totalCurrentLiabilities": 343020, "totalLiab": 61194560, "commonStock": 110109500, "retainedEarnings": 4025029, "treasuryStock": -33241, "capitalSurplus": 10000000, "otherStockholderEquity": -33241, "totalStockholderEquity": 124101288, "netTangibleAssets": 124101288}, {"maxAge": 1, "endDate": "2017-03-31", "cash": 292141, "otherCurrentAssets": 1457131, "totalCurrentAssets": 3413466, "longTermInvestments": 14448125, "otherAssets": 190057291, "deferredLongTermAssetCharges": 46355, "totalAssets": 207918882, "accountsPayable": 5250, "otherCurrentLiab": 5657161, "otherLiab": 75675000, "totalCurrentLiabilities": 5775684, "totalLiab": 81450684, "commonStock": 110109500, "retainedEarnings": 5974263, "treasuryStock": 384435, "capitalSurplus": 10000000, "otherStockholderEquity": 384435, "totalStockholderEquity": 126468198, "netTangibleAssets": 126468198}], "maxAge": 86400}, "financialData": {"maxAge": 86400, "currentPrice": 1.21, "recommendationKey": "none", "grossProfits": 221968, "financialCurrency": "INR"}}}