{"CLNINDIA.NS": {"assetProfile": {"address1": "Reliable Tech Park", "address2": "Gut No. 31, Off Thane Belapur Road Village Elthan Airoli", "city": "Navi Mumbai", "zip": "400708", "country": "India", "phone": "91 22 7125 1000", "fax": "91 22 7125 1201", "website": "http://www.clariant.com", "industry": "Specialty Chemicals", "sector": "Basic Materials", "longBusinessSummary": "Clariant Chemicals (India) Limited manufactures and sells specialty chemicals in India and internationally. The company operates through two segments, Plastics and Coatings, and Specialty Chemicals. The Plastics and Coatings segment offers pigments, pigment preparations, additives, and masterbatches. The Specialty Chemicals segment provides dyestuffs, synthetic resins, functional effects and coatings, and auxiliaries and chemicals. It offers additives, such as flame retardants, waxes, performance additives, and surface solutions for functional effects in plastics, coatings, inks, and other special applications. The company also supplies catalysts for use in the chemicals, plastics, and oil and gas industries; provides bentonite for food and foundry industries; and offers industrial and consumer specialties comprising specialty chemicals and application solutions for the automotive fluid and coolant, aviation, construction chemical, agrochemical and agricultural adjuvant, food ingredient, gas treatment, heat transfer fluid, industrial lubricant additive, solvent, paints and coatings, and personal care, as well as home care, and industrial cleaning markets. In addition, it provides color and additive concentrates, and performance solutions for plastics; and solutions in the oil services, mining, and refinery services. Further, the company offers organic pigments, pigment preparations, and dyes for use in automotive industry and plastic industry, as well as industrial and architectural coatings; biotech and bio-based chemicals; electronic devices and components; food ingredients; VitiSphere encapsulated active ingredients for skincare; and 3D printing materials. The company was formerly known as Colour-Chem Limited and changed its name to Clariant Chemicals (India) Limited in 2006. Clariant Chemicals (India) Limited was founded in 1947 and is headquartered in Navi Mumbai, India.", "fullTimeEmployees": 743, "companyOfficers": [{"maxAge": 1, "name": "Mr. Adnan Wajhat Ahmad", "age": 59, "title": "Vice Chairman & MD", "yearBorn": 1961, "fiscalYear": 2020, "totalPay": 47123000, "exercisedValue": 0, "unexercisedValue": 0}, {"maxAge": 1, "name": "Ms. Amee Bharatbhai Joshi", "title": "Company Sec. & Compliance Officer", "fiscalYear": 2020, "totalPay": 2661000, "exercisedValue": 0, "unexercisedValue": 0}, {"maxAge": 1, "name": "Mr. Ashish  Agarwal", "age": 41, "title": "Interim Chief Financial Officer", "yearBorn": 1979, "exercisedValue": 0, "unexercisedValue": 0}, {"maxAge": 1, "name": "Mr. Jim  Easow", "title": "Head of Legal & Regional Compliance Officer", "exercisedValue": 0, "unexercisedValue": 0}, {"maxAge": 1, "name": "Mr. Praveen V. Kalawar", "title": "Head of HR", "exercisedValue": 0, "unexercisedValue": 0}, {"maxAge": 1, "name": "Mr. Sandeep  Puri", "title": "Head of BU Masterbatches", "exercisedValue": 0, "unexercisedValue": 0}, {"maxAge": 1, "name": "Dr. Achala  Danait", "title": "Head of R&D", "exercisedValue": 0, "unexercisedValue": 0}, {"maxAge": 1, "name": "Mr. Puthige  Murali", "title": "Head of Regional Sustainability & Regulatory Affairs", "exercisedValue": 0, "unexercisedValue": 0}, {"maxAge": 1, "name": "Mr. Satish P. Bhattu", "title": "Assistant Company Sec.", "exercisedValue": 0, "unexercisedValue": 0}], "compensationAsOfEpochDate": "2020-12-31 05:30:00", "maxAge": 86400}, "cashflowStatementHistory": {"cashflowStatements": [{"maxAge": 1, "endDate": "2020-03-31", "netIncome": 507051000, "depreciation": 447469000, "changeToNetincome": -22220000, "changeToAccountReceivables": -70939000, "changeToLiabilities": -97527000, "changeToInventory": 145639000, "changeToOperatingActivities": 81571000, "totalCashFromOperatingActivities": 991044000, "capitalExpenditures": -245871000, "investments": -678703000, "otherCashflowsFromInvestingActivities": 143714000, "totalCashflowsFromInvestingActivities": -759262000, "dividendsPaid": -115409000, "netBorrowings": -77589000, "otherCashflowsFromFinancingActivities": -61301000, "totalCashFromFinancingActivities": -254299000, "changeInCash": -22517000}, {"maxAge": 1, "endDate": "2019-03-31", "netIncome": 185565000, "depreciation": 374255000, "changeToNetincome": 6063000, "changeToAccountReceivables": -56422000, "changeToLiabilities": 67903000, "changeToInventory": -155368000, "changeToOperatingActivities": -127622000, "totalCashFromOperatingActivities": 294374000, "capitalExpenditures": -323867000, "investments": 288517000, "otherCashflowsFromInvestingActivities": 14548000, "totalCashflowsFromInvestingActivities": 68862000, "dividendsPaid": -230818000, "netBorrowings": -77589000, "otherCashflowsFromFinancingActivities": -52367000, "totalCashFromFinancingActivities": -283185000, "changeInCash": 80051000}, {"maxAge": 1, "endDate": "2018-03-31", "netIncome": 216007000, "depreciation": 377223000, "changeToNetincome": -310324000, "changeToAccountReceivables": -43935000, "changeToLiabilities": 135908000, "changeToInventory": -123762000, "changeToOperatingActivities": -261803000, "totalCashFromOperatingActivities": -10686000, "capitalExpenditures": -290947000, "investments": 728987000, "otherCashflowsFromInvestingActivities": 24214000, "totalCashflowsFromInvestingActivities": 669707000, "dividendsPaid": -577045000, "netBorrowings": -77589000, "otherCashflowsFromFinancingActivities": -123452000, "totalCashFromFinancingActivities": -700497000, "changeInCash": -41476000}, {"maxAge": 1, "endDate": "2017-03-31", "netIncome": 244804000, "depreciation": 394799000, "changeToNetincome": 1976000, "changeToAccountReceivables": 16973000, "changeToLiabilities": 232923000, "changeToInventory": -134813000, "changeToOperatingActivities": 59156000, "totalCashFromOperatingActivities": 815818000, "capitalExpenditures": -223490000, "investments": -327065000, "otherCashflowsFromInvestingActivities": 48116000, "totalCashflowsFromInvestingActivities": -499917000, "dividendsPaid": -282443000, "netBorrowings": -77589000, "otherCashflowsFromFinancingActivities": -3986000, "totalCashFromFinancingActivities": -286429000, "changeInCash": 29472000}], "maxAge": 86400}, "institutionOwnership": {"maxAge": 1, "ownershipList": []}, "majorHoldersBreakdown": {"maxAge": 1, "insidersPercentHeld": 0.52804, "institutionsPercentHeld": 0.035439998, "institutionsFloatPercentHeld": 0.07508, "institutionsCount": 2}, "balanceSheetHistoryQuarterly": {"balanceSheetStatements": [{"maxAge": 1, "endDate": "2020-12-31", "totalStockholderEquity": 4975900000, "netTangibleAssets": 4886500000}, {"maxAge": 1, "endDate": "2020-09-30", "cash": 218300000, "shortTermInvestments": 1061300000, "netReceivables": 1441100000, "inventory": 955200000, "otherCurrentAssets": 568200000, "totalCurrentAssets": 4244100000, "propertyPlantEquipment": 1990700000, "goodWill": 89400000, "otherAssets": 605100000, "totalAssets": 6929300000, "accountsPayable": 1013600000, "otherCurrentLiab": 395000000, "otherLiab": 188700000, "totalCurrentLiabilities": 1567700000, "totalLiab": 1953400000, "commonStock": 230800000, "treasuryStock": 4745100000, "otherStockholderEquity": 4745100000, "totalStockholderEquity": 4975900000, "netTangibleAssets": 4886500000}, {"maxAge": 1, "endDate": "2020-06-30", "totalStockholderEquity": 6514076000, "netTangibleAssets": 6424665000}, {"maxAge": 1, "endDate": "2020-03-31", "cash": 258834000, "netReceivables": 1520530000, "inventory": 1257143000, "otherCurrentAssets": 2463332000, "totalCurrentAssets": 6323893000, "propertyPlantEquipment": 2215986000, "goodWill": 89411000, "otherAssets": 805271000, "totalAssets": 9434561000, "accountsPayable": 1353702000, "otherCurrentLiab": 902078000, "otherLiab": 159467000, "totalCurrentLiabilities": 2521823000, "totalLiab": 2920485000, "commonStock": 230818000, "retainedEarnings": 6127762000, "treasuryStock": 155496000, "otherStockholderEquity": 155496000, "totalStockholderEquity": 6514076000, "netTangibleAssets": 6424665000}], "maxAge": 86400}, "indexTrend": {"maxAge": 1, "symbol": "SP5", "peRatio": 19.7411, "pegRatio": 1.34172, "estimates": [{"period": "0q", "growth": 0.549}, {"period": "+1q", "growth": 0.431}, {"period": "0y", "growth": 0.305}, {"period": "+1y", "growth": 0.109}, {"period": "+5y", "growth": 0.120865}, {"period": "-5y"}]}, "defaultKeyStatistics": {"maxAge": 1, "priceHint": 2, "enterpriseValue": 9092753408, "profitMargins": 0.32896, "floatShares": 10279615, "sharesOutstanding": 23081800, "heldPercentInsiders": 0.52804, "heldPercentInstitutions": 0.035439998, "beta": 1.211512, "category": null, "bookValue": 215.602, "priceToBook": 2.01923, "fundFamily": null, "legalType": null, "lastFiscalYearEnd": "2020-03-31 05:30:00", "nextFiscalYearEnd": "2022-03-31 05:30:00", "mostRecentQuarter": "2020-12-31 05:30:00", "earningsQuarterlyGrowth": 0.226, "netIncomeToCommon": 2081355008, "trailingEps": 97.08, "lastSplitFactor": null, "enterpriseToRevenue": 1.334, "enterpriseToEbitda": 12.185, "52WeekChange": 0.32104385, "SandP52WeekChange": 0.48148263, "lastDividendValue": 50.0, "lastDividendDate": 1613606400}, "summaryProfile": {"address1": "Reliable Tech Park", "address2": "Gut No. 31, Off Thane Belapur Road Village Elthan Airoli", "city": "Navi Mumbai", "zip": "400708", "country": "India", "phone": "91 22 7125 1000", "fax": "91 22 7125 1201", "website": "http://www.clariant.com", "industry": "Specialty Chemicals", "sector": "Basic Materials", "longBusinessSummary": "Clariant Chemicals (India) Limited manufactures and sells specialty chemicals in India and internationally. The company operates through two segments, Plastics and Coatings, and Specialty Chemicals. The Plastics and Coatings segment offers pigments, pigment preparations, additives, and masterbatches. The Specialty Chemicals segment provides dyestuffs, synthetic resins, functional effects and coatings, and auxiliaries and chemicals. It offers additives, such as flame retardants, waxes, performance additives, and surface solutions for functional effects in plastics, coatings, inks, and other special applications. The company also supplies catalysts for use in the chemicals, plastics, and oil and gas industries; provides bentonite for food and foundry industries; and offers industrial and consumer specialties comprising specialty chemicals and application solutions for the automotive fluid and coolant, aviation, construction chemical, agrochemical and agricultural adjuvant, food ingredient, gas treatment, heat transfer fluid, industrial lubricant additive, solvent, paints and coatings, and personal care, as well as home care, and industrial cleaning markets. In addition, it provides color and additive concentrates, and performance solutions for plastics; and solutions in the oil services, mining, and refinery services. Further, the company offers organic pigments, pigment preparations, and dyes for use in automotive industry and plastic industry, as well as industrial and architectural coatings; biotech and bio-based chemicals; electronic devices and components; food ingredients; VitiSphere encapsulated active ingredients for skincare; and 3D printing materials. The company was formerly known as Colour-Chem Limited and changed its name to Clariant Chemicals (India) Limited in 2006. Clariant Chemicals (India) Limited was founded in 1947 and is headquartered in Navi Mumbai, India.", "fullTimeEmployees": 743, "companyOfficers": [], "maxAge": 86400}, "netSharePurchaseActivity": {"maxAge": 1, "period": "6m", "buyInfoCount": 0, "buyInfoShares": 0, "sellInfoCount": 0, "netInfoCount": 0, "netInfoShares": 0, "netPercentInsiderShares": 0.0, "totalInsiderShares": 12185539}, "insiderTransactions": {"transactions": [{"maxAge": 1, "shares": 3055000, "filerUrl": "", "transactionText": "", "filerName": "EBITO Chemiebetteiligungen A G", "filerRelation": "Promoter", "moneyText": "", "startDate": "2016-12-16", "ownership": "D"}], "maxAge": 1}, "quoteType": {"exchange": "NSI", "quoteType": "EQUITY", "symbol": "CLNINDIA.NS", "underlyingSymbol": "CLNINDIA.NS", "shortName": "CLARIANT CHEMICALS", "longName": "Clariant Chemicals (India) Limited", "firstTradeDateEpochUtc": "2002-07-01 09:15:00", "timeZoneFullName": "Asia/Kolkata", "timeZoneShortName": "IST", "uuid": "84a531af-74a7-35de-b55e-e2dec25763ef", "messageBoardId": "finmb_4481382", "gmtOffSetMilliseconds": 19800000, "maxAge": 1}, "incomeStatementHistory": {"incomeStatementHistory": [{"maxAge": 1, "endDate": "2020-03-31", "totalRevenue": 7572785000, "costOfRevenue": 4914895000, "grossProfit": 2657890000, "researchDevelopment": {}, "sellingGeneralAdministrative": 625679000, "nonRecurring": {}, "otherOperatingExpenses": 1325091000, "totalOperatingExpenses": 7263650000, "operatingIncome": 309135000, "totalOtherIncomeExpenseNet": 33769000, "ebit": 309135000, "interestExpense": -38340000, "incomeBeforeTax": 342904000, "incomeTaxExpense": 157349000, "minorityInterest": {}, "netIncomeFromContinuingOps": 185555000, "discontinuedOperations": 321496000, "extraordinaryItems": {}, "effectOfAccountingCharges": {}, "otherItems": {}, "netIncome": 507051000, "netIncomeApplicableToCommonShares": 507051000}, {"maxAge": 1, "endDate": "2019-03-31", "totalRevenue": 7187500000, "costOfRevenue": 4698595000, "grossProfit": 2488905000, "researchDevelopment": {}, "sellingGeneralAdministrative": 704810000, "nonRecurring": {}, "otherOperatingExpenses": 1315720000, "totalOperatingExpenses": 7014161000, "operatingIncome": 173339000, "totalOtherIncomeExpenseNet": 46574000, "ebit": 173339000, "interestExpense": -6234000, "incomeBeforeTax": 219913000, "incomeTaxExpense": 104648000, "minorityInterest": {}, "netIncomeFromContinuingOps": 115265000, "discontinuedOperations": 70300000, "extraordinaryItems": {}, "effectOfAccountingCharges": {}, "otherItems": {}, "netIncome": 185565000, "netIncomeApplicableToCommonShares": 185565000}, {"maxAge": 1, "endDate": "2018-03-31", "totalRevenue": 10135531000, "costOfRevenue": 6867949000, "grossProfit": 3267582000, "researchDevelopment": {}, "sellingGeneralAdministrative": 1019653000, "nonRecurring": {}, "otherOperatingExpenses": 1733192000, "totalOperatingExpenses": 9998017000, "operatingIncome": 137514000, "totalOtherIncomeExpenseNet": 196626000, "ebit": 137514000, "interestExpense": -5976000, "incomeBeforeTax": 334140000, "incomeTaxExpense": 118133000, "minorityInterest": {}, "netIncomeFromContinuingOps": 216007000, "discontinuedOperations": 70300000, "extraordinaryItems": {}, "effectOfAccountingCharges": {}, "otherItems": {}, "netIncome": 216007000, "netIncomeApplicableToCommonShares": 216007000}, {"maxAge": 1, "endDate": "2017-03-31", "totalRevenue": 9809833000, "costOfRevenue": 6372550000, "grossProfit": 3437283000, "researchDevelopment": {}, "sellingGeneralAdministrative": 1015420000, "nonRecurring": {}, "otherOperatingExpenses": 1704404000, "totalOperatingExpenses": 9485366000, "operatingIncome": 324467000, "totalOtherIncomeExpenseNet": 38410000, "ebit": 324467000, "interestExpense": -4628000, "incomeBeforeTax": 362877000, "incomeTaxExpense": 118073000, "minorityInterest": {}, "netIncomeFromContinuingOps": 244804000, "discontinuedOperations": 70300000, "extraordinaryItems": {}, "effectOfAccountingCharges": {}, "otherItems": {}, "netIncome": 244804000, "netIncomeApplicableToCommonShares": 244804000}], "maxAge": 86400}, "fundOwnership": {"maxAge": 1, "ownershipList": []}, "summaryDetail": {"maxAge": 1, "priceHint": 2, "previousClose": 437.5, "open": 437.5, "dayLow": 431.25, "dayHigh": 445.4, "regularMarketPreviousClose": 437.5, "regularMarketOpen": 437.5, "regularMarketDayLow": 431.25, "regularMarketDayHigh": 445.4, "dividendRate": 201.0, "dividendYield": 0.4594, "exDividendDate": "2021-02-18 05:30:00", "payoutRatio": 1.6746001, "beta": 1.211512, "trailingPE": 4.4844456, "volume": 77236, "regularMarketVolume": 77236, "averageVolume": 109862, "averageVolume10days": 121788, "averageDailyVolume10Day": 121788, "bid": 0.0, "ask": 0.0, "bidSize": 0, "askSize": 0, "marketCap": 10075087872, "fiftyTwoWeekLow": 288.0, "fiftyTwoWeekHigh": 608.0, "priceToSalesTrailing12Months": 1.478568, "fiftyDayAverage": 393.72205, "twoHundredDayAverage": 364.5353, "trailingAnnualDividendRate": 11.0, "trailingAnnualDividendYield": 0.025142858, "currency": "INR", "fromCurrency": null, "toCurrency": null, "lastMarket": null, "algorithm": null, "tradeable": false}, "incomeStatementHistoryQuarterly": {"incomeStatementHistory": [{"maxAge": 1, "endDate": "2020-12-31", "totalRevenue": 2021000000, "costOfRevenue": 1162500000, "grossProfit": 858500000, "researchDevelopment": {}, "sellingGeneralAdministrative": 179800000, "nonRecurring": {}, "otherOperatingExpenses": 391700000, "totalOperatingExpenses": 1824000000, "operatingIncome": 197000000, "totalOtherIncomeExpenseNet": -7000000, "ebit": 197000000, "interestExpense": -6700000, "incomeBeforeTax": 190000000, "incomeTaxExpense": 58000000, "minorityInterest": {}, "netIncomeFromContinuingOps": 132000000, "discontinuedOperations": {}, "extraordinaryItems": {}, "effectOfAccountingCharges": {}, "otherItems": {}, "netIncome": 132000000, "netIncomeApplicableToCommonShares": 132000000}, {"maxAge": 1, "endDate": "2020-09-30", "totalRevenue": 1808400000, "costOfRevenue": 1105700000, "grossProfit": 702700000, "researchDevelopment": {}, "sellingGeneralAdministrative": 161100000, "nonRecurring": {}, "otherOperatingExpenses": 319900000, "totalOperatingExpenses": 1679100000, "operatingIncome": 129300000, "totalOtherIncomeExpenseNet": 2541200000, "ebit": 129300000, "interestExpense": -7100000, "incomeBeforeTax": 2670500000, "incomeTaxExpense": 752400000, "minorityInterest": {}, "netIncomeFromContinuingOps": 1918100000, "discontinuedOperations": {}, "extraordinaryItems": {}, "effectOfAccountingCharges": {}, "otherItems": {}, "netIncome": 1918100000, "netIncomeApplicableToCommonShares": 1918100000}, {"maxAge": 1, "endDate": "2020-06-30", "totalRevenue": 1289900000, "costOfRevenue": 757400000, "grossProfit": 532500000, "researchDevelopment": {}, "sellingGeneralAdministrative": 149500000, "nonRecurring": {}, "otherOperatingExpenses": 239700000, "totalOperatingExpenses": 1241600000, "operatingIncome": 48300000, "totalOtherIncomeExpenseNet": -7500000, "ebit": 48300000, "interestExpense": -7500000, "incomeBeforeTax": 40800000, "incomeTaxExpense": 14000000, "minorityInterest": {}, "netIncomeFromContinuingOps": 26800000, "discontinuedOperations": 11000000, "extraordinaryItems": {}, "effectOfAccountingCharges": {}, "otherItems": {}, "netIncome": 37800000, "netIncomeApplicableToCommonShares": 37800000}, {"maxAge": 1, "endDate": "2020-03-31", "totalRevenue": 1694785000, "costOfRevenue": 1255895000, "grossProfit": 438890000, "researchDevelopment": {}, "sellingGeneralAdministrative": 133779000, "nonRecurring": {}, "otherOperatingExpenses": 253735000, "totalOperatingExpenses": 1748194000, "operatingIncome": -53409000, "totalOtherIncomeExpenseNet": 160113000, "ebit": -53409000, "interestExpense": -8740000, "incomeBeforeTax": 106704000, "incomeTaxExpense": 102249000, "minorityInterest": {}, "netIncomeFromContinuingOps": 4455000, "discontinuedOperations": 149196000, "extraordinaryItems": {}, "effectOfAccountingCharges": {}, "otherItems": {}, "netIncome": 153651000, "netIncomeApplicableToCommonShares": 153651000}], "maxAge": 86400}, "cashflowStatementHistoryQuarterly": {"cashflowStatements": [{"maxAge": 1, "endDate": "2020-12-31", "netIncome": 132000000, "changeToLiabilities": 0}, {"maxAge": 1, "endDate": "2020-09-30", "netIncome": 1918100000, "changeToLiabilities": 0}, {"maxAge": 1, "endDate": "2020-06-30", "netIncome": 37800000, "changeToLiabilities": 0}, {"maxAge": 1, "endDate": "2020-03-31", "netIncome": 153651000, "changeToLiabilities": 0}], "maxAge": 86400}, "insiderHolders": {"holders": [{"maxAge": 1, "name": "EBITO Chemiebetteiligungen A G", "relation": "Promoter", "url": "", "transactionDescription": "Sale", "latestTransDate": "2016-12-16", "positionDirect": 4109426, "positionDirectDate": "2016-12-16"}], "maxAge": 1}, "calendarEvents": {"maxAge": 1, "earnings": {"earningsDate": []}, "exDividendDate": "2021-02-18 05:30:00"}, "price": {"maxAge": 1, "regularMarketChangePercent": -0.0049142716, "regularMarketChange": -2.149994, "regularMarketTime": "2021-04-30 15:30:00", "priceHint": 2, "regularMarketPrice": 435.35, "regularMarketDayHigh": 445.4, "regularMarketDayLow": 431.25, "regularMarketVolume": 77236, "averageDailyVolume10Day": 121788, "averageDailyVolume3Month": 109862, "regularMarketPreviousClose": 437.5, "regularMarketSource": "FREE_REALTIME", "regularMarketOpen": 437.5, "exchange": "NSI", "exchangeName": "NSE", "exchangeDataDelayedBy": 15, "marketState": "CLOSED", "quoteType": "EQUITY", "symbol": "CLNINDIA.NS", "underlyingSymbol": null, "shortName": "CLARIANT CHEMICALS", "longName": "Clariant Chemicals (India) Limited", "currency": "INR", "quoteSourceName": "Delayed Quote", "currencySymbol": "\u20b9", "fromCurrency": null, "toCurrency": null, "lastMarket": null, "marketCap": 10075087872}, "balanceSheetHistory": {"balanceSheetStatements": [{"maxAge": 1, "endDate": "2020-03-31", "cash": 258834000, "netReceivables": 1520530000, "inventory": 1257143000, "otherCurrentAssets": 2463332000, "totalCurrentAssets": 6323893000, "propertyPlantEquipment": 2215986000, "goodWill": 89411000, "otherAssets": 805271000, "totalAssets": 9434561000, "accountsPayable": 1353702000, "otherCurrentLiab": 902078000, "otherLiab": 159467000, "totalCurrentLiabilities": 2521823000, "totalLiab": 2920485000, "commonStock": 230818000, "retainedEarnings": 6127762000, "treasuryStock": 155496000, "otherStockholderEquity": 155496000, "totalStockholderEquity": 6514076000, "netTangibleAssets": 6424665000}, {"maxAge": 1, "endDate": "2019-03-31", "cash": 281351000, "netReceivables": 1889432000, "inventory": 1835048000, "otherCurrentAssets": 618702000, "totalCurrentAssets": 4758184000, "propertyPlantEquipment": 2837831000, "goodWill": 402365000, "intangibleAssets": 65815000, "otherAssets": 880988000, "totalAssets": 8945183000, "accountsPayable": 1891999000, "otherCurrentLiab": 343522000, "otherLiab": 282746000, "totalCurrentLiabilities": 2498168000, "totalLiab": 2780914000, "commonStock": 230818000, "retainedEarnings": 5787167000, "treasuryStock": 146284000, "otherStockholderEquity": 146284000, "totalStockholderEquity": 6164269000, "netTangibleAssets": 5696089000}, {"maxAge": 1, "endDate": "2018-03-31", "cash": 201411000, "shortTermInvestments": 16281000, "netReceivables": 1854860000, "inventory": 1679862000, "otherCurrentAssets": 528119000, "totalCurrentAssets": 4704128000, "propertyPlantEquipment": 2855114000, "goodWill": 402365000, "intangibleAssets": 78980000, "otherAssets": 885274000, "totalAssets": 8925861000, "accountsPayable": 1835335000, "otherCurrentLiab": 293184000, "otherLiab": 331014000, "totalCurrentLiabilities": 2348762000, "totalLiab": 2679776000, "commonStock": 230818000, "retainedEarnings": 5879638000, "treasuryStock": 135629000, "otherStockholderEquity": 135629000, "totalStockholderEquity": 6246085000, "netTangibleAssets": 5764740000}, {"maxAge": 1, "endDate": "2017-03-31", "cash": 242887000, "shortTermInvestments": 269000, "netReceivables": 1866513000, "inventory": 1556100000, "otherCurrentAssets": 292806000, "totalCurrentAssets": 5097371000, "propertyPlantEquipment": 3033668000, "goodWill": 402365000, "intangibleAssets": 94147000, "otherAssets": 704487000, "totalAssets": 9332038000, "accountsPayable": 1682495000, "otherCurrentLiab": 295022000, "otherLiab": 269993000, "totalCurrentLiabilities": 2332808000, "totalLiab": 2602801000, "commonStock": 230818000, "retainedEarnings": 6363593000, "treasuryStock": 134826000, "otherStockholderEquity": 134826000, "totalStockholderEquity": 6729237000, "netTangibleAssets": 6232725000}], "maxAge": 86400}, "financialData": {"maxAge": 86400, "currentPrice": 435.35, "recommendationKey": "none", "totalCash": 1279600000, "totalCashPerShare": 55.449, "ebitda": 746226240, "totalDebt": 276200000, "totalRevenue": 6814085120, "debtToEquity": 5.551, "revenuePerShare": 295.114, "grossProfits": 2657890000, "earningsGrowth": 0.225, "revenueGrowth": 0.073, "grossMargins": 0.37167, "ebitdaMargins": 0.109510005, "operatingMargins": 0.061329998, "profitMargins": 0.32896, "financialCurrency": "INR"}}}