{"CLNINDIA.BO": {"recommendationTrend": {"trend": [{"period": "0m", "strongBuy": 0, "buy": 0, "hold": 0, "sell": 0, "strongSell": 0}, {"period": "-1m", "strongBuy": 0, "buy": 0, "hold": 0, "sell": 0, "strongSell": 0}, {"period": "-2m", "strongBuy": 0, "buy": 0, "hold": 0, "sell": 0, "strongSell": 0}, {"period": "-3m", "strongBuy": 0, "buy": 0, "hold": 0, "sell": 0, "strongSell": 0}], "maxAge": 86400}, "cashflowStatementHistory": {"cashflowStatements": [{"maxAge": 1, "endDate": "2020-03-31", "netIncome": 507051000, "depreciation": 447469000, "changeToNetincome": -22220000, "changeToAccountReceivables": -70939000, "changeToLiabilities": -97527000, "changeToInventory": 145639000, "changeToOperatingActivities": 81571000, "totalCashFromOperatingActivities": 991044000, "capitalExpenditures": -245871000, "investments": -678703000, "otherCashflowsFromInvestingActivities": 143714000, "totalCashflowsFromInvestingActivities": -759262000, "dividendsPaid": -115409000, "netBorrowings": -77589000, "otherCashflowsFromFinancingActivities": -61301000, "totalCashFromFinancingActivities": -254299000, "changeInCash": -22517000}, {"maxAge": 1, "endDate": "2019-03-31", "netIncome": 185565000, "depreciation": 374255000, "changeToNetincome": 6063000, "changeToAccountReceivables": -56422000, "changeToLiabilities": 67903000, "changeToInventory": -155368000, "changeToOperatingActivities": -127622000, "totalCashFromOperatingActivities": 294374000, "capitalExpenditures": -323867000, "investments": 288517000, "otherCashflowsFromInvestingActivities": 14548000, "totalCashflowsFromInvestingActivities": 68862000, "dividendsPaid": -230818000, "netBorrowings": -77589000, "otherCashflowsFromFinancingActivities": -52367000, "totalCashFromFinancingActivities": -283185000, "changeInCash": 80051000}, {"maxAge": 1, "endDate": "2018-03-31", "netIncome": 216007000, "depreciation": 377223000, "changeToNetincome": -310324000, "changeToAccountReceivables": -43935000, "changeToLiabilities": 135908000, "changeToInventory": -123762000, "changeToOperatingActivities": -261803000, "totalCashFromOperatingActivities": -10686000, "capitalExpenditures": -290947000, "investments": 728987000, "otherCashflowsFromInvestingActivities": 24214000, "totalCashflowsFromInvestingActivities": 669707000, "dividendsPaid": -577045000, "netBorrowings": -77589000, "otherCashflowsFromFinancingActivities": -123452000, "totalCashFromFinancingActivities": -700497000, "changeInCash": -41476000}, {"maxAge": 1, "endDate": "2017-03-31", "netIncome": 244804000, "depreciation": 394799000, "changeToNetincome": 1976000, "changeToAccountReceivables": 16973000, "changeToLiabilities": 232923000, "changeToInventory": -134813000, "changeToOperatingActivities": 59156000, "totalCashFromOperatingActivities": 815818000, "capitalExpenditures": -223490000, "investments": -327065000, "otherCashflowsFromInvestingActivities": 48116000, "totalCashflowsFromInvestingActivities": -499917000, "dividendsPaid": -282443000, "netBorrowings": -77589000, "otherCashflowsFromFinancingActivities": -3986000, "totalCashFromFinancingActivities": -286429000, "changeInCash": 29472000}], "maxAge": 86400}, "institutionOwnership": {"maxAge": 1, "ownershipList": []}, "balanceSheetHistoryQuarterly": {"balanceSheetStatements": [{"maxAge": 1, "endDate": "2020-06-30", "totalStockholderEquity": 6514076000, "netTangibleAssets": 6424665000}, {"maxAge": 1, "endDate": "2020-03-31", "cash": 258834000, "netReceivables": 1520530000, "inventory": 1257143000, "otherCurrentAssets": 2463332000, "totalCurrentAssets": 6323893000, "propertyPlantEquipment": 2215986000, "goodWill": 89411000, "otherAssets": 805271000, "totalAssets": 9434561000, "accountsPayable": 1353702000, "otherCurrentLiab": 902078000, "otherLiab": 159467000, "totalCurrentLiabilities": 2521823000, "totalLiab": 2920485000, "commonStock": 230818000, "retainedEarnings": 6127762000, "treasuryStock": 155496000, "otherStockholderEquity": 155496000, "totalStockholderEquity": 6514076000, "netTangibleAssets": 6424665000}, {"maxAge": 1, "endDate": "2019-12-31", "totalStockholderEquity": 6257400000, "netTangibleAssets": 5795800000}, {"maxAge": 1, "endDate": "2019-09-30", "cash": 358100000, "shortTermInvestments": 123300000, "netReceivables": 1865400000, "inventory": 1803300000, "otherCurrentAssets": 713200000, "totalCurrentAssets": 4863300000, "propertyPlantEquipment": 3172100000, "goodWill": 402400000, "intangibleAssets": 59200000, "otherAssets": 769900000, "totalAssets": 9266900000, "accountsPayable": 1776900000, "otherCurrentLiab": 471400000, "otherLiab": 310100000, "totalCurrentLiabilities": 2419000000, "totalLiab": 3009500000, "commonStock": 230800000, "treasuryStock": 6026600000, "otherStockholderEquity": 6026600000, "totalStockholderEquity": 6257400000, "netTangibleAssets": 5795800000}], "maxAge": 86400}, "earningsHistory": {"history": [{"maxAge": 1, "epsActual": {}, "epsEstimate": {}, "epsDifference": {}, "surprisePercent": {}, "quarter": {}, "period": "-4q"}, {"maxAge": 1, "epsActual": {}, "epsEstimate": {}, "epsDifference": {}, "surprisePercent": {}, "quarter": {}, "period": "-3q"}, {"maxAge": 1, "epsActual": {}, "epsEstimate": {}, "epsDifference": {}, "surprisePercent": {}, "quarter": {}, "period": "-2q"}, {"maxAge": 1, "epsActual": {}, "epsEstimate": {}, "epsDifference": {}, "surprisePercent": {}, "quarter": {}, "period": "-1q"}], "maxAge": 86400}, "indexTrend": {"maxAge": 1, "symbol": "SP5", "peRatio": 19.7411, "pegRatio": 1.34172, "estimates": [{"period": "0q", "growth": 0.549}, {"period": "+1q", "growth": 0.431}, {"period": "0y", "growth": 0.305}, {"period": "+1y", "growth": 0.109}, {"period": "+5y", "growth": 0.120865}, {"period": "-5y"}]}, "industryTrend": {"maxAge": 1, "symbol": null, "estimates": []}, "insiderTransactions": {"transactions": [{"maxAge": 1, "shares": 3055000, "filerUrl": "", "transactionText": "", "filerName": "EBITO Chemiebetteiligungen A G", "filerRelation": "Promoter", "moneyText": "", "startDate": "2016-12-16", "ownership": "D"}], "maxAge": 1}, "quoteType": {"exchange": "BSE", "quoteType": "EQUITY", "symbol": "CLNINDIA.BO", "underlyingSymbol": "CLNINDIA.BO", "shortName": "CLARIANT CHEMICALS (INDIA) LTD", "longName": "Clariant Chemicals (India) Limited", "firstTradeDateEpochUtc": "2000-01-03 09:15:00", "timeZoneFullName": "Asia/Kolkata", "timeZoneShortName": "IST", "uuid": "d260ff1e-b9aa-322b-b61e-a9c7220e06be", "messageBoardId": null, "gmtOffSetMilliseconds": 19800000, "maxAge": 1}, "incomeStatementHistory": {"incomeStatementHistory": [{"maxAge": 1, "endDate": "2020-03-31", "totalRevenue": 7572785000, "costOfRevenue": 4914895000, "grossProfit": 2657890000, "researchDevelopment": {}, "sellingGeneralAdministrative": 625679000, "nonRecurring": {}, "otherOperatingExpenses": 1325091000, "totalOperatingExpenses": 7263650000, "operatingIncome": 309135000, "totalOtherIncomeExpenseNet": 33769000, "ebit": 309135000, "interestExpense": -38340000, "incomeBeforeTax": 342904000, "incomeTaxExpense": 157349000, "minorityInterest": {}, "netIncomeFromContinuingOps": 185555000, "discontinuedOperations": 321496000, "extraordinaryItems": {}, "effectOfAccountingCharges": {}, "otherItems": {}, "netIncome": 507051000, "netIncomeApplicableToCommonShares": 507051000}, {"maxAge": 1, "endDate": "2019-03-31", "totalRevenue": 7187500000, "costOfRevenue": 4698595000, "grossProfit": 2488905000, "researchDevelopment": {}, "sellingGeneralAdministrative": 704810000, "nonRecurring": {}, "otherOperatingExpenses": 1315720000, "totalOperatingExpenses": 7014161000, "operatingIncome": 173339000, "totalOtherIncomeExpenseNet": 46574000, "ebit": 173339000, "interestExpense": -6234000, "incomeBeforeTax": 219913000, "incomeTaxExpense": 104648000, "minorityInterest": {}, "netIncomeFromContinuingOps": 115265000, "discontinuedOperations": 70300000, "extraordinaryItems": {}, "effectOfAccountingCharges": {}, "otherItems": {}, "netIncome": 185565000, "netIncomeApplicableToCommonShares": 185565000}, {"maxAge": 1, "endDate": "2018-03-31", "totalRevenue": 10135531000, "costOfRevenue": 6867949000, "grossProfit": 3267582000, "researchDevelopment": {}, "sellingGeneralAdministrative": 1019653000, "nonRecurring": {}, "otherOperatingExpenses": 1733192000, "totalOperatingExpenses": 9998017000, "operatingIncome": 137514000, "totalOtherIncomeExpenseNet": 196626000, "ebit": 137514000, "interestExpense": -5976000, "incomeBeforeTax": 334140000, "incomeTaxExpense": 118133000, "minorityInterest": {}, "netIncomeFromContinuingOps": 216007000, "discontinuedOperations": 70300000, "extraordinaryItems": {}, "effectOfAccountingCharges": {}, "otherItems": {}, "netIncome": 216007000, "netIncomeApplicableToCommonShares": 216007000}, {"maxAge": 1, "endDate": "2017-03-31", "totalRevenue": 9809833000, "costOfRevenue": 6372550000, "grossProfit": 3437283000, "researchDevelopment": {}, "sellingGeneralAdministrative": 1015420000, "nonRecurring": {}, "otherOperatingExpenses": 1704404000, "totalOperatingExpenses": 9485366000, "operatingIncome": 324467000, "totalOtherIncomeExpenseNet": 38410000, "ebit": 324467000, "interestExpense": -4628000, "incomeBeforeTax": 362877000, "incomeTaxExpense": 118073000, "minorityInterest": {}, "netIncomeFromContinuingOps": 244804000, "discontinuedOperations": 70300000, "extraordinaryItems": {}, "effectOfAccountingCharges": {}, "otherItems": {}, "netIncome": 244804000, "netIncomeApplicableToCommonShares": 244804000}], "maxAge": 86400}, "fundOwnership": {"maxAge": 1, "ownershipList": []}, "summaryDetail": {"maxAge": 1, "priceHint": 2, "previousClose": 438.65, "open": 435.0, "dayLow": 431.1, "dayHigh": 445.0, "regularMarketPreviousClose": 438.65, "regularMarketOpen": 435.0, "regularMarketDayLow": 431.1, "regularMarketDayHigh": 445.0, "trailingPE": 23.219624, "volume": 17668, "regularMarketVolume": 17668, "averageVolume": 15403, "averageVolume10days": 55227, "averageDailyVolume10Day": 55227, "bid": 0.0, "ask": 437.0, "bidSize": 0, "askSize": 0, "marketCap": 10039429120, "fiftyTwoWeekLow": 192.0, "fiftyTwoWeekHigh": 608.0, "fiftyDayAverage": 375.88144, "twoHundredDayAverage": 355.04562, "trailingAnnualDividendRate": 11.0, "trailingAnnualDividendYield": 0.02507694, "currency": "INR", "fromCurrency": null, "toCurrency": null, "lastMarket": null, "algorithm": null, "tradeable": false}, "sectorTrend": {"maxAge": 1, "symbol": null, "estimates": []}, "incomeStatementHistoryQuarterly": {"incomeStatementHistory": [{"maxAge": 1, "endDate": "2020-06-30", "totalRevenue": 1289900000, "costOfRevenue": 757400000, "grossProfit": 532500000, "researchDevelopment": {}, "sellingGeneralAdministrative": 149500000, "nonRecurring": {}, "otherOperatingExpenses": 239700000, "totalOperatingExpenses": 1241600000, "operatingIncome": 48300000, "totalOtherIncomeExpenseNet": -7500000, "ebit": 48300000, "interestExpense": -7500000, "incomeBeforeTax": 40800000, "incomeTaxExpense": 14000000, "minorityInterest": {}, "netIncomeFromContinuingOps": 26800000, "discontinuedOperations": 11000000, "extraordinaryItems": {}, "effectOfAccountingCharges": {}, "otherItems": {}, "netIncome": 37800000, "netIncomeApplicableToCommonShares": 37800000}, {"maxAge": 1, "endDate": "2020-03-31", "totalRevenue": 1694785000, "costOfRevenue": 1255895000, "grossProfit": 438890000, "researchDevelopment": {}, "sellingGeneralAdministrative": 133779000, "nonRecurring": {}, "otherOperatingExpenses": 253735000, "totalOperatingExpenses": 1748194000, "operatingIncome": -53409000, "totalOtherIncomeExpenseNet": 160113000, "ebit": -53409000, "interestExpense": -8740000, "incomeBeforeTax": 106704000, "incomeTaxExpense": 102249000, "minorityInterest": {}, "netIncomeFromContinuingOps": 4455000, "discontinuedOperations": 149196000, "extraordinaryItems": {}, "effectOfAccountingCharges": {}, "otherItems": {}, "netIncome": 153651000, "netIncomeApplicableToCommonShares": 153651000}, {"maxAge": 1, "endDate": "2019-12-31", "totalRevenue": 1883300000, "costOfRevenue": 1270200000, "grossProfit": 613100000, "researchDevelopment": {}, "sellingGeneralAdministrative": 156000000, "nonRecurring": {}, "otherOperatingExpenses": 365518000, "totalOperatingExpenses": 1891818000, "operatingIncome": -8518000, "totalOtherIncomeExpenseNet": -22882000, "ebit": -8518000, "interestExpense": -9300000, "incomeBeforeTax": -31400000, "incomeTaxExpense": -63900000, "minorityInterest": {}, "netIncomeFromContinuingOps": 32500000, "discontinuedOperations": 75200000, "extraordinaryItems": {}, "effectOfAccountingCharges": {}, "otherItems": {}, "netIncome": 107700000, "netIncomeApplicableToCommonShares": 107700000}, {"maxAge": 1, "endDate": "2019-09-30", "totalRevenue": 2721300000, "costOfRevenue": 1679900000, "grossProfit": 1041400000, "researchDevelopment": {}, "sellingGeneralAdministrative": 261300000, "nonRecurring": {}, "otherOperatingExpenses": 361338000, "totalOperatingExpenses": 2417738000, "operatingIncome": 303562000, "totalOtherIncomeExpenseNet": -92962000, "ebit": 303562000, "interestExpense": -9800000, "incomeBeforeTax": 210600000, "incomeTaxExpense": 77200000, "minorityInterest": {}, "netIncomeFromContinuingOps": 133400000, "discontinuedOperations": 75200000, "extraordinaryItems": {}, "effectOfAccountingCharges": {}, "otherItems": {}, "netIncome": 133400000, "netIncomeApplicableToCommonShares": 133400000}], "maxAge": 86400}, "cashflowStatementHistoryQuarterly": {"cashflowStatements": [{"maxAge": 1, "endDate": "2020-06-30", "netIncome": 37800000, "changeToLiabilities": 0}, {"maxAge": 1, "endDate": "2020-03-31", "netIncome": 153651000, "changeToLiabilities": 0}, {"maxAge": 1, "endDate": "2019-12-31", "netIncome": 107700000, "changeToLiabilities": 0}, {"maxAge": 1, "endDate": "2019-09-30", "netIncome": 133400000, "changeToLiabilities": 0}], "maxAge": 86400}, "insiderHolders": {"holders": [{"maxAge": 1, "name": "EBITO Chemiebetteiligungen A G", "relation": "Promoter", "url": "", "transactionDescription": "Sale", "latestTransDate": "2016-12-16", "positionDirect": 4109426, "positionDirectDate": "2016-12-16"}], "maxAge": 1}, "earnings": {"maxAge": 86400, "earningsChart": {"quarterly": [], "earningsDate": []}, "financialsChart": {"yearly": [{"date": 2017, "revenue": 9809833000, "earnings": 244804000}, {"date": 2018, "revenue": 10135531000, "earnings": 216007000}, {"date": 2019, "revenue": 7187500000, "earnings": 185565000}, {"date": 2020, "revenue": 7572785000, "earnings": 507051000}], "quarterly": [{"date": "3Q2019", "revenue": 2721300000, "earnings": 133400000}, {"date": "4Q2019", "revenue": 1883300000, "earnings": 107700000}, {"date": "1Q2020", "revenue": 1694785000, "earnings": 153651000}, {"date": "2Q2020", "revenue": 1289900000, "earnings": 37800000}]}, "financialCurrency": "INR"}, "calendarEvents": {"maxAge": 1, "earnings": {"earningsDate": []}}, "price": {"maxAge": 1, "regularMarketChangePercent": -0.008434929, "regularMarketChange": -3.6999817, "regularMarketTime": "2021-04-30 15:58:17", "priceHint": 2, "regularMarketPrice": 434.95, "regularMarketDayHigh": 445.0, "regularMarketDayLow": 431.1, "regularMarketVolume": 17668, "averageDailyVolume10Day": 55227, "averageDailyVolume3Month": 15403, "regularMarketPreviousClose": 438.65, "regularMarketSource": "FREE_REALTIME", "regularMarketOpen": 435.0, "exchange": "BSE", "exchangeName": "BSE", "exchangeDataDelayedBy": 0, "marketState": "CLOSED", "quoteType": "EQUITY", "symbol": "CLNINDIA.BO", "underlyingSymbol": null, "shortName": "CLARIANT CHEMICALS (INDIA) LTD", "longName": "Clariant Chemicals (India) Limited", "currency": "INR", "quoteSourceName": "Delayed Quote", "currencySymbol": "\u20b9", "fromCurrency": null, "toCurrency": null, "lastMarket": null, "marketCap": 10039429120}, "balanceSheetHistory": {"balanceSheetStatements": [{"maxAge": 1, "endDate": "2020-03-31", "cash": 258834000, "netReceivables": 1520530000, "inventory": 1257143000, "otherCurrentAssets": 2463332000, "totalCurrentAssets": 6323893000, "propertyPlantEquipment": 2215986000, "goodWill": 89411000, "otherAssets": 805271000, "totalAssets": 9434561000, "accountsPayable": 1353702000, "otherCurrentLiab": 902078000, "otherLiab": 159467000, "totalCurrentLiabilities": 2521823000, "totalLiab": 2920485000, "commonStock": 230818000, "retainedEarnings": 6127762000, "treasuryStock": 155496000, "otherStockholderEquity": 155496000, "totalStockholderEquity": 6514076000, "netTangibleAssets": 6424665000}, {"maxAge": 1, "endDate": "2019-03-31", "cash": 281351000, "netReceivables": 1889432000, "inventory": 1835048000, "otherCurrentAssets": 618702000, "totalCurrentAssets": 4758184000, "propertyPlantEquipment": 2837831000, "goodWill": 402365000, "intangibleAssets": 65815000, "otherAssets": 880988000, "totalAssets": 8945183000, "accountsPayable": 1891999000, "otherCurrentLiab": 343522000, "otherLiab": 282746000, "totalCurrentLiabilities": 2498168000, "totalLiab": 2780914000, "commonStock": 230818000, "retainedEarnings": 5787167000, "treasuryStock": 146284000, "otherStockholderEquity": 146284000, "totalStockholderEquity": 6164269000, "netTangibleAssets": 5696089000}, {"maxAge": 1, "endDate": "2018-03-31", "cash": 201411000, "shortTermInvestments": 16281000, "netReceivables": 1854860000, "inventory": 1679862000, "otherCurrentAssets": 528119000, "totalCurrentAssets": 4704128000, "propertyPlantEquipment": 2855114000, "goodWill": 402365000, "intangibleAssets": 78980000, "otherAssets": 885274000, "totalAssets": 8925861000, "accountsPayable": 1835335000, "otherCurrentLiab": 293184000, "otherLiab": 331014000, "totalCurrentLiabilities": 2348762000, "totalLiab": 2679776000, "commonStock": 230818000, "retainedEarnings": 5879638000, "treasuryStock": 135629000, "otherStockholderEquity": 135629000, "totalStockholderEquity": 6246085000, "netTangibleAssets": 5764740000}, {"maxAge": 1, "endDate": "2017-03-31", "cash": 242887000, "shortTermInvestments": 269000, "netReceivables": 1866513000, "inventory": 1556100000, "otherCurrentAssets": 292806000, "totalCurrentAssets": 5097371000, "propertyPlantEquipment": 3033668000, "goodWill": 402365000, "intangibleAssets": 94147000, "otherAssets": 704487000, "totalAssets": 9332038000, "accountsPayable": 1682495000, "otherCurrentLiab": 295022000, "otherLiab": 269993000, "totalCurrentLiabilities": 2332808000, "totalLiab": 2602801000, "commonStock": 230818000, "retainedEarnings": 6363593000, "treasuryStock": 134826000, "otherStockholderEquity": 134826000, "totalStockholderEquity": 6729237000, "netTangibleAssets": 6232725000}], "maxAge": 86400}, "earningsTrend": {"trend": [{"maxAge": 1, "period": "0q", "endDate": null, "growth": {}, "earningsEstimate": {"avg": 0.0, "low": 0.0, "high": 0.0, "yearAgoEps": {}, "numberOfAnalysts": 0, "growth": {}}, "revenueEstimate": {"avg": 0, "low": 0, "high": 0, "numberOfAnalysts": 0, "yearAgoRevenue": {}, "growth": {}}, "epsTrend": {"current": 0.0, "7daysAgo": 0.0, "30daysAgo": 0.0, "60daysAgo": 0.0, "90daysAgo": 0.0}, "epsRevisions": {"upLast7days": 0, "upLast30days": 0, "downLast30days": 0, "downLast90days": {}}}, {"maxAge": 1, "period": "+1q", "endDate": null, "growth": {}, "earningsEstimate": {"avg": 0.0, "low": 0.0, "high": 0.0, "yearAgoEps": {}, "numberOfAnalysts": 0, "growth": {}}, "revenueEstimate": {"avg": 0, "low": 0, "high": 0, "numberOfAnalysts": 0, "yearAgoRevenue": {}, "growth": {}}, "epsTrend": {"current": 0.0, "7daysAgo": 0.0, "30daysAgo": 0.0, "60daysAgo": 0.0, "90daysAgo": 0.0}, "epsRevisions": {"upLast7days": 0, "upLast30days": 0, "downLast30days": 0, "downLast90days": {}}}, {"maxAge": 1, "period": "0y", "endDate": null, "growth": {}, "earningsEstimate": {"avg": 0.0, "low": 0.0, "high": 0.0, "yearAgoEps": {}, "numberOfAnalysts": 0, "growth": {}}, "revenueEstimate": {"avg": 0, "low": 0, "high": 0, "numberOfAnalysts": 0, "yearAgoRevenue": {}, "growth": {}}, "epsTrend": {"current": 0.0, "7daysAgo": 0.0, "30daysAgo": 0.0, "60daysAgo": 0.0, "90daysAgo": 0.0}, "epsRevisions": {"upLast7days": 0, "upLast30days": 0, "downLast30days": 0, "downLast90days": {}}}, {"maxAge": 1, "period": "+1y", "endDate": null, "growth": {}, "earningsEstimate": {"avg": 0.0, "low": 0.0, "high": 0.0, "yearAgoEps": {}, "numberOfAnalysts": 0, "growth": {}}, "revenueEstimate": {"avg": 0, "low": 0, "high": 0, "numberOfAnalysts": 0, "yearAgoRevenue": {}, "growth": {}}, "epsTrend": {"current": 0.0, "7daysAgo": 0.0, "30daysAgo": 0.0, "60daysAgo": 0.0, "90daysAgo": 0.0}, "epsRevisions": {"upLast7days": 0, "upLast30days": 0, "downLast30days": 0, "downLast90days": {}}}, {"maxAge": 1, "period": "+5y", "endDate": null, "growth": 0.131, "earningsEstimate": {"avg": {}, "low": {}, "high": {}, "yearAgoEps": {}, "numberOfAnalysts": {}, "growth": {}}, "revenueEstimate": {"avg": {}, "low": {}, "high": {}, "numberOfAnalysts": {}, "yearAgoRevenue": {}, "growth": {}}, "epsTrend": {"current": {}, "7daysAgo": {}, "30daysAgo": {}, "60daysAgo": {}, "90daysAgo": {}}, "epsRevisions": {"upLast7days": {}, "upLast30days": {}, "downLast30days": {}, "downLast90days": {}}}, {"maxAge": 1, "period": "-5y", "endDate": null, "growth": {}, "earningsEstimate": {"avg": {}, "low": {}, "high": {}, "yearAgoEps": {}, "numberOfAnalysts": {}, "growth": {}}, "revenueEstimate": {"avg": {}, "low": {}, "high": {}, "numberOfAnalysts": {}, "yearAgoRevenue": {}, "growth": {}}, "epsTrend": {"current": {}, "7daysAgo": {}, "30daysAgo": {}, "60daysAgo": {}, "90daysAgo": {}}, "epsRevisions": {"upLast7days": {}, "upLast30days": {}, "downLast30days": {}, "downLast90days": {}}}], "maxAge": 1}, "financialData": {"maxAge": 86400, "currentPrice": 434.95, "targetHighPrice": 450.0, "targetLowPrice": 450.0, "targetMeanPrice": 450.0, "targetMedianPrice": 450.0, "recommendationKey": "none", "numberOfAnalystOpinions": 1, "grossProfits": 2657890000, "financialCurrency": "INR"}}}