{"CMI.BO": {"recommendationTrend": {"trend": [{"period": "0m", "strongBuy": 0, "buy": 0, "hold": 0, "sell": 0, "strongSell": 0}, {"period": "-1m", "strongBuy": 0, "buy": 0, "hold": 0, "sell": 0, "strongSell": 0}, {"period": "-2m", "strongBuy": 0, "buy": 0, "hold": 0, "sell": 0, "strongSell": 0}, {"period": "-3m", "strongBuy": 0, "buy": 0, "hold": 0, "sell": 0, "strongSell": 0}], "maxAge": 86400}, "cashflowStatementHistory": {"cashflowStatements": [{"maxAge": 1, "endDate": "2020-03-31", "netIncome": 37012000, "depreciation": 116691000, "changeToNetincome": 433527000, "changeToAccountReceivables": 423768000, "changeToLiabilities": -95341000, "changeToInventory": -259475000, "changeToOperatingActivities": -61012000, "totalCashFromOperatingActivities": 597185000, "capitalExpenditures": -206084000, "investments": 2000, "otherCashflowsFromInvestingActivities": -17385000, "totalCashflowsFromInvestingActivities": -229509000, "dividendsPaid": -15027000, "netBorrowings": -85296000, "otherCashflowsFromFinancingActivities": -403175000, "totalCashFromFinancingActivities": -503498000, "changeInCash": -135822000}, {"maxAge": 1, "endDate": "2019-03-31", "netIncome": 449413000, "depreciation": 111281000, "changeToNetincome": 273996000, "changeToAccountReceivables": -469951000, "changeToLiabilities": 131144000, "changeToInventory": -341651000, "changeToOperatingActivities": -190215000, "totalCashFromOperatingActivities": -24680000, "capitalExpenditures": -162644000, "investments": 2502000, "otherCashflowsFromInvestingActivities": 40250000, "totalCashflowsFromInvestingActivities": -134190000, "dividendsPaid": -15027000, "netBorrowings": 651757000, "otherCashflowsFromFinancingActivities": -340525000, "totalCashFromFinancingActivities": 296205000, "changeInCash": 137335000}, {"maxAge": 1, "endDate": "2018-03-31", "netIncome": 258498000, "depreciation": 95131000, "changeToNetincome": 288150000, "changeToAccountReceivables": -661407000, "changeToLiabilities": -56930000, "changeToInventory": -271222000, "changeToOperatingActivities": -21189000, "totalCashFromOperatingActivities": -242531000, "capitalExpenditures": -64419000, "investments": -2494000, "otherCashflowsFromInvestingActivities": -41315000, "totalCashflowsFromInvestingActivities": -109751000, "dividendsPaid": -15028000, "netBorrowings": 593700000, "otherCashflowsFromFinancingActivities": -292639000, "totalCashFromFinancingActivities": 361033000, "changeInCash": 8751000, "issuanceOfStock": 75000000}, {"maxAge": 1, "endDate": "2017-03-31", "netIncome": 300697000, "depreciation": 91488000, "changeToNetincome": 1002000, "changeToAccountReceivables": -952940000, "changeToLiabilities": 757895000, "changeToInventory": -553117000, "changeToOperatingActivities": 13450000, "totalCashFromOperatingActivities": -221350000, "capitalExpenditures": -52965000, "investments": -3000, "otherCashflowsFromInvestingActivities": 25196000, "totalCashflowsFromInvestingActivities": -32348000, "dividendsPaid": -15028000, "netBorrowings": 416256000, "otherCashflowsFromFinancingActivities": -206560000, "totalCashFromFinancingActivities": 243296000, "changeInCash": -10402000, "issuanceOfStock": 33600000}], "maxAge": 86400}, "institutionOwnership": {"ownershipList": [], "maxAge": 1}, "balanceSheetHistoryQuarterly": {"balanceSheetStatements": [{"maxAge": 1, "endDate": "2020-06-30", "totalStockholderEquity": 3140671000, "netTangibleAssets": 3138267000}, {"maxAge": 1, "endDate": "2020-03-31", "cash": 15773000, "netReceivables": 2393102000, "inventory": 1876775000, "otherCurrentAssets": 663303000, "totalCurrentAssets": 4964540000, "longTermInvestments": 2000, "propertyPlantEquipment": 1672697000, "intangibleAssets": 2404000, "otherAssets": 353375000, "deferredLongTermAssetCharges": 130423000, "totalAssets": 6993018000, "accountsPayable": 833084000, "shortLongTermDebt": 137509000, "otherCurrentLiab": 168486000, "longTermDebt": 592159000, "otherLiab": 9226000, "totalCurrentLiabilities": 3229426000, "totalLiab": 3852347000, "commonStock": 150274000, "retainedEarnings": 2448331000, "treasuryStock": 82461000, "capitalSurplus": 459605000, "otherStockholderEquity": 82461000, "totalStockholderEquity": 3140671000, "netTangibleAssets": 3138267000}, {"maxAge": 1, "endDate": "2019-12-31", "totalStockholderEquity": 3178010000, "netTangibleAssets": 3175574000}, {"maxAge": 1, "endDate": "2019-09-30", "cash": 36289000, "netReceivables": 2662076000, "inventory": 1594584000, "otherCurrentAssets": 606117000, "totalCurrentAssets": 4899066000, "longTermInvestments": 123384000, "propertyPlantEquipment": 1603731000, "intangibleAssets": 2436000, "otherAssets": 405474000, "deferredLongTermAssetCharges": 199220000, "totalAssets": 7034091000, "accountsPayable": 800943000, "otherCurrentLiab": 238564000, "longTermDebt": 693621000, "otherLiab": 8396000, "totalCurrentLiabilities": 3121272000, "totalLiab": 3856081000, "commonStock": 150274000, "treasuryStock": 3027736000, "otherStockholderEquity": 3027736000, "totalStockholderEquity": 3178010000, "netTangibleAssets": 3175574000}], "maxAge": 86400}, "earningsHistory": {"history": [{"maxAge": 1, "epsActual": {}, "epsEstimate": {}, "epsDifference": {}, "surprisePercent": {}, "quarter": {}, "period": "-4q"}, {"maxAge": 1, "epsActual": {}, "epsEstimate": {}, "epsDifference": {}, "surprisePercent": {}, "quarter": {}, "period": "-3q"}, {"maxAge": 1, "epsActual": {}, "epsEstimate": {}, "epsDifference": {}, "surprisePercent": {}, "quarter": {}, "period": "-2q"}, {"maxAge": 1, "epsActual": 4.51, "epsEstimate": 11.04, "epsDifference": -6.53, "surprisePercent": -0.59099996, "quarter": "2018-03-31", "period": "-1q"}], "maxAge": 86400}, "indexTrend": {"maxAge": 1, "symbol": "SP5", "peRatio": 19.7411, "pegRatio": 1.34172, "estimates": [{"period": "0q", "growth": 0.549}, {"period": "+1q", "growth": 0.431}, {"period": "0y", "growth": 0.305}, {"period": "+1y", "growth": 0.109}, {"period": "+5y", "growth": 0.120859005}, {"period": "-5y"}]}, "industryTrend": {"maxAge": 1, "symbol": null, "estimates": []}, "insiderTransactions": {"transactions": [{"maxAge": 1, "shares": 2107995, "filerUrl": "", "transactionText": "", "filerName": "Jain (Amit)", "filerRelation": "Executive Chairman", "moneyText": "", "startDate": "2020-03-25", "ownership": "D"}, {"maxAge": 1, "shares": 250000, "filerUrl": "", "transactionText": "", "filerName": "Jain (Himani)", "filerRelation": "UNREPORTED", "moneyText": "", "startDate": "2017-04-17", "ownership": "D"}, {"maxAge": 1, "shares": 700000, "filerUrl": "", "transactionText": "", "filerName": "Jain (Amit)", "filerRelation": "Chairman of the Board", "moneyText": "", "startDate": "2015-08-14", "ownership": "D"}, {"maxAge": 1, "shares": 2800000, "filerUrl": "", "transactionText": "", "filerName": "Jain (Amit)", "filerRelation": "Managing Director", "moneyText": "", "startDate": "2014-07-21", "ownership": "D"}, {"maxAge": 1, "shares": 600000, "filerUrl": "", "transactionText": "", "filerName": "Agarwal (Kusum)", "filerRelation": "UNREPORTED", "moneyText": "", "startDate": "2014-07-15", "ownership": "D"}, {"maxAge": 1, "shares": 500000, "filerUrl": "", "transactionText": "", "filerName": "Jain (Dhruv)", "filerRelation": "UNREPORTED", "moneyText": "", "startDate": "2014-07-15", "ownership": "D"}, {"maxAge": 1, "shares": 600000, "filerUrl": "", "transactionText": "", "filerName": "Gupta (Shashank)", "filerRelation": "UNREPORTED", "moneyText": "", "startDate": "2014-07-15", "ownership": "D"}, {"maxAge": 1, "shares": 600000, "filerUrl": "", "transactionText": "", "filerName": "Gupta (Shubham)", "filerRelation": "UNREPORTED", "moneyText": "", "startDate": "2014-07-15", "ownership": "D"}, {"maxAge": 1, "shares": 168324, "filerUrl": "", "transactionText": "", "filerName": "Jain (Amit)", "filerRelation": "Managing Director", "moneyText": "", "startDate": "2012-07-30", "ownership": "D"}, {"maxAge": 1, "shares": 160308, "filerUrl": "", "transactionText": "", "filerName": "Jain (Amit)", "filerRelation": "Managing Director", "moneyText": "", "startDate": "2012-01-16", "ownership": "D"}], "maxAge": 1}, "quoteType": {"exchange": "BSE", "quoteType": "EQUITY", "symbol": "CMI.BO", "underlyingSymbol": "CMI.BO", "shortName": "CMI LTD.", "longName": "CMI Limited", "firstTradeDateEpochUtc": "2000-10-04 09:15:00", "timeZoneFullName": "Asia/Kolkata", "timeZoneShortName": "IST", "uuid": "dc6ee8bb-4b02-3eba-b477-87ae162288da", "gmtOffSetMilliseconds": 19800000, "maxAge": 1}, "incomeStatementHistory": {"incomeStatementHistory": [{"maxAge": 1, "endDate": "2020-03-31", "totalRevenue": 4982948000, "costOfRevenue": 3915668000, "grossProfit": 1067280000, "researchDevelopment": {}, "sellingGeneralAdministrative": 222193000, "nonRecurring": {}, "otherOperatingExpenses": 244909000, "totalOperatingExpenses": 4499548000, "operatingIncome": 483400000, "totalOtherIncomeExpenseNet": -380114000, "ebit": 483400000, "interestExpense": -377197000, "incomeBeforeTax": 103286000, "incomeTaxExpense": 66274000, "minorityInterest": {}, "netIncomeFromContinuingOps": 37012000, "discontinuedOperations": {}, "extraordinaryItems": {}, "effectOfAccountingCharges": {}, "otherItems": {}, "netIncome": 37012000, "netIncomeApplicableToCommonShares": 37012000}, {"maxAge": 1, "endDate": "2019-03-31", "totalRevenue": 6372985000, "costOfRevenue": 5007824000, "grossProfit": 1365161000, "researchDevelopment": {}, "sellingGeneralAdministrative": 216382000, "nonRecurring": {}, "otherOperatingExpenses": 297927000, "totalOperatingExpenses": 5640328000, "operatingIncome": 732657000, "totalOtherIncomeExpenseNet": -318273000, "ebit": 732657000, "interestExpense": -295837000, "incomeBeforeTax": 414384000, "incomeTaxExpense": -35029000, "minorityInterest": {}, "netIncomeFromContinuingOps": 449413000, "discontinuedOperations": {}, "extraordinaryItems": {}, "effectOfAccountingCharges": {}, "otherItems": {}, "netIncome": 449413000, "netIncomeApplicableToCommonShares": 449413000}, {"maxAge": 1, "endDate": "2018-03-31", "totalRevenue": 5600599000, "costOfRevenue": 4342035000, "grossProfit": 1258564000, "researchDevelopment": {}, "sellingGeneralAdministrative": 166880000, "nonRecurring": {}, "otherOperatingExpenses": 322195000, "totalOperatingExpenses": 4935933000, "operatingIncome": 664666000, "totalOtherIncomeExpenseNet": -270417000, "ebit": 664666000, "interestExpense": -257495000, "incomeBeforeTax": 394249000, "incomeTaxExpense": 135751000, "minorityInterest": {}, "netIncomeFromContinuingOps": 258498000, "discontinuedOperations": {}, "extraordinaryItems": {}, "effectOfAccountingCharges": {}, "otherItems": {}, "netIncome": 258498000, "netIncomeApplicableToCommonShares": 258498000}, {"maxAge": 1, "endDate": "2017-03-31", "totalRevenue": 3778740000, "costOfRevenue": 2911924000, "grossProfit": 866816000, "researchDevelopment": {}, "sellingGeneralAdministrative": 124055000, "nonRecurring": {}, "otherOperatingExpenses": 253754000, "totalOperatingExpenses": 3391065000, "operatingIncome": 387675000, "totalOtherIncomeExpenseNet": -161351000, "ebit": 387675000, "interestExpense": -184787000, "incomeBeforeTax": 226324000, "incomeTaxExpense": -74373000, "minorityInterest": {}, "netIncomeFromContinuingOps": 300697000, "discontinuedOperations": {}, "extraordinaryItems": {}, "effectOfAccountingCharges": {}, "otherItems": {}, "netIncome": 300697000, "netIncomeApplicableToCommonShares": 300697000}], "maxAge": 86400}, "fundOwnership": {"ownershipList": [{"maxAge": 1, "reportDate": "2020-05-31", "organization": "GMO Emerging Domestic Opportunities Fund", "pctHeld": 0.0418, "position": 635448, "value": 14106945}, {"maxAge": 1, "reportDate": "2020-05-31", "organization": "GMO Emerging Markets Fund", "pctHeld": 0.0007, "position": 10727, "value": 238139}], "maxAge": 1}, "summaryDetail": {"maxAge": 1, "priceHint": 2, "previousClose": 44.0, "open": 44.0, "dayLow": 42.35, "dayHigh": 44.7, "regularMarketPreviousClose": 44.0, "regularMarketOpen": 44.0, "regularMarketDayLow": 42.35, "regularMarketDayHigh": 44.7, "volume": 6401, "regularMarketVolume": 6401, "averageVolume": 10549, "averageVolume10days": 2615, "averageDailyVolume10Day": 2615, "bid": 42.35, "ask": 43.45, "marketCap": 643928384, "fiftyTwoWeekLow": 19.5, "fiftyTwoWeekHigh": 49.9, "fiftyDayAverage": 40.145454, "twoHundredDayAverage": 36.746323, "trailingAnnualDividendRate": 0.5, "trailingAnnualDividendYield": 0.011363637, "currency": "INR", "fromCurrency": null, "lastMarket": null, "algorithm": null, "tradeable": false}, "sectorTrend": {"maxAge": 1, "symbol": null, "estimates": []}, "incomeStatementHistoryQuarterly": {"incomeStatementHistory": [{"maxAge": 1, "endDate": "2020-06-30", "totalRevenue": 216837000, "costOfRevenue": 175837000, "grossProfit": 41000000, "researchDevelopment": {}, "sellingGeneralAdministrative": 35568000, "nonRecurring": {}, "otherOperatingExpenses": 27844000, "totalOperatingExpenses": 269070000, "operatingIncome": -52233000, "totalOtherIncomeExpenseNet": -112187000, "ebit": -52233000, "interestExpense": -111900000, "incomeBeforeTax": -164420000, "incomeTaxExpense": -41446000, "minorityInterest": {}, "netIncomeFromContinuingOps": -122974000, "discontinuedOperations": {}, "extraordinaryItems": {}, "effectOfAccountingCharges": {}, "otherItems": {}, "netIncome": -122974000, "netIncomeApplicableToCommonShares": -122974000}, {"maxAge": 1, "endDate": "2020-03-31", "totalRevenue": 1164953000, "costOfRevenue": 957321000, "grossProfit": 207632000, "researchDevelopment": {}, "sellingGeneralAdministrative": 51599000, "nonRecurring": {}, "otherOperatingExpenses": 36861000, "totalOperatingExpenses": 1075409000, "operatingIncome": 89544000, "totalOtherIncomeExpenseNet": -72016000, "ebit": 89544000, "interestExpense": -69655000, "incomeBeforeTax": 17528000, "incomeTaxExpense": 38667000, "minorityInterest": {}, "netIncomeFromContinuingOps": -21139000, "discontinuedOperations": {}, "extraordinaryItems": {}, "effectOfAccountingCharges": {}, "otherItems": {}, "netIncome": -21139000, "netIncomeApplicableToCommonShares": -21139000}, {"maxAge": 1, "endDate": "2019-12-31", "totalRevenue": 1106552000, "costOfRevenue": 835742000, "grossProfit": 270810000, "researchDevelopment": {}, "sellingGeneralAdministrative": 56539000, "nonRecurring": {}, "otherOperatingExpenses": 56943000, "totalOperatingExpenses": 978429000, "operatingIncome": 128123000, "totalOtherIncomeExpenseNet": -105619000, "ebit": 128123000, "interestExpense": -105626000, "incomeBeforeTax": 22504000, "incomeTaxExpense": 8211000, "minorityInterest": {}, "netIncomeFromContinuingOps": 14293000, "discontinuedOperations": {}, "extraordinaryItems": {}, "effectOfAccountingCharges": {}, "otherItems": {}, "netIncome": 14293000, "netIncomeApplicableToCommonShares": 14293000}, {"maxAge": 1, "endDate": "2019-09-30", "totalRevenue": 1238447000, "costOfRevenue": 954761000, "grossProfit": 283686000, "researchDevelopment": {}, "sellingGeneralAdministrative": 56466000, "nonRecurring": {}, "otherOperatingExpenses": 77217000, "totalOperatingExpenses": 1117441000, "operatingIncome": 121006000, "totalOtherIncomeExpenseNet": -106115000, "ebit": 121006000, "interestExpense": -105777000, "incomeBeforeTax": 14891000, "incomeTaxExpense": 3972000, "minorityInterest": {}, "netIncomeFromContinuingOps": 10919000, "discontinuedOperations": {}, "extraordinaryItems": {}, "effectOfAccountingCharges": {}, "otherItems": {}, "netIncome": 10919000, "netIncomeApplicableToCommonShares": 10919000}], "maxAge": 86400}, "cashflowStatementHistoryQuarterly": {"cashflowStatements": [{"maxAge": 1, "endDate": "2020-06-30", "netIncome": -122974000, "changeToLiabilities": 0}, {"maxAge": 1, "endDate": "2020-03-31", "netIncome": -21139000, "changeToLiabilities": 0}, {"maxAge": 1, "endDate": "2019-12-31", "netIncome": 14293000, "changeToLiabilities": 0}, {"maxAge": 1, "endDate": "2019-09-30", "netIncome": 10919000, "changeToLiabilities": 0}], "maxAge": 86400}, "insiderHolders": {"holders": [{"maxAge": 1, "name": "Agarwal (Kusum)", "relation": "UNREPORTED", "url": "", "transactionDescription": "Other", "latestTransDate": "2014-07-15", "positionDirect": 600000, "positionDirectDate": "2014-07-15"}, {"maxAge": 1, "name": "Gupta (Shashank)", "relation": "UNREPORTED", "url": "", "transactionDescription": "Other", "latestTransDate": "2014-07-15", "positionDirect": 600000, "positionDirectDate": "2014-07-15"}, {"maxAge": 1, "name": "Gupta (Shubham)", "relation": "UNREPORTED", "url": "", "transactionDescription": "Other", "latestTransDate": "2014-07-15", "positionDirect": 600000, "positionDirectDate": "2014-07-15"}, {"maxAge": 1, "name": "Jain (Amit)", "relation": "Executive Chairman", "url": "", "transactionDescription": "Acquisition", "latestTransDate": "2020-03-25", "positionDirect": 5132995, "positionDirectDate": "2020-03-25"}, {"maxAge": 1, "name": "Jain (Dhruv)", "relation": "UNREPORTED", "url": "", "transactionDescription": "Other", "latestTransDate": "2014-07-15", "positionDirect": 500000, "positionDirectDate": "2014-07-15"}, {"maxAge": 1, "name": "Jain (Himani)", "relation": "UNREPORTED", "url": "", "transactionDescription": "Other", "latestTransDate": "2017-04-17", "positionDirect": 250000, "positionDirectDate": "2017-04-17"}], "maxAge": 1}, "earnings": {"maxAge": 86400, "earningsChart": {"quarterly": [{"date": "1Q2018", "actual": 4.51, "estimate": 11.04}], "currentQuarterEstimateDate": "2Q", "currentQuarterEstimateYear": 2018, "earningsDate": ["2020-09-15 05:30:S"]}, "financialsChart": {"yearly": [{"date": 2017, "revenue": 3778740000, "earnings": 300697000}, {"date": 2018, "revenue": 5600599000, "earnings": 258498000}, {"date": 2019, "revenue": 6372985000, "earnings": 449413000}, {"date": 2020, "revenue": 4982948000, "earnings": 37012000}], "quarterly": [{"date": "3Q2019", "revenue": 1238447000, "earnings": 10919000}, {"date": "4Q2019", "revenue": 1106552000, "earnings": 14293000}, {"date": "1Q2020", "revenue": 1164953000, "earnings": -21139000}, {"date": "2Q2020", "revenue": 216837000, "earnings": -122974000}]}, "financialCurrency": "INR"}, "calendarEvents": {"maxAge": 1, "earnings": {"earningsDate": ["2020-09-15 05:30:S"], "revenueAverage": 1300220000}}, "upgradeDowngradeHistory": {"history": [], "maxAge": 86400}, "price": {"maxAge": 1, "regularMarketChangePercent": -0.026136398, "regularMarketChange": -1.1500015, "regularMarketTime": "2021-04-30 15:29:49", "priceHint": 2, "regularMarketPrice": 42.85, "regularMarketDayHigh": 44.7, "regularMarketDayLow": 42.35, "regularMarketVolume": 6401, "averageDailyVolume10Day": 2615, "averageDailyVolume3Month": 10549, "regularMarketPreviousClose": 44.0, "regularMarketSource": "FREE_REALTIME", "regularMarketOpen": 44.0, "exchange": "BSE", "exchangeName": "BSE", "exchangeDataDelayedBy": 0, "marketState": "CLOSED", "quoteType": "EQUITY", "symbol": "CMI.BO", "underlyingSymbol": null, "shortName": "CMI LTD.", "longName": "CMI Limited", "currency": "INR", "quoteSourceName": "Delayed Quote", "currencySymbol": "\u20b9", "fromCurrency": null, "lastMarket": null, "marketCap": 643928384}, "balanceSheetHistory": {"balanceSheetStatements": [{"maxAge": 1, "endDate": "2020-03-31", "cash": 15773000, "netReceivables": 2393102000, "inventory": 1876775000, "otherCurrentAssets": 663303000, "totalCurrentAssets": 4964540000, "longTermInvestments": 2000, "propertyPlantEquipment": 1672697000, "intangibleAssets": 2404000, "otherAssets": 353375000, "deferredLongTermAssetCharges": 130423000, "totalAssets": 6993018000, "accountsPayable": 833084000, "shortLongTermDebt": 137509000, "otherCurrentLiab": 168486000, "longTermDebt": 592159000, "otherLiab": 9226000, "totalCurrentLiabilities": 3229426000, "totalLiab": 3852347000, "commonStock": 150274000, "retainedEarnings": 2448331000, "treasuryStock": 82461000, "capitalSurplus": 459605000, "otherStockholderEquity": 82461000, "totalStockholderEquity": 3140671000, "netTangibleAssets": 3138267000}, {"maxAge": 1, "endDate": "2019-03-31", "cash": 151595000, "netReceivables": 2838056000, "inventory": 1617299000, "otherCurrentAssets": 532954000, "totalCurrentAssets": 5152184000, "longTermInvestments": 4000, "propertyPlantEquipment": 1590824000, "intangibleAssets": 2491000, "otherAssets": 419705000, "deferredLongTermAssetCharges": 207818000, "totalAssets": 7165208000, "accountsPayable": 1033043000, "shortLongTermDebt": 68228000, "otherCurrentLiab": 148525000, "longTermDebt": 538331000, "otherLiab": 8297000, "totalCurrentLiabilities": 3484427000, "totalLiab": 4031055000, "commonStock": 150274000, "retainedEarnings": 2441812000, "treasuryStock": 82462000, "capitalSurplus": 459605000, "otherStockholderEquity": 82462000, "totalStockholderEquity": 3134153000, "netTangibleAssets": 3131662000}, {"maxAge": 1, "endDate": "2018-03-31", "cash": 14258000, "netReceivables": 2276148000, "inventory": 1275649000, "otherCurrentAssets": 462049000, "totalCurrentAssets": 4035062000, "longTermInvestments": 2506000, "propertyPlantEquipment": 1541802000, "intangibleAssets": 9405000, "otherAssets": 343087000, "deferredLongTermAssetCharges": 160112000, "totalAssets": 5931862000, "accountsPayable": 909171000, "shortLongTermDebt": 73728000, "otherCurrentLiab": 415522000, "longTermDebt": 446918000, "otherLiab": 6684000, "totalCurrentLiabilities": 3096438000, "totalLiab": 3550040000, "commonStock": 150274000, "retainedEarnings": -1577491000, "treasuryStock": 3349434000, "capitalSurplus": 459605000, "otherStockholderEquity": 3349434000, "totalStockholderEquity": 2381822000, "netTangibleAssets": 2372417000}, {"maxAge": 1, "endDate": "2017-03-31", "cash": 5507000, "netReceivables": 1614648000, "inventory": 1004427000, "otherCurrentAssets": 445429000, "totalCurrentAssets": 3071897000, "longTermInvestments": 11000, "propertyPlantEquipment": 1572016000, "intangibleAssets": 19096000, "otherAssets": 303904000, "deferredLongTermAssetCharges": 181008000, "totalAssets": 4966924000, "accountsPayable": 1021782000, "shortLongTermDebt": 74226000, "otherCurrentLiab": 268367000, "longTermDebt": 515187000, "otherLiab": 11075000, "totalCurrentLiabilities": 2374019000, "totalLiab": 2900281000, "commonStock": 147774000, "retainedEarnings": 1449297000, "treasuryStock": 82467000, "capitalSurplus": 387105000, "otherStockholderEquity": 82467000, "totalStockholderEquity": 2066643000, "netTangibleAssets": 2047547000}], "maxAge": 86400}, "earningsTrend": {"trend": [{"maxAge": 1, "period": "0q", "endDate": "2018-06-30", "growth": {}, "earningsEstimate": {"avg": 0.0, "low": 0.0, "high": 0.0, "yearAgoEps": {}, "numberOfAnalysts": 0, "growth": {}}, "revenueEstimate": {"avg": 1300220000, "low": 0, "high": 0, "numberOfAnalysts": 0, "yearAgoRevenue": 1442790000, "growth": -0.099}, "epsTrend": {"current": 0.0, "7daysAgo": 0.0, "30daysAgo": 0.0, "60daysAgo": 0.0, "90daysAgo": 0.0}, "epsRevisions": {"upLast7days": 0, "upLast30days": 0, "downLast30days": 0, "downLast90days": {}}}, {"maxAge": 1, "period": "+1q", "endDate": "2018-09-30", "growth": {}, "earningsEstimate": {"avg": 0.0, "low": 0.0, "high": 0.0, "yearAgoEps": {}, "numberOfAnalysts": 0, "growth": {}}, "revenueEstimate": {"avg": 1505480000, "low": 0, "high": 0, "numberOfAnalysts": 0, "yearAgoRevenue": 2698920000, "growth": -0.442}, "epsTrend": {"current": 0.0, "7daysAgo": 0.0, "30daysAgo": 0.0, "60daysAgo": 0.0, "90daysAgo": 0.0}, "epsRevisions": {"upLast7days": 0, "upLast30days": 0, "downLast30days": 0, "downLast90days": {}}}, {"maxAge": 1, "period": "0y", "endDate": "2019-03-31", "growth": {}, "earningsEstimate": {"avg": 0.0, "low": 0.0, "high": 0.0, "yearAgoEps": {}, "numberOfAnalysts": 0, "growth": {}}, "revenueEstimate": {"avg": 6362000000, "low": 6362000000, "high": 6362000000, "numberOfAnalysts": 1, "yearAgoRevenue": 5600600000, "growth": 0.136}, "epsTrend": {"current": 0.0, "7daysAgo": 23.4, "30daysAgo": 23.4, "60daysAgo": 23.4, "90daysAgo": 23.4}, "epsRevisions": {"upLast7days": 0, "upLast30days": 0, "downLast30days": 0, "downLast90days": {}}}, {"maxAge": 1, "period": "+1y", "endDate": "2020-03-31", "growth": {}, "earningsEstimate": {"avg": 0.0, "low": 0.0, "high": 0.0, "yearAgoEps": {}, "numberOfAnalysts": 0, "growth": {}}, "revenueEstimate": {"avg": 7862000000, "low": 7862000000, "high": 7862000000, "numberOfAnalysts": 1, "yearAgoRevenue": 6362000000, "growth": 0.236}, "epsTrend": {"current": 0.0, "7daysAgo": 32.8, "30daysAgo": 32.8, "60daysAgo": 32.8, "90daysAgo": 32.8}, "epsRevisions": {"upLast7days": 0, "upLast30days": 0, "downLast30days": 0, "downLast90days": {}}}, {"maxAge": 1, "period": "+5y", "endDate": null, "growth": {}, "earningsEstimate": {"avg": {}, "low": {}, "high": {}, "yearAgoEps": {}, "numberOfAnalysts": {}, "growth": {}}, "revenueEstimate": {"avg": {}, "low": {}, "high": {}, "numberOfAnalysts": {}, "yearAgoRevenue": {}, "growth": {}}, "epsTrend": {"current": {}, "7daysAgo": {}, "30daysAgo": {}, "60daysAgo": {}, "90daysAgo": {}}, "epsRevisions": {"upLast7days": {}, "upLast30days": {}, "downLast30days": {}, "downLast90days": {}}}, {"maxAge": 1, "period": "-5y", "endDate": null, "growth": {}, "earningsEstimate": {"avg": {}, "low": {}, "high": {}, "yearAgoEps": {}, "numberOfAnalysts": {}, "growth": {}}, "revenueEstimate": {"avg": {}, "low": {}, "high": {}, "numberOfAnalysts": {}, "yearAgoRevenue": {}, "growth": {}}, "epsTrend": {"current": {}, "7daysAgo": {}, "30daysAgo": {}, "60daysAgo": {}, "90daysAgo": {}}, "epsRevisions": {"upLast7days": {}, "upLast30days": {}, "downLast30days": {}, "downLast90days": {}}}], "maxAge": 1}, "financialData": {"maxAge": 86400, "currentPrice": 42.85, "targetHighPrice": 263.0, "targetLowPrice": 263.0, "targetMeanPrice": 263.0, "targetMedianPrice": 263.0, "recommendationKey": "none", "numberOfAnalystOpinions": 1, "grossProfits": 1067280000, "financialCurrency": "INR"}}}