{"CMICABLES.NS": {"assetProfile": {"address1": "New Delhi House", "address2": "5th Floor Flat No. 501- 503 27 Barakhamba Road", "city": "New Delhi", "zip": "110001", "country": "India", "phone": "91 11 4957 0000", "fax": "91 11 2373 9902", "website": "http://www.cmilimited.in", "industry": "Electrical Equipment & Parts", "sector": "Industrials", "longBusinessSummary": "CMI Limited engages in the business of manufacture of wires and cables worldwide. The company offers various type of cables, such as quad, railway signalling, fire survival, fire retardant low smoke zero halogen, flexible multi-core copper shielded abrasion resistant thermoplastic polyurethanes sheathed, polythene insulated jelly filled telecom, fire alarm, communication, ethylene propylene rubber, composite, trailing, welding, submersible, chloro-sulfonated polyethylene, polychloroprene, silicon, instrumentation and control, solar, aerial bunch, low voltage, high voltage, extra high voltage, and low, high, and extra high voltage power cables. It also provides flexible and building wires; and bare conductors. CMI Limited serves various industries, including railways, oil and gas, space research, nuclear and solar power, defense, cement, mining, infrastructure, steel, telecommunications, mobility, energy, industrial, power, petrochemicals, etc. The company was formerly known as Choudhari Metal Industries Pvt Ltd. CMI Limited was founded in 1967 and is based in New Delhi, India.", "fullTimeEmployees": 167, "companyOfficers": [{"maxAge": 1, "name": "Mr. Amit  Jain", "age": 47, "title": "Chairman, MD & CEO", "yearBorn": 1973, "fiscalYear": 2020, "totalPay": 11796000, "exercisedValue": 0, "unexercisedValue": 0}, {"maxAge": 1, "name": "Mr. Subodh Kumar Barnwal", "title": "Company Sec. & Compliance Officer", "fiscalYear": 2020, "totalPay": 966708, "exercisedValue": 0, "unexercisedValue": 0}, {"maxAge": 1, "name": "Mr. Vijay Kumar Gupta", "age": 71, "title": "Director of Marketing", "yearBorn": 1949, "fiscalYear": 2020, "totalPay": 1440000, "exercisedValue": 0, "unexercisedValue": 0}, {"maxAge": 1, "name": "Mr. Munishvar  Gaur", "title": "Group Pres", "exercisedValue": 0, "unexercisedValue": 0}, {"maxAge": 1, "name": "Rishi  Ganeriwala", "title": "Deputy Gen. Mang. of Technical", "exercisedValue": 0, "unexercisedValue": 0}, {"maxAge": 1, "name": "Mohit  Madan", "title": "Deputy Gen. Mang. of Marketing & Sales", "exercisedValue": 0, "unexercisedValue": 0}, {"maxAge": 1, "name": "Ajit Pal Rana", "title": "Assistant Gen. Mang. of HR", "exercisedValue": 0, "unexercisedValue": 0}, {"maxAge": 1, "name": "Mr. V. K. Maheshwari Dip in Engg.", "title": "Pres of Works - Faridabad", "exercisedValue": 0, "unexercisedValue": 0}], "compensationAsOfEpochDate": "2020-12-31 05:30:00", "maxAge": 86400}, "cashflowStatementHistory": {"cashflowStatements": [{"maxAge": 1, "endDate": "2020-03-31", "netIncome": 37012000, "depreciation": 116691000, "changeToNetincome": 433527000, "changeToAccountReceivables": 423768000, "changeToLiabilities": -95341000, "changeToInventory": -259475000, "changeToOperatingActivities": -61012000, "totalCashFromOperatingActivities": 597185000, "capitalExpenditures": -206084000, "investments": 2000, "otherCashflowsFromInvestingActivities": -17385000, "totalCashflowsFromInvestingActivities": -229509000, "dividendsPaid": -15027000, "netBorrowings": -85296000, "otherCashflowsFromFinancingActivities": -403175000, "totalCashFromFinancingActivities": -503498000, "changeInCash": -135822000}, {"maxAge": 1, "endDate": "2019-03-31", "netIncome": 449413000, "depreciation": 111281000, "changeToNetincome": 273996000, "changeToAccountReceivables": -469951000, "changeToLiabilities": 131144000, "changeToInventory": -341651000, "changeToOperatingActivities": -190215000, "totalCashFromOperatingActivities": -24680000, "capitalExpenditures": -162644000, "investments": 2502000, "otherCashflowsFromInvestingActivities": 40250000, "totalCashflowsFromInvestingActivities": -134190000, "dividendsPaid": -15027000, "netBorrowings": 651757000, "otherCashflowsFromFinancingActivities": -340525000, "totalCashFromFinancingActivities": 296205000, "changeInCash": 137335000}, {"maxAge": 1, "endDate": "2018-03-31", "netIncome": 258498000, "depreciation": 95131000, "changeToNetincome": 288150000, "changeToAccountReceivables": -661407000, "changeToLiabilities": -56930000, "changeToInventory": -271222000, "changeToOperatingActivities": -21189000, "totalCashFromOperatingActivities": -242531000, "capitalExpenditures": -64419000, "investments": -2494000, "otherCashflowsFromInvestingActivities": -41315000, "totalCashflowsFromInvestingActivities": -109751000, "dividendsPaid": -15028000, "netBorrowings": 593700000, "otherCashflowsFromFinancingActivities": -292639000, "totalCashFromFinancingActivities": 361033000, "changeInCash": 8751000, "issuanceOfStock": 75000000}, {"maxAge": 1, "endDate": "2017-03-31", "netIncome": 300697000, "depreciation": 91488000, "changeToNetincome": 1002000, "changeToAccountReceivables": -952940000, "changeToLiabilities": 757895000, "changeToInventory": -553117000, "changeToOperatingActivities": 13450000, "totalCashFromOperatingActivities": -221350000, "capitalExpenditures": -52965000, "investments": -3000, "otherCashflowsFromInvestingActivities": 25196000, "totalCashflowsFromInvestingActivities": -32348000, "dividendsPaid": -15028000, "netBorrowings": 416256000, "otherCashflowsFromFinancingActivities": -206560000, "totalCashFromFinancingActivities": 243296000, "changeInCash": -10402000, "issuanceOfStock": 33600000}], "maxAge": 86400}, "institutionOwnership": {"maxAge": 1, "ownershipList": []}, "majorHoldersBreakdown": {"maxAge": 1, "insidersPercentHeld": 0.53551, "institutionsPercentHeld": 0.047849998, "institutionsFloatPercentHeld": 0.10301, "institutionsCount": 3}, "balanceSheetHistoryQuarterly": {"balanceSheetStatements": [{"maxAge": 1, "endDate": "2020-12-31", "totalStockholderEquity": 2862498000, "netTangibleAssets": 2860137000}, {"maxAge": 1, "endDate": "2020-09-30", "cash": 104741000, "netReceivables": 2292873000, "inventory": 1733410000, "otherCurrentAssets": 694738000, "totalCurrentAssets": 4825762000, "longTermInvestments": 10025000, "propertyPlantEquipment": 1598861000, "intangibleAssets": 2361000, "otherAssets": 420577000, "deferredLongTermAssetCharges": 224123000, "totalAssets": 6857586000, "accountsPayable": 572907000, "otherCurrentLiab": 409832000, "longTermDebt": 641865000, "otherLiab": 10039000, "totalCurrentLiabilities": 3329613000, "totalLiab": 3995088000, "commonStock": 150274000, "treasuryStock": 2712224000, "otherStockholderEquity": 2712224000, "totalStockholderEquity": 2862498000, "netTangibleAssets": 2860137000}, {"maxAge": 1, "endDate": "2020-06-30", "totalStockholderEquity": 3140671000, "netTangibleAssets": 3138267000}, {"maxAge": 1, "endDate": "2020-03-31", "cash": 15773000, "netReceivables": 2393102000, "inventory": 1876775000, "otherCurrentAssets": 663303000, "totalCurrentAssets": 4964540000, "longTermInvestments": 2000, "propertyPlantEquipment": 1672697000, "intangibleAssets": 2404000, "otherAssets": 353375000, "deferredLongTermAssetCharges": 130423000, "totalAssets": 6993018000, "accountsPayable": 833084000, "shortLongTermDebt": 137509000, "otherCurrentLiab": 168486000, "longTermDebt": 592159000, "otherLiab": 9226000, "totalCurrentLiabilities": 3229426000, "totalLiab": 3852347000, "commonStock": 150274000, "retainedEarnings": 2448331000, "treasuryStock": 82461000, "capitalSurplus": 459605000, "otherStockholderEquity": 82461000, "totalStockholderEquity": 3140671000, "netTangibleAssets": 3138267000}], "maxAge": 86400}, "indexTrend": {"maxAge": 1, "symbol": "SP5", "peRatio": 19.7411, "pegRatio": 1.34172, "estimates": [{"period": "0q", "growth": 0.549}, {"period": "+1q", "growth": 0.431}, {"period": "0y", "growth": 0.305}, {"period": "+1y", "growth": 0.109}, {"period": "+5y", "growth": 0.120865}, {"period": "-5y"}]}, "defaultKeyStatistics": {"maxAge": 1, "priceHint": 2, "enterpriseValue": 3554204928, "profitMargins": -0.16500999, "floatShares": 5952376, "sharesOutstanding": 16027500, "heldPercentInsiders": 0.53551, "heldPercentInstitutions": 0.047849998, "beta": 1.26359, "category": null, "bookValue": 190.528, "priceToBook": 0.22595103, "fundFamily": null, "legalType": null, "lastFiscalYearEnd": "2020-03-31 05:30:00", "nextFiscalYearEnd": "2022-03-31 05:30:00", "mostRecentQuarter": "2020-12-31 05:30:00", "netIncomeToCommon": -412756992, "trailingEps": -27.468, "lastSplitFactor": null, "enterpriseToRevenue": 1.421, "enterpriseToEbitda": -180.099, "52WeekChange": 0.701581, "SandP52WeekChange": 0.48148263, "lastDividendValue": 0.5, "lastDividendDate": 1600646400}, "summaryProfile": {"address1": "New Delhi House", "address2": "5th Floor Flat No. 501- 503 27 Barakhamba Road", "city": "New Delhi", "zip": "110001", "country": "India", "phone": "91 11 4957 0000", "fax": "91 11 2373 9902", "website": "http://www.cmilimited.in", "industry": "Electrical Equipment & Parts", "sector": "Industrials", "longBusinessSummary": "CMI Limited engages in the business of manufacture of wires and cables worldwide. The company offers various type of cables, such as quad, railway signalling, fire survival, fire retardant low smoke zero halogen, flexible multi-core copper shielded abrasion resistant thermoplastic polyurethanes sheathed, polythene insulated jelly filled telecom, fire alarm, communication, ethylene propylene rubber, composite, trailing, welding, submersible, chloro-sulfonated polyethylene, polychloroprene, silicon, instrumentation and control, solar, aerial bunch, low voltage, high voltage, extra high voltage, and low, high, and extra high voltage power cables. It also provides flexible and building wires; and bare conductors. CMI Limited serves various industries, including railways, oil and gas, space research, nuclear and solar power, defense, cement, mining, infrastructure, steel, telecommunications, mobility, energy, industrial, power, petrochemicals, etc. The company was formerly known as Choudhari Metal Industries Pvt Ltd. CMI Limited was founded in 1967 and is based in New Delhi, India.", "fullTimeEmployees": 167, "companyOfficers": [], "maxAge": 86400}, "netSharePurchaseActivity": {"maxAge": 1, "period": "6m", "buyInfoCount": 0, "buyInfoShares": 0, "sellInfoCount": 0, "netInfoCount": 0, "netInfoShares": 0, "netPercentInsiderShares": 0.0, "totalInsiderShares": 8047353}, "insiderTransactions": {"transactions": [{"maxAge": 1, "shares": 1000000, "filerUrl": "", "transactionText": "", "filerName": "Ananthakrishnan (M V S)", "filerRelation": "UNREPORTED", "moneyText": "", "startDate": "2021-03-16", "ownership": "D"}, {"maxAge": 1, "shares": 2107995, "filerUrl": "", "transactionText": "", "filerName": "Jain (Amit)", "filerRelation": "Executive Chairman", "moneyText": "", "startDate": "2020-03-25", "ownership": "D"}, {"maxAge": 1, "shares": 250000, "filerUrl": "", "transactionText": "", "filerName": "Jain (Himani)", "filerRelation": "UNREPORTED", "moneyText": "", "startDate": "2017-04-17", "ownership": "D"}, {"maxAge": 1, "shares": 700000, "filerUrl": "", "transactionText": "", "filerName": "Jain (Amit)", "filerRelation": "Chairman of the Board", "moneyText": "", "startDate": "2015-08-14", "ownership": "D"}, {"maxAge": 1, "shares": 2800000, "filerUrl": "", "transactionText": "", "filerName": "Jain (Amit)", "filerRelation": "Managing Director", "moneyText": "", "startDate": "2014-07-21", "ownership": "D"}, {"maxAge": 1, "shares": 600000, "filerUrl": "", "transactionText": "", "filerName": "Gupta (Shubham)", "filerRelation": "UNREPORTED", "moneyText": "", "startDate": "2014-07-15", "ownership": "D"}, {"maxAge": 1, "shares": 600000, "filerUrl": "", "transactionText": "", "filerName": "Gupta (Shashank)", "filerRelation": "UNREPORTED", "moneyText": "", "startDate": "2014-07-15", "ownership": "D"}, {"maxAge": 1, "shares": 500000, "filerUrl": "", "transactionText": "", "filerName": "Jain (Dhruv)", "filerRelation": "UNREPORTED", "moneyText": "", "startDate": "2014-07-15", "ownership": "D"}, {"maxAge": 1, "shares": 600000, "filerUrl": "", "transactionText": "", "filerName": "Agarwal (Kusum)", "filerRelation": "UNREPORTED", "moneyText": "", "startDate": "2014-07-15", "ownership": "D"}, {"maxAge": 1, "shares": 168324, "filerUrl": "", "transactionText": "", "filerName": "Jain (Amit)", "filerRelation": "Managing Director", "moneyText": "", "startDate": "2012-07-30", "ownership": "D"}, {"maxAge": 1, "shares": 160308, "filerUrl": "", "transactionText": "", "filerName": "Jain (Amit)", "filerRelation": "Managing Director", "moneyText": "", "startDate": "2012-01-16", "ownership": "D"}], "maxAge": 1}, "quoteType": {"exchange": "NSI", "quoteType": "EQUITY", "symbol": "CMICABLES.NS", "underlyingSymbol": "CMICABLES.NS", "shortName": "CMI", "longName": "CMI Limited", "firstTradeDateEpochUtc": "2016-11-29 09:15:00", "timeZoneFullName": "Asia/Kolkata", "timeZoneShortName": "IST", "uuid": "d5dd4406-c3f2-3197-97c0-f041142a9ecb", "messageBoardId": "finmb_20878476", "gmtOffSetMilliseconds": 19800000, "maxAge": 1}, "incomeStatementHistory": {"incomeStatementHistory": [{"maxAge": 1, "endDate": "2020-03-31", "totalRevenue": 4982948000, "costOfRevenue": 3915668000, "grossProfit": 1067280000, "researchDevelopment": {}, "sellingGeneralAdministrative": 222193000, "nonRecurring": {}, "otherOperatingExpenses": 244909000, "totalOperatingExpenses": 4499548000, "operatingIncome": 483400000, "totalOtherIncomeExpenseNet": -380114000, "ebit": 483400000, "interestExpense": -377197000, "incomeBeforeTax": 103286000, "incomeTaxExpense": 66274000, "minorityInterest": {}, "netIncomeFromContinuingOps": 37012000, "discontinuedOperations": {}, "extraordinaryItems": {}, "effectOfAccountingCharges": {}, "otherItems": {}, "netIncome": 37012000, "netIncomeApplicableToCommonShares": 37012000}, {"maxAge": 1, "endDate": "2019-03-31", "totalRevenue": 6372985000, "costOfRevenue": 5007824000, "grossProfit": 1365161000, "researchDevelopment": {}, "sellingGeneralAdministrative": 216382000, "nonRecurring": {}, "otherOperatingExpenses": 297927000, "totalOperatingExpenses": 5640328000, "operatingIncome": 732657000, "totalOtherIncomeExpenseNet": -318273000, "ebit": 732657000, "interestExpense": -295837000, "incomeBeforeTax": 414384000, "incomeTaxExpense": -35029000, "minorityInterest": {}, "netIncomeFromContinuingOps": 449413000, "discontinuedOperations": {}, "extraordinaryItems": {}, "effectOfAccountingCharges": {}, "otherItems": {}, "netIncome": 449413000, "netIncomeApplicableToCommonShares": 449413000}, {"maxAge": 1, "endDate": "2018-03-31", "totalRevenue": 5600599000, "costOfRevenue": 4342035000, "grossProfit": 1258564000, "researchDevelopment": {}, "sellingGeneralAdministrative": 166880000, "nonRecurring": {}, "otherOperatingExpenses": 322195000, "totalOperatingExpenses": 4935933000, "operatingIncome": 664666000, "totalOtherIncomeExpenseNet": -270417000, "ebit": 664666000, "interestExpense": -257495000, "incomeBeforeTax": 394249000, "incomeTaxExpense": 135751000, "minorityInterest": {}, "netIncomeFromContinuingOps": 258498000, "discontinuedOperations": {}, "extraordinaryItems": {}, "effectOfAccountingCharges": {}, "otherItems": {}, "netIncome": 258498000, "netIncomeApplicableToCommonShares": 258498000}, {"maxAge": 1, "endDate": "2017-03-31", "totalRevenue": 3778740000, "costOfRevenue": 2911924000, "grossProfit": 866816000, "researchDevelopment": {}, "sellingGeneralAdministrative": 124055000, "nonRecurring": {}, "otherOperatingExpenses": 253754000, "totalOperatingExpenses": 3391065000, "operatingIncome": 387675000, "totalOtherIncomeExpenseNet": -161351000, "ebit": 387675000, "interestExpense": -184787000, "incomeBeforeTax": 226324000, "incomeTaxExpense": -74373000, "minorityInterest": {}, "netIncomeFromContinuingOps": 300697000, "discontinuedOperations": {}, "extraordinaryItems": {}, "effectOfAccountingCharges": {}, "otherItems": {}, "netIncome": 300697000, "netIncomeApplicableToCommonShares": 300697000}], "maxAge": 86400}, "fundOwnership": {"maxAge": 1, "ownershipList": []}, "summaryDetail": {"maxAge": 1, "priceHint": 2, "previousClose": 43.85, "open": 44.4, "dayLow": 42.65, "dayHigh": 44.85, "regularMarketPreviousClose": 43.85, "regularMarketOpen": 44.4, "regularMarketDayLow": 42.65, "regularMarketDayHigh": 44.85, "exDividendDate": "2020-09-21 05:30:00", "payoutRatio": 0.0, "beta": 1.26359, "volume": 25743, "regularMarketVolume": 25743, "averageVolume": 59435, "averageVolume10days": 23772, "averageDailyVolume10Day": 23772, "bid": 0.0, "ask": 43.05, "bidSize": 0, "askSize": 0, "marketCap": 692342976, "fiftyTwoWeekLow": 20.7, "fiftyTwoWeekHigh": 68.4, "priceToSalesTrailing12Months": 0.27678773, "fiftyDayAverage": 46.066177, "twoHundredDayAverage": 41.40176, "trailingAnnualDividendRate": 0.5, "trailingAnnualDividendYield": 0.011402509, "currency": "INR", "fromCurrency": null, "toCurrency": null, "lastMarket": null, "algorithm": null, "tradeable": false}, "incomeStatementHistoryQuarterly": {"incomeStatementHistory": [{"maxAge": 1, "endDate": "2020-12-31", "totalRevenue": 637205000, "costOfRevenue": 585846000, "grossProfit": 51359000, "researchDevelopment": {}, "sellingGeneralAdministrative": 29838000, "nonRecurring": {}, "otherOperatingExpenses": 37221000, "totalOperatingExpenses": 682854000, "operatingIncome": -45649000, "totalOtherIncomeExpenseNet": -106041000, "ebit": -45649000, "interestExpense": -105858000, "incomeBeforeTax": -151690000, "incomeTaxExpense": -38244000, "minorityInterest": {}, "netIncomeFromContinuingOps": -113446000, "discontinuedOperations": {}, "extraordinaryItems": {}, "effectOfAccountingCharges": {}, "otherItems": {}, "netIncome": -113446000, "netIncomeApplicableToCommonShares": -113446000}, {"maxAge": 1, "endDate": "2020-09-30", "totalRevenue": 482356000, "costOfRevenue": 490717000, "grossProfit": -8361000, "researchDevelopment": {}, "sellingGeneralAdministrative": 38922000, "nonRecurring": {}, "otherOperatingExpenses": 34068000, "totalOperatingExpenses": 593048000, "operatingIncome": -110692000, "totalOtherIncomeExpenseNet": -96760000, "ebit": -110692000, "interestExpense": -97297000, "incomeBeforeTax": -207452000, "incomeTaxExpense": -52254000, "minorityInterest": {}, "netIncomeFromContinuingOps": -155198000, "discontinuedOperations": {}, "extraordinaryItems": {}, "effectOfAccountingCharges": {}, "otherItems": {}, "netIncome": -155198000, "netIncomeApplicableToCommonShares": -155198000}, {"maxAge": 1, "endDate": "2020-06-30", "totalRevenue": 216837000, "costOfRevenue": 175837000, "grossProfit": 41000000, "researchDevelopment": {}, "sellingGeneralAdministrative": 35568000, "nonRecurring": {}, "otherOperatingExpenses": 27844000, "totalOperatingExpenses": 269070000, "operatingIncome": -52233000, "totalOtherIncomeExpenseNet": -112187000, "ebit": -52233000, "interestExpense": -111900000, "incomeBeforeTax": -164420000, "incomeTaxExpense": -41446000, "minorityInterest": {}, "netIncomeFromContinuingOps": -122974000, "discontinuedOperations": {}, "extraordinaryItems": {}, "effectOfAccountingCharges": {}, "otherItems": {}, "netIncome": -122974000, "netIncomeApplicableToCommonShares": -122974000}, {"maxAge": 1, "endDate": "2020-03-31", "totalRevenue": 1164953000, "costOfRevenue": 957321000, "grossProfit": 207632000, "researchDevelopment": {}, "sellingGeneralAdministrative": 51599000, "nonRecurring": {}, "otherOperatingExpenses": 36861000, "totalOperatingExpenses": 1075409000, "operatingIncome": 89544000, "totalOtherIncomeExpenseNet": -72016000, "ebit": 89544000, "interestExpense": -69655000, "incomeBeforeTax": 17528000, "incomeTaxExpense": 38667000, "minorityInterest": {}, "netIncomeFromContinuingOps": -21139000, "discontinuedOperations": {}, "extraordinaryItems": {}, "effectOfAccountingCharges": {}, "otherItems": {}, "netIncome": -21139000, "netIncomeApplicableToCommonShares": -21139000}], "maxAge": 86400}, "cashflowStatementHistoryQuarterly": {"cashflowStatements": [{"maxAge": 1, "endDate": "2020-12-31", "netIncome": -113446000, "changeToLiabilities": 0}, {"maxAge": 1, "endDate": "2020-09-30", "netIncome": -155198000, "changeToLiabilities": 0}, {"maxAge": 1, "endDate": "2020-06-30", "netIncome": -122974000, "changeToLiabilities": 0}, {"maxAge": 1, "endDate": "2020-03-31", "netIncome": -21139000, "changeToLiabilities": 0}], "maxAge": 86400}, "insiderHolders": {"holders": [{"maxAge": 1, "name": "Agarwal (Kusum)", "relation": "UNREPORTED", "url": "", "transactionDescription": "Other", "latestTransDate": "2014-07-15", "positionDirect": 600000, "positionDirectDate": "2014-07-15"}, {"maxAge": 1, "name": "Ananthakrishnan (M V S)", "relation": "UNREPORTED", "url": "", "transactionDescription": "Other", "latestTransDate": "2021-03-16", "positionDirect": 1000000, "positionDirectDate": "2021-03-16"}, {"maxAge": 1, "name": "Gupta (Shashank)", "relation": "UNREPORTED", "url": "", "transactionDescription": "Other", "latestTransDate": "2014-07-15", "positionDirect": 600000, "positionDirectDate": "2014-07-15"}, {"maxAge": 1, "name": "Gupta (Shubham)", "relation": "UNREPORTED", "url": "", "transactionDescription": "Other", "latestTransDate": "2014-07-15", "positionDirect": 600000, "positionDirectDate": "2014-07-15"}, {"maxAge": 1, "name": "Jain (Amit)", "relation": "Executive Chairman", "url": "", "transactionDescription": "Acquisition", "latestTransDate": "2020-03-25", "positionDirect": 5132995, "positionDirectDate": "2020-03-25"}, {"maxAge": 1, "name": "Jain (Dhruv)", "relation": "UNREPORTED", "url": "", "transactionDescription": "Other", "latestTransDate": "2014-07-15", "positionDirect": 500000, "positionDirectDate": "2014-07-15"}, {"maxAge": 1, "name": "Jain (Himani)", "relation": "UNREPORTED", "url": "", "transactionDescription": "Other", "latestTransDate": "2017-04-17", "positionDirect": 250000, "positionDirectDate": "2017-04-17"}], "maxAge": 1}, "calendarEvents": {"maxAge": 1, "earnings": {"earningsDate": []}, "exDividendDate": "2020-09-21 05:30:00"}, "price": {"maxAge": 1, "regularMarketChangePercent": -0.018243996, "regularMarketChange": -0.79999924, "regularMarketTime": "2021-04-30 15:28:28", "priceHint": 2, "regularMarketPrice": 43.05, "regularMarketDayHigh": 44.85, "regularMarketDayLow": 42.65, "regularMarketVolume": 25743, "averageDailyVolume10Day": 23772, "averageDailyVolume3Month": 59435, "regularMarketPreviousClose": 43.85, "regularMarketSource": "FREE_REALTIME", "regularMarketOpen": 44.4, "exchange": "NSI", "exchangeName": "NSE", "exchangeDataDelayedBy": 15, "marketState": "CLOSED", "quoteType": "EQUITY", "symbol": "CMICABLES.NS", "underlyingSymbol": null, "shortName": "CMI", "longName": "CMI Limited", "currency": "INR", "quoteSourceName": "Delayed Quote", "currencySymbol": "\u20b9", "fromCurrency": null, "toCurrency": null, "lastMarket": null, "marketCap": 692342976}, "balanceSheetHistory": {"balanceSheetStatements": [{"maxAge": 1, "endDate": "2020-03-31", "cash": 15773000, "netReceivables": 2393102000, "inventory": 1876775000, "otherCurrentAssets": 663303000, "totalCurrentAssets": 4964540000, "longTermInvestments": 2000, "propertyPlantEquipment": 1672697000, "intangibleAssets": 2404000, "otherAssets": 353375000, "deferredLongTermAssetCharges": 130423000, "totalAssets": 6993018000, "accountsPayable": 833084000, "shortLongTermDebt": 137509000, "otherCurrentLiab": 168486000, "longTermDebt": 592159000, "otherLiab": 9226000, "totalCurrentLiabilities": 3229426000, "totalLiab": 3852347000, "commonStock": 150274000, "retainedEarnings": 2448331000, "treasuryStock": 82461000, "capitalSurplus": 459605000, "otherStockholderEquity": 82461000, "totalStockholderEquity": 3140671000, "netTangibleAssets": 3138267000}, {"maxAge": 1, "endDate": "2019-03-31", "cash": 151595000, "netReceivables": 2838056000, "inventory": 1617299000, "otherCurrentAssets": 532954000, "totalCurrentAssets": 5152184000, "longTermInvestments": 4000, "propertyPlantEquipment": 1590824000, "intangibleAssets": 2491000, "otherAssets": 419705000, "deferredLongTermAssetCharges": 207818000, "totalAssets": 7165208000, "accountsPayable": 1033043000, "shortLongTermDebt": 68228000, "otherCurrentLiab": 148525000, "longTermDebt": 538331000, "otherLiab": 8297000, "totalCurrentLiabilities": 3484427000, "totalLiab": 4031055000, "commonStock": 150274000, "retainedEarnings": 2441812000, "treasuryStock": 82462000, "capitalSurplus": 459605000, "otherStockholderEquity": 82462000, "totalStockholderEquity": 3134153000, "netTangibleAssets": 3131662000}, {"maxAge": 1, "endDate": "2018-03-31", "cash": 14258000, "netReceivables": 2276148000, "inventory": 1275649000, "otherCurrentAssets": 462049000, "totalCurrentAssets": 4035062000, "longTermInvestments": 2506000, "propertyPlantEquipment": 1541802000, "intangibleAssets": 9405000, "otherAssets": 343087000, "deferredLongTermAssetCharges": 160112000, "totalAssets": 5931862000, "accountsPayable": 909171000, "shortLongTermDebt": 73728000, "otherCurrentLiab": 415522000, "longTermDebt": 446918000, "otherLiab": 6684000, "totalCurrentLiabilities": 3096438000, "totalLiab": 3550040000, "commonStock": 150274000, "retainedEarnings": -1577491000, "treasuryStock": 3349434000, "capitalSurplus": 459605000, "otherStockholderEquity": 3349434000, "totalStockholderEquity": 2381822000, "netTangibleAssets": 2372417000}, {"maxAge": 1, "endDate": "2017-03-31", "cash": 5507000, "netReceivables": 1614648000, "inventory": 1004427000, "otherCurrentAssets": 445429000, "totalCurrentAssets": 3071897000, "longTermInvestments": 11000, "propertyPlantEquipment": 1572016000, "intangibleAssets": 19096000, "otherAssets": 303904000, "deferredLongTermAssetCharges": 181008000, "totalAssets": 4966924000, "accountsPayable": 1021782000, "shortLongTermDebt": 74226000, "otherCurrentLiab": 268367000, "longTermDebt": 515187000, "otherLiab": 11075000, "totalCurrentLiabilities": 2374019000, "totalLiab": 2900281000, "commonStock": 147774000, "retainedEarnings": 1449297000, "treasuryStock": 82467000, "capitalSurplus": 387105000, "otherStockholderEquity": 82467000, "totalStockholderEquity": 2066643000, "netTangibleAssets": 2047547000}], "maxAge": 86400}, "financialData": {"maxAge": 86400, "currentPrice": 43.05, "recommendationKey": "none", "totalCash": 104741000, "totalCashPerShare": 6.97, "ebitda": -19734750, "totalDebt": 2999992064, "totalRevenue": 2501349888, "debtToEquity": 104.803, "revenuePerShare": 166.44, "grossProfits": 1067280000, "revenueGrowth": -0.424, "grossMargins": 0.11659, "ebitdaMargins": -0.00789, "operatingMargins": -0.04759, "profitMargins": -0.16500999, "financialCurrency": "INR"}}}