{"CNOVAPETRO.BO": {"cashflowStatementHistory": {"cashflowStatements": [{"maxAge": 1, "endDate": "2020-03-31", "netIncome": -30477000, "depreciation": 42448000, "changeToNetincome": 15550000, "changeToAccountReceivables": 40577000, "changeToLiabilities": -78512000, "changeToInventory": 60650000, "changeToOperatingActivities": 26113000, "totalCashFromOperatingActivities": 76349000, "capitalExpenditures": -15119000, "otherCashflowsFromInvestingActivities": 10112000, "totalCashflowsFromInvestingActivities": -5007000, "netBorrowings": -45844000, "otherCashflowsFromFinancingActivities": -25825000, "totalCashFromFinancingActivities": -71669000, "changeInCash": -327000}, {"maxAge": 1, "endDate": "2019-03-31", "netIncome": -12648000, "depreciation": 46520000, "changeToNetincome": 16039000, "changeToAccountReceivables": -32037000, "changeToLiabilities": 29838000, "changeToInventory": -64570000, "changeToOperatingActivities": -13096000, "totalCashFromOperatingActivities": -29954000, "capitalExpenditures": -7545000, "otherCashflowsFromInvestingActivities": 11317000, "totalCashflowsFromInvestingActivities": 6154000, "netBorrowings": 47858000, "otherCashflowsFromFinancingActivities": -26913000, "totalCashFromFinancingActivities": 20945000, "changeInCash": -2855000}, {"maxAge": 1, "endDate": "2018-03-31", "netIncome": 12659628, "depreciation": 51546964, "changeToNetincome": 14928010, "changeToAccountReceivables": 65596273, "changeToLiabilities": 42585468, "changeToInventory": -40619300, "changeToOperatingActivities": -19901289, "totalCashFromOperatingActivities": 126795754, "capitalExpenditures": -54000262, "otherCashflowsFromInvestingActivities": 20891627, "totalCashflowsFromInvestingActivities": -33036635, "netBorrowings": -52505639, "otherCashflowsFromFinancingActivities": -39237263, "totalCashFromFinancingActivities": -91742902, "changeInCash": 2016217}, {"maxAge": 1, "endDate": "2017-03-31", "netIncome": 49810579, "depreciation": 53866482, "changeToNetincome": 21402034, "changeToAccountReceivables": -78463067, "changeToLiabilities": 88225363, "changeToInventory": 1062310, "changeToOperatingActivities": -6897938, "totalCashFromOperatingActivities": 129005763, "capitalExpenditures": -174080140, "otherCashflowsFromInvestingActivities": -367928, "totalCashflowsFromInvestingActivities": -174433068, "netBorrowings": -126562605, "otherCashflowsFromFinancingActivities": -24435986, "totalCashFromFinancingActivities": 45476409, "changeInCash": 49104, "issuanceOfStock": 196475000}], "maxAge": 86400}, "institutionOwnership": {"maxAge": 1, "ownershipList": []}, "balanceSheetHistoryQuarterly": {"balanceSheetStatements": [{"maxAge": 1, "endDate": "2020-06-30", "totalStockholderEquity": 800811000, "netTangibleAssets": 800811000}, {"maxAge": 1, "endDate": "2020-03-31", "cash": 357000, "netReceivables": 361327000, "inventory": 209012000, "otherCurrentAssets": 45464000, "totalCurrentAssets": 619280000, "longTermInvestments": 6000, "propertyPlantEquipment": 874151000, "otherAssets": 17488000, "totalAssets": 1510925000, "accountsPayable": 326508000, "shortLongTermDebt": 397000, "otherCurrentLiab": 58217000, "longTermDebt": 650000, "otherLiab": 111829000, "totalCurrentLiabilities": 597635000, "totalLiab": 710114000, "commonStock": 271000000, "retainedEarnings": 299866000, "treasuryStock": 50000000, "capitalSurplus": 179945000, "otherStockholderEquity": 50000000, "totalStockholderEquity": 800811000, "netTangibleAssets": 800811000}, {"maxAge": 1, "endDate": "2019-12-31", "totalStockholderEquity": 812450000, "netTangibleAssets": 812450000}, {"maxAge": 1, "endDate": "2019-09-30", "cash": 17138000, "netReceivables": 404661000, "inventory": 260159000, "otherCurrentAssets": 53816000, "totalCurrentAssets": 735774000, "longTermInvestments": 10000, "propertyPlantEquipment": 886272000, "otherAssets": 17727000, "totalAssets": 1639783000, "accountsPayable": 408356000, "otherCurrentLiab": 80392000, "longTermDebt": 759000, "otherLiab": 107833000, "totalCurrentLiabilities": 718741000, "totalLiab": 827333000, "commonStock": 271000000, "treasuryStock": 541450000, "otherStockholderEquity": 541450000, "totalStockholderEquity": 812450000, "netTangibleAssets": 812450000}], "maxAge": 86400}, "indexTrend": {"maxAge": 1, "symbol": "SP5", "peRatio": 19.7411, "pegRatio": 1.34172, "estimates": [{"period": "0q", "growth": 0.549}, {"period": "+1q", "growth": 0.431}, {"period": "0y", "growth": 0.305}, {"period": "+1y", "growth": 0.109}, {"period": "+5y", "growth": 0.120865}, {"period": "-5y"}]}, "insiderTransactions": {"transactions": [{"maxAge": 1, "shares": 500000, "filerUrl": "", "transactionText": "", "filerName": "Chiripal (Savitridevi V)", "filerRelation": "Promoter", "moneyText": "", "startDate": "2019-02-20", "ownership": "D"}], "maxAge": 1}, "quoteType": {"exchange": "BSE", "quoteType": "EQUITY", "symbol": "CNOVAPETRO.BO", "underlyingSymbol": "CNOVAPETRO.BO", "shortName": "CIL NOVA PETROCHEMICALS LTD.", "longName": "CIL Nova Petrochemicals Limited", "firstTradeDateEpochUtc": "2011-05-23 09:15:00", "timeZoneFullName": "Asia/Kolkata", "timeZoneShortName": "IST", "uuid": "96d959cc-3b05-31cd-b8d1-1189f95f6830", "messageBoardId": null, "gmtOffSetMilliseconds": 19800000, "maxAge": 1}, "incomeStatementHistory": {"incomeStatementHistory": [{"maxAge": 1, "endDate": "2020-03-31", "totalRevenue": 1962917000, "costOfRevenue": 1484781000, "grossProfit": 478136000, "researchDevelopment": {}, "sellingGeneralAdministrative": 109978000, "nonRecurring": {}, "otherOperatingExpenses": 340776000, "totalOperatingExpenses": 1977983000, "operatingIncome": -15066000, "totalOtherIncomeExpenseNet": -15411000, "ebit": -15066000, "interestExpense": -31156000, "incomeBeforeTax": -30477000, "incomeTaxExpense": 0, "minorityInterest": {}, "netIncomeFromContinuingOps": -30477000, "discontinuedOperations": {}, "extraordinaryItems": {}, "effectOfAccountingCharges": {}, "otherItems": {}, "netIncome": -30477000, "netIncomeApplicableToCommonShares": -30477000}, {"maxAge": 1, "endDate": "2019-03-31", "totalRevenue": 2489681000, "costOfRevenue": 1954240000, "grossProfit": 535441000, "researchDevelopment": {}, "sellingGeneralAdministrative": 110644500, "nonRecurring": {}, "otherOperatingExpenses": 372406500, "totalOperatingExpenses": 2483811000, "operatingIncome": 5870000, "totalOtherIncomeExpenseNet": -18338000, "ebit": 5870000, "interestExpense": -30519000, "incomeBeforeTax": -12468000, "incomeTaxExpense": 180000, "minorityInterest": {}, "netIncomeFromContinuingOps": -12648000, "discontinuedOperations": {}, "extraordinaryItems": {}, "effectOfAccountingCharges": {}, "otherItems": {}, "netIncome": -12648000, "netIncomeApplicableToCommonShares": -12648000}, {"maxAge": 1, "endDate": "2018-03-31", "totalRevenue": 2436638439, "costOfRevenue": 1898344964, "grossProfit": 538293475, "researchDevelopment": {}, "sellingGeneralAdministrative": 105872174, "nonRecurring": {}, "otherOperatingExpenses": 347045752, "totalOperatingExpenses": 2402809854, "operatingIncome": 33828585, "totalOtherIncomeExpenseNet": -17577049, "ebit": 33828585, "interestExpense": -31165803, "incomeBeforeTax": 16251536, "incomeTaxExpense": 3591908, "minorityInterest": {}, "netIncomeFromContinuingOps": 12659628, "discontinuedOperations": {}, "extraordinaryItems": {}, "effectOfAccountingCharges": {}, "otherItems": {}, "netIncome": 12659628, "netIncomeApplicableToCommonShares": 12659628}, {"maxAge": 1, "endDate": "2017-03-31", "totalRevenue": 2216777470, "costOfRevenue": 1632534647, "grossProfit": 584242823, "researchDevelopment": {}, "sellingGeneralAdministrative": 83323178, "nonRecurring": {}, "otherOperatingExpenses": 358709806, "totalOperatingExpenses": 2128434113, "operatingIncome": 88343357, "totalOtherIncomeExpenseNet": -18986833, "ebit": 88343357, "interestExpense": -23979393, "incomeBeforeTax": 69356524, "incomeTaxExpense": 19545945, "minorityInterest": {}, "netIncomeFromContinuingOps": 49810579, "discontinuedOperations": {}, "extraordinaryItems": {}, "effectOfAccountingCharges": {}, "otherItems": {}, "netIncome": 49810579, "netIncomeApplicableToCommonShares": 49810579}], "maxAge": 86400}, "fundOwnership": {"maxAge": 1, "ownershipList": []}, "summaryDetail": {"maxAge": 1, "priceHint": 2, "previousClose": 13.15, "open": 13.0, "dayLow": 12.55, "dayHigh": 13.0, "regularMarketPreviousClose": 13.15, "regularMarketOpen": 13.0, "regularMarketDayLow": 12.55, "regularMarketDayHigh": 13.0, "volume": 1111, "regularMarketVolume": 1111, "averageVolume": 1178, "averageVolume10days": 2620, "averageDailyVolume10Day": 2620, "bid": 12.55, "ask": 12.6, "bidSize": 0, "askSize": 0, "marketCap": 288333376, "fiftyTwoWeekLow": 3.8, "fiftyTwoWeekHigh": 13.0, "fiftyDayAverage": 8.464857, "twoHundredDayAverage": 7.3254743, "currency": "INR", "fromCurrency": null, "toCurrency": null, "lastMarket": null, "algorithm": null, "tradeable": false}, "incomeStatementHistoryQuarterly": {"incomeStatementHistory": [{"maxAge": 1, "endDate": "2020-06-30", "totalRevenue": 14464000, "costOfRevenue": 15753000, "grossProfit": -1289000, "researchDevelopment": {}, "sellingGeneralAdministrative": 1862000, "nonRecurring": {}, "otherOperatingExpenses": 2829000, "totalOperatingExpenses": 30597000, "operatingIncome": -16133000, "totalOtherIncomeExpenseNet": -3857000, "ebit": -16133000, "interestExpense": -7294000, "incomeBeforeTax": -19990000, "incomeTaxExpense": 0, "minorityInterest": {}, "netIncomeFromContinuingOps": -19990000, "discontinuedOperations": {}, "extraordinaryItems": {}, "effectOfAccountingCharges": {}, "otherItems": {}, "netIncome": -19990000, "netIncomeApplicableToCommonShares": -19990000}, {"maxAge": 1, "endDate": "2020-03-31", "totalRevenue": 438254000, "costOfRevenue": 350146000, "grossProfit": 88108000, "researchDevelopment": {}, "sellingGeneralAdministrative": 27657000, "nonRecurring": {}, "otherOperatingExpenses": 57300000, "totalOperatingExpenses": 445709000, "operatingIncome": -7455000, "totalOtherIncomeExpenseNet": -5797000, "ebit": -7455000, "interestExpense": -3323000, "incomeBeforeTax": -13252000, "incomeTaxExpense": 0, "minorityInterest": {}, "netIncomeFromContinuingOps": -13252000, "discontinuedOperations": {}, "extraordinaryItems": {}, "effectOfAccountingCharges": {}, "otherItems": {}, "netIncome": -13252000, "netIncomeApplicableToCommonShares": -13252000}, {"maxAge": 1, "endDate": "2019-12-31", "totalRevenue": 510892000, "costOfRevenue": 369085000, "grossProfit": 141807000, "researchDevelopment": {}, "sellingGeneralAdministrative": 26709000, "nonRecurring": {}, "otherOperatingExpenses": 100754000, "totalOperatingExpenses": 507152000, "operatingIncome": 3740000, "totalOtherIncomeExpenseNet": -2916000, "ebit": 3740000, "interestExpense": -9458000, "incomeBeforeTax": 824000, "incomeTaxExpense": 0, "minorityInterest": {}, "netIncomeFromContinuingOps": 824000, "discontinuedOperations": {}, "extraordinaryItems": {}, "effectOfAccountingCharges": {}, "otherItems": {}, "netIncome": 824000, "netIncomeApplicableToCommonShares": 824000}, {"maxAge": 1, "endDate": "2019-09-30", "totalRevenue": 531892000, "costOfRevenue": 400121000, "grossProfit": 131771000, "researchDevelopment": {}, "sellingGeneralAdministrative": 28715000, "nonRecurring": {}, "otherOperatingExpenses": 100569000, "totalOperatingExpenses": 539405000, "operatingIncome": -7513000, "totalOtherIncomeExpenseNet": -2791000, "ebit": -7513000, "interestExpense": -9612000, "incomeBeforeTax": -10304000, "incomeTaxExpense": 0, "minorityInterest": {}, "netIncomeFromContinuingOps": -10304000, "discontinuedOperations": {}, "extraordinaryItems": {}, "effectOfAccountingCharges": {}, "otherItems": {}, "netIncome": -10304000, "netIncomeApplicableToCommonShares": -10304000}], "maxAge": 86400}, "cashflowStatementHistoryQuarterly": {"cashflowStatements": [{"maxAge": 1, "endDate": "2020-06-30", "netIncome": -19990000, "changeToLiabilities": 0}, {"maxAge": 1, "endDate": "2020-03-31", "netIncome": -13252000, "changeToLiabilities": 0}, {"maxAge": 1, "endDate": "2019-12-31", "netIncome": 824000, "changeToLiabilities": 0}, {"maxAge": 1, "endDate": "2019-09-30", "netIncome": -10304000, "changeToLiabilities": 0}], "maxAge": 86400}, "insiderHolders": {"holders": [{"maxAge": 1, "name": "Chiripal (Savitridevi V)", "relation": "Promoter", "url": "", "transactionDescription": "Other", "latestTransDate": "2019-02-20", "positionDirect": 500400, "positionDirectDate": "2019-02-20"}], "maxAge": 1}, "calendarEvents": {"maxAge": 1, "earnings": {"earningsDate": []}}, "price": {"maxAge": 1, "regularMarketChangePercent": -0.041825037, "regularMarketChange": -0.54999924, "regularMarketTime": "2021-04-30 15:23:57", "priceHint": 2, "regularMarketPrice": 12.6, "regularMarketDayHigh": 13.0, "regularMarketDayLow": 12.55, "regularMarketVolume": 1111, "averageDailyVolume10Day": 2620, "averageDailyVolume3Month": 1178, "regularMarketPreviousClose": 13.15, "regularMarketSource": "FREE_REALTIME", "regularMarketOpen": 13.0, "exchange": "BSE", "exchangeName": "BSE", "exchangeDataDelayedBy": 0, "marketState": "CLOSED", "quoteType": "EQUITY", "symbol": "CNOVAPETRO.BO", "underlyingSymbol": null, "shortName": "CIL NOVA PETROCHEMICALS LTD.", "longName": "CIL Nova Petrochemicals Limited", "currency": "INR", "quoteSourceName": "Delayed Quote", "currencySymbol": "\u20b9", "fromCurrency": null, "toCurrency": null, "lastMarket": null, "marketCap": 288333376}, "balanceSheetHistory": {"balanceSheetStatements": [{"maxAge": 1, "endDate": "2020-03-31", "cash": 357000, "netReceivables": 361327000, "inventory": 209012000, "otherCurrentAssets": 45464000, "totalCurrentAssets": 619280000, "longTermInvestments": 6000, "propertyPlantEquipment": 874151000, "otherAssets": 17488000, "totalAssets": 1510925000, "accountsPayable": 326508000, "shortLongTermDebt": 397000, "otherCurrentLiab": 58217000, "longTermDebt": 650000, "otherLiab": 111829000, "totalCurrentLiabilities": 597635000, "totalLiab": 710114000, "commonStock": 271000000, "retainedEarnings": 299866000, "treasuryStock": 50000000, "capitalSurplus": 179945000, "otherStockholderEquity": 50000000, "totalStockholderEquity": 800811000, "netTangibleAssets": 800811000}, {"maxAge": 1, "endDate": "2019-03-31", "cash": 684000, "netReceivables": 402056000, "inventory": 269662000, "otherCurrentAssets": 74819000, "totalCurrentAssets": 751293000, "longTermInvestments": 13000, "propertyPlantEquipment": 905367000, "otherAssets": 15173000, "totalAssets": 1671846000, "accountsPayable": 405019000, "shortLongTermDebt": 602000, "otherCurrentLiab": 67371000, "longTermDebt": 1047000, "otherLiab": 108520000, "totalCurrentLiabilities": 731920000, "totalLiab": 841487000, "commonStock": 271000000, "retainedEarnings": 329414000, "treasuryStock": 50000000, "capitalSurplus": 179945000, "otherStockholderEquity": 50000000, "totalStockholderEquity": 830359000, "netTangibleAssets": 830359000}, {"maxAge": 1, "endDate": "2018-03-31", "cash": 3539164, "netReceivables": 370066890, "inventory": 205092258, "otherCurrentAssets": 59506974, "totalCurrentAssets": 641255777, "longTermInvestments": 16691, "propertyPlantEquipment": 950230074, "otherAssets": 18357072, "totalAssets": 1609859614, "accountsPayable": 375182286, "shortLongTermDebt": 1443783, "otherCurrentLiab": 81937593, "longTermDebt": 588486, "otherLiab": 99500729, "totalCurrentLiabilities": 667037719, "totalLiab": 767126934, "commonStock": 271000000, "retainedEarnings": 341787667, "treasuryStock": 50000000, "capitalSurplus": 179945013, "otherStockholderEquity": 50000000, "totalStockholderEquity": 842732680, "netTangibleAssets": 842732680}, {"maxAge": 1, "endDate": "2017-03-31", "cash": 1522947, "netReceivables": 435302018, "inventory": 164472958, "otherCurrentAssets": 42639752, "totalCurrentAssets": 648255666, "longTermInvestments": 22978, "propertyPlantEquipment": 943481609, "otherAssets": 19645085, "totalAssets": 1611405338, "accountsPayable": 332596818, "shortLongTermDebt": 2383801, "otherCurrentLiab": 76675035, "longTermDebt": 1075873, "otherLiab": 101697079, "totalCurrentLiabilities": 679226143, "totalLiab": 781999095, "commonStock": 271000000, "retainedEarnings": -82432203, "treasuryStock": 460893433, "capitalSurplus": 179945013, "otherStockholderEquity": 460893433, "totalStockholderEquity": 829406243, "netTangibleAssets": 829406243}], "maxAge": 86400}, "financialData": {"maxAge": 86400, "currentPrice": 12.6, "recommendationKey": "none", "grossProfits": 478136000, "financialCurrency": "INR"}}}