{"COALINDIA.BO": {"cashflowStatementHistory": {"cashflowStatements": [{"maxAge": 1, "endDate": "2020-03-31", "netIncome": 167141900000, "depreciation": 37873800000, "changeToNetincome": -40324000000, "changeToAccountReceivables": -89096700000, "changeToLiabilities": 6895800000, "changeToInventory": -10350100000, "changeToOperatingActivities": -30717300000, "totalCashFromOperatingActivities": 41465400000, "capitalExpenditures": -56445300000, "investments": 24871400000, "otherCashflowsFromInvestingActivities": 34572500000, "totalCashflowsFromInvestingActivities": 3324100000, "dividendsPaid": -73938800000, "netBorrowings": 22775600000, "otherCashflowsFromFinancingActivities": -18338400000, "totalCashFromFinancingActivities": -69501600000, "changeInCash": -24712100000}, {"maxAge": 1, "endDate": "2019-03-31", "netIncome": 174630700000, "depreciation": 36087600000, "changeToNetincome": 2558100000, "changeToAccountReceivables": 7592500000, "changeToLiabilities": 24435700000, "changeToInventory": 8599200000, "changeToOperatingActivities": -90377500000, "totalCashFromOperatingActivities": 163555200000, "capitalExpenditures": -70569500000, "investments": -40408300000, "otherCashflowsFromInvestingActivities": 31443700000, "totalCashflowsFromInvestingActivities": -78964600000, "dividendsPaid": -81128900000, "netBorrowings": -586700000, "otherCashflowsFromFinancingActivities": -16632900000, "totalCashFromFinancingActivities": -108848400000, "changeInCash": -24257800000, "repurchaseOfStock": -10499900000}, {"maxAge": 1, "endDate": "2018-03-31", "netIncome": 70385600000, "depreciation": 33185800000, "changeToNetincome": -42528000000, "changeToAccountReceivables": 38789300000, "changeToLiabilities": 6326200000, "changeToInventory": 24812200000, "changeToOperatingActivities": 80143100000, "totalCashFromOperatingActivities": 211149200000, "capitalExpenditures": -85293000000, "investments": -15513600000, "otherCashflowsFromInvestingActivities": 23337200000, "totalCashflowsFromInvestingActivities": -77469400000, "dividendsPaid": -102196400000, "netBorrowings": -14778100000, "otherCashflowsFromFinancingActivities": -18667700000, "totalCashFromFinancingActivities": -135642200000, "changeInCash": -1962400000, "repurchaseOfStock": -10499900000}, {"maxAge": 1, "endDate": "2017-03-31", "netIncome": 92800200000, "depreciation": 31969100000, "changeToNetincome": -23888900000, "changeToAccountReceivables": -10569300000, "changeToLiabilities": 0, "changeToInventory": -13761000000, "changeToOperatingActivities": 88018400000, "totalCashFromOperatingActivities": 164608400000, "capitalExpenditures": -86761300000, "investments": 56666200000, "otherCashflowsFromInvestingActivities": 34641500000, "totalCashflowsFromInvestingActivities": 4546400000, "dividendsPaid": -123527600000, "netBorrowings": 18168500000, "otherCashflowsFromFinancingActivities": -34120600000, "totalCashFromFinancingActivities": -175979700000, "changeInCash": -6824900000, "repurchaseOfStock": -36500000000}], "maxAge": 86400}, "institutionOwnership": {"maxAge": 1, "ownershipList": []}, "balanceSheetHistoryQuarterly": {"balanceSheetStatements": [{"maxAge": 1, "endDate": "2020-06-30", "totalStockholderEquity": 321569200000, "netTangibleAssets": 320616200000}, {"maxAge": 1, "endDate": "2020-03-31", "cash": 17768400000, "shortTermInvestments": 254093200000, "netReceivables": 388541800000, "inventory": 66189400000, "otherCurrentAssets": 108528800000, "totalCurrentAssets": 835121600000, "longTermInvestments": 20309600000, "propertyPlantEquipment": 450165600000, "intangibleAssets": 953000000, "otherAssets": 193665300000, "deferredLongTermAssetCharges": 33109700000, "totalAssets": 1500215100000, "accountsPayable": 8627900000, "shortLongTermDebt": 77800000, "otherCurrentLiab": 215781300000, "longTermDebt": 19933800000, "otherLiab": 670134700000, "minorityInterest": 3940800000, "totalCurrentLiabilities": 484636600000, "totalLiab": 1174705100000, "commonStock": 61627300000, "retainedEarnings": 236281200000, "treasuryStock": 23660700000, "otherStockholderEquity": 23660700000, "totalStockholderEquity": 321569200000, "netTangibleAssets": 320616200000}, {"maxAge": 1, "endDate": "2019-12-31", "totalStockholderEquity": 340479700000, "netTangibleAssets": 339754800000}, {"maxAge": 1, "endDate": "2019-09-30", "cash": 334758500000, "shortTermInvestments": 72295000000, "netReceivables": 191534100000, "inventory": 40175800000, "otherCurrentAssets": 124881700000, "totalCurrentAssets": 763645100000, "longTermInvestments": 140753700000, "propertyPlantEquipment": 427907300000, "intangibleAssets": 724900000, "otherAssets": 65735400000, "deferredLongTermAssetCharges": 39262200000, "totalAssets": 1398766400000, "accountsPayable": 74125600000, "otherCurrentLiab": 350150400000, "longTermDebt": 18337800000, "otherLiab": 611580700000, "minorityInterest": 4072200000, "totalCurrentLiabilities": 424296000000, "totalLiab": 1054214500000, "commonStock": 61627300000, "treasuryStock": 278852400000, "otherStockholderEquity": 278852400000, "totalStockholderEquity": 340479700000, "netTangibleAssets": 339754800000}], "maxAge": 86400}, "indexTrend": {"maxAge": 1, "symbol": "SP5", "peRatio": 19.7411, "pegRatio": 1.34172, "estimates": [{"period": "0q", "growth": 0.549}, {"period": "+1q", "growth": 0.431}, {"period": "0y", "growth": 0.305}, {"period": "+1y", "growth": 0.109}, {"period": "+5y", "growth": 0.120865}, {"period": "-5y"}]}, "esgScores": {"maxAge": 86400, "totalEsg": 35.27, "environmentScore": 16.88, "socialScore": 12.11, "governanceScore": 6.28, "ratingYear": 2020, "ratingMonth": 10, "highestControversy": 3.0, "peerCount": 71, "esgPerformance": "OUT_PERF", "peerGroup": "Oil & Gas Producers", "relatedControversy": ["Employee Incidents"], "peerEsgScorePerformance": {"min": 17.33, "avg": 39.12394366197184, "max": 57.84}, "peerGovernancePerformance": {"min": 5.94, "avg": 9.003142857142855, "max": 14.04}, "peerSocialPerformance": {"min": 3.39, "avg": 10.843857142857146, "max": 19.46}, "peerEnvironmentPerformance": {"min": 6.91, "avg": 19.195999999999998, "max": 29.57}, "peerHighestControversyPerformance": {"min": 0.0, "avg": 1.9859154929577465, "max": 5.0}, "percentile": 73.72, "environmentPercentile": null, "socialPercentile": null, "governancePercentile": null, "adult": false, "alcoholic": false, "animalTesting": false, "catholic": false, "controversialWeapons": false, "smallArms": false, "furLeather": false, "gambling": false, "gmo": false, "militaryContract": false, "nuclear": false, "pesticides": false, "palmOil": false, "coal": true, "tobacco": false}, "insiderTransactions": {"transactions": [{"maxAge": 1, "shares": 179569059, "filerUrl": "", "transactionText": "", "filerName": "President of India", "filerRelation": "Promoter", "moneyText": "", "startDate": "2020-02-03", "ownership": "D"}, {"maxAge": 1, "shares": 117813169, "filerUrl": "", "transactionText": "", "filerName": "President of India", "filerRelation": "Promoter", "moneyText": "", "startDate": "2019-10-10", "ownership": "D"}, {"maxAge": 1, "shares": 84592894, "filerUrl": "", "transactionText": "", "filerName": "President of India", "filerRelation": "Promoter", "moneyText": "", "startDate": "2019-03-25", "ownership": "D"}, {"maxAge": 1, "shares": 44293572, "filerUrl": "", "transactionText": "", "filerName": "President of India", "filerRelation": "Promoter", "moneyText": "", "startDate": "2019-03-22", "ownership": "D"}, {"maxAge": 1, "shares": 23779267, "filerUrl": "", "transactionText": "", "filerName": "President of India", "filerRelation": "Promoter", "moneyText": "", "startDate": "2019-02-21", "ownership": "D"}, {"maxAge": 1, "shares": 681840, "filerUrl": "", "transactionText": "", "filerName": "President of India", "filerRelation": "Promoter", "moneyText": "", "startDate": "2018-12-06", "ownership": "D"}, {"maxAge": 1, "shares": 137311943, "filerUrl": "", "transactionText": "", "filerName": "President of India", "filerRelation": "Promoter", "moneyText": "", "startDate": "2018-12-04", "ownership": "D"}, {"maxAge": 1, "shares": 198003931, "filerUrl": "", "transactionText": "", "filerName": "President of India", "filerRelation": "Promoter", "moneyText": "", "startDate": "2018-11-01", "ownership": "D"}], "maxAge": 1}, "quoteType": {"exchange": "BSE", "quoteType": "EQUITY", "symbol": "COALINDIA.BO", "underlyingSymbol": "COALINDIA.BO", "shortName": "COAL INDIA LTD.", "longName": "Coal India Limited", "firstTradeDateEpochUtc": "2010-11-04 09:15:00", "timeZoneFullName": "Asia/Kolkata", "timeZoneShortName": "IST", "uuid": "0bd7c2a8-a055-387d-ba0d-f8faa8ba18b8", "messageBoardId": null, "gmtOffSetMilliseconds": 19800000, "maxAge": 1}, "incomeStatementHistory": {"incomeStatementHistory": [{"maxAge": 1, "endDate": "2020-03-31", "totalRevenue": 924499700000, "costOfRevenue": 150169200000, "grossProfit": 774330500000, "researchDevelopment": {}, "sellingGeneralAdministrative": 492988000000, "nonRecurring": {}, "otherOperatingExpenses": 61246100000, "totalOperatingExpenses": 738255200000, "operatingIncome": 186244500000, "totalOtherIncomeExpenseNet": 54468700000, "ebit": 186244500000, "interestExpense": -5029200000, "incomeBeforeTax": 240713200000, "incomeTaxExpense": 73709800000, "minorityInterest": 3940800000, "netIncomeFromContinuingOps": 167003400000, "discontinuedOperations": {}, "extraordinaryItems": {}, "effectOfAccountingCharges": {}, "otherItems": {}, "netIncome": 167141900000, "netIncomeApplicableToCommonShares": 167141900000}, {"maxAge": 1, "endDate": "2019-03-31", "totalRevenue": 959083300000, "costOfRevenue": 170023000000, "grossProfit": 789060300000, "researchDevelopment": {}, "sellingGeneralAdministrative": 480766800000, "nonRecurring": {}, "otherOperatingExpenses": 57681100000, "totalOperatingExpenses": 742074100000, "operatingIncome": 217009200000, "totalOtherIncomeExpenseNet": 54259500000, "ebit": 217009200000, "interestExpense": -2636800000, "incomeBeforeTax": 271268700000, "incomeTaxExpense": 96624500000, "minorityInterest": 4078000000, "netIncomeFromContinuingOps": 174644200000, "discontinuedOperations": {}, "extraordinaryItems": {}, "effectOfAccountingCharges": {}, "otherItems": {}, "netIncome": 174630700000, "netIncomeApplicableToCommonShares": 174630700000}, {"maxAge": 1, "endDate": "2018-03-31", "totalRevenue": 822392600000, "costOfRevenue": 170870800000, "grossProfit": 651521800000, "researchDevelopment": {}, "sellingGeneralAdministrative": 516388100000, "nonRecurring": {}, "otherOperatingExpenses": 42244200000, "totalOperatingExpenses": 758795200000, "operatingIncome": 63597400000, "totalOtherIncomeExpenseNet": 44110100000, "ebit": 63597400000, "interestExpense": -4301000000, "incomeBeforeTax": 107707500000, "incomeTaxExpense": 37323100000, "minorityInterest": 3624500000, "netIncomeFromContinuingOps": 70384400000, "discontinuedOperations": {}, "extraordinaryItems": {}, "effectOfAccountingCharges": {}, "otherItems": {}, "netIncome": 70385600000, "netIncomeApplicableToCommonShares": 70385600000}, {"maxAge": 1, "endDate": "2017-03-31", "totalRevenue": 756786100000, "costOfRevenue": 140061900000, "grossProfit": 616724200000, "researchDevelopment": {}, "sellingGeneralAdministrative": 422440800000, "nonRecurring": {}, "otherOperatingExpenses": 69340000000, "totalOperatingExpenses": 660235700000, "operatingIncome": 96550400000, "totalOtherIncomeExpenseNet": 47895300000, "ebit": 96550400000, "interestExpense": -4091800000, "incomeBeforeTax": 144445700000, "incomeTaxExpense": 51647900000, "minorityInterest": 3459200000, "netIncomeFromContinuingOps": 92797800000, "discontinuedOperations": -100000, "extraordinaryItems": {}, "effectOfAccountingCharges": {}, "otherItems": {}, "netIncome": 92800200000, "netIncomeApplicableToCommonShares": 92800200000}], "maxAge": 86400}, "fundOwnership": {"maxAge": 1, "ownershipList": [{"maxAge": 1, "reportDate": "2020-07-31", "organization": "Vanguard International Stock Index-Total Intl Stock Indx", "pctHeld": 0.004, "position": 24936494, "value": 3225535498}, {"maxAge": 1, "reportDate": "2020-07-31", "organization": "Vanguard International Stock Index-Emerging Markets Stk", "pctHeld": 0.0032, "position": 19965279, "value": 2582508838}, {"maxAge": 1, "reportDate": "2020-06-30", "organization": "Lazard Emerging Markets Equity Portfolio", "pctHeld": 0.0022, "position": 13649572, "value": 1808568290}, {"maxAge": 1, "reportDate": "2020-07-31", "organization": "iShares Core MSCI Emerging Markets ETF", "pctHeld": 0.0015, "position": 8961984, "value": 1159232630}, {"maxAge": 1, "reportDate": "2020-08-31", "organization": "iShares MSCI India ETF", "pctHeld": 0.0011999999, "position": 7271832, "value": 977697812}, {"maxAge": 1, "reportDate": "2020-08-31", "organization": "iShares MSCI Emerging Markets ETF", "pctHeld": 0.0007, "position": 4400935, "value": 591705710}, {"maxAge": 1, "reportDate": "2020-08-31", "organization": "WisdomTree Tr-WisdomTree India Earnings Fd", "pctHeld": 0.00059999997, "position": 3985968, "value": 535913397}, {"maxAge": 1, "reportDate": "2020-08-31", "organization": "WisdomTree Tr-Wisdom Tree Emerging Markets High Dividend  Fd", "pctHeld": 0.0005, "position": 3249610, "value": 436910064}, {"maxAge": 1, "reportDate": "2020-07-31", "organization": "DFA Emerging Markets Core Equity Portfolio", "pctHeld": 0.0005, "position": 3050359, "value": 394563936}, {"maxAge": 1, "reportDate": "2020-08-31", "organization": "iShares Edge MSCI Min Vol Global ETF", "pctHeld": 0.0005, "position": 3018297, "value": 405810031}]}, "summaryDetail": {"maxAge": 1, "priceHint": 2, "previousClose": 128.0, "open": 127.8, "dayLow": 127.05, "dayHigh": 134.6, "regularMarketPreviousClose": 128.0, "regularMarketOpen": 127.8, "regularMarketDayLow": 127.05, "regularMarketDayHigh": 134.6, "trailingPE": 5.7951775, "volume": 1098227, "regularMarketVolume": 1098227, "averageVolume": 1069063, "averageVolume10days": 1242231, "averageDailyVolume10Day": 1242231, "bid": 133.15, "ask": 133.15, "bidSize": 0, "askSize": 0, "marketCap": 821290532864, "fiftyTwoWeekLow": 109.5, "fiftyTwoWeekHigh": 180.4, "fiftyDayAverage": 137.20857, "twoHundredDayAverage": 129.31606, "trailingAnnualDividendRate": 12.0, "trailingAnnualDividendYield": 0.09375, "currency": "INR", "fromCurrency": null, "toCurrency": null, "lastMarket": null, "algorithm": null, "tradeable": false}, "incomeStatementHistoryQuarterly": {"incomeStatementHistory": [{"maxAge": 1, "endDate": "2020-06-30", "totalRevenue": 170071000000, "costOfRevenue": 51229800000, "grossProfit": 118841200000, "researchDevelopment": {}, "sellingGeneralAdministrative": 96988500000, "nonRecurring": {}, "otherOperatingExpenses": -8664100000, "totalOperatingExpenses": 148080200000, "operatingIncome": 21990800000, "totalOtherIncomeExpenseNet": 6010500000, "ebit": 21990800000, "interestExpense": -1829500000, "incomeBeforeTax": 28001300000, "incomeTaxExpense": 7226200000, "minorityInterest": {}, "netIncomeFromContinuingOps": 20775100000, "discontinuedOperations": {}, "extraordinaryItems": {}, "effectOfAccountingCharges": {}, "otherItems": {}, "netIncome": 20796000000, "netIncomeApplicableToCommonShares": 20796000000}, {"maxAge": 1, "endDate": "2020-03-31", "totalRevenue": 286740600000, "costOfRevenue": -34398500000, "grossProfit": 321139100000, "researchDevelopment": {}, "sellingGeneralAdministrative": 203341200000, "nonRecurring": {}, "otherOperatingExpenses": 49909300000, "totalOperatingExpenses": 228489500000, "operatingIncome": 58251100000, "totalOtherIncomeExpenseNet": 16222900000, "ebit": 58251100000, "interestExpense": -1651200000, "incomeBeforeTax": 74474000000, "incomeTaxExpense": 28216400000, "minorityInterest": 3940800000, "netIncomeFromContinuingOps": 46257600000, "discontinuedOperations": {}, "extraordinaryItems": {}, "effectOfAccountingCharges": {}, "otherItems": {}, "netIncome": 46379500000, "netIncomeApplicableToCommonShares": 46379500000}, {"maxAge": 1, "endDate": "2019-12-31", "totalRevenue": 215664100000, "costOfRevenue": 60869600000, "grossProfit": 154794500000, "researchDevelopment": {}, "sellingGeneralAdministrative": 98866800000, "nonRecurring": {}, "otherOperatingExpenses": 6243300000, "totalOperatingExpenses": 174921200000, "operatingIncome": 40742900000, "totalOtherIncomeExpenseNet": 12614800000, "ebit": 40742900000, "interestExpense": -1512700000, "incomeBeforeTax": 53357700000, "incomeTaxExpense": 14139600000, "minorityInterest": 3940800000, "netIncomeFromContinuingOps": 39218100000, "discontinuedOperations": {}, "extraordinaryItems": {}, "effectOfAccountingCharges": {}, "otherItems": {}, "netIncome": 39238700000, "netIncomeApplicableToCommonShares": 39238700000}, {"maxAge": 1, "endDate": "2019-09-30", "totalRevenue": 189865000000, "costOfRevenue": 60076600000, "grossProfit": 129788400000, "researchDevelopment": {}, "sellingGeneralAdministrative": 91377200000, "nonRecurring": {}, "otherOperatingExpenses": 2290800000, "totalOperatingExpenses": 161674700000, "operatingIncome": 28190300000, "totalOtherIncomeExpenseNet": 14581200000, "ebit": 28190300000, "interestExpense": -1699600000, "incomeBeforeTax": 42771500000, "incomeTaxExpense": 7542500000, "minorityInterest": 4072200000, "netIncomeFromContinuingOps": 35229000000, "discontinuedOperations": {}, "extraordinaryItems": {}, "effectOfAccountingCharges": {}, "otherItems": {}, "netIncome": 35227000000, "netIncomeApplicableToCommonShares": 35227000000}], "maxAge": 86400}, "cashflowStatementHistoryQuarterly": {"cashflowStatements": [{"maxAge": 1, "endDate": "2020-06-30", "netIncome": 20796000000, "changeToLiabilities": 0}, {"maxAge": 1, "endDate": "2020-03-31", "netIncome": 46379500000, "changeToLiabilities": 0}, {"maxAge": 1, "endDate": "2019-12-31", "netIncome": 39238700000, "changeToLiabilities": 0}, {"maxAge": 1, "endDate": "2019-09-30", "netIncome": 35227000000, "changeToLiabilities": 0}], "maxAge": 86400}, "insiderHolders": {"holders": [{"maxAge": 1, "name": "President of India", "relation": "Promoter", "url": "", "transactionDescription": "Sale", "latestTransDate": "2020-02-03", "positionDirect": 4075634553, "positionDirectDate": "2020-02-03"}], "maxAge": 1}, "calendarEvents": {"maxAge": 1, "earnings": {"earningsDate": []}}, "price": {"maxAge": 1, "regularMarketChangePercent": 0.040234327, "regularMarketChange": 5.149994, "regularMarketTime": "2021-04-30 15:53:14", "priceHint": 2, "regularMarketPrice": 133.15, "regularMarketDayHigh": 134.6, "regularMarketDayLow": 127.05, "regularMarketVolume": 1098227, "averageDailyVolume10Day": 1242231, "averageDailyVolume3Month": 1069063, "regularMarketPreviousClose": 128.0, "regularMarketSource": "FREE_REALTIME", "regularMarketOpen": 127.8, "exchange": "BSE", "exchangeName": "BSE", "exchangeDataDelayedBy": 0, "marketState": "CLOSED", "quoteType": "EQUITY", "symbol": "COALINDIA.BO", "underlyingSymbol": null, "shortName": "COAL INDIA LTD.", "longName": "Coal India Limited", "currency": "INR", "quoteSourceName": "Delayed Quote", "currencySymbol": "\u20b9", "fromCurrency": null, "toCurrency": null, "lastMarket": null, "marketCap": 821290532864}, "balanceSheetHistory": {"balanceSheetStatements": [{"maxAge": 1, "endDate": "2020-03-31", "cash": 17768400000, "shortTermInvestments": 254093200000, "netReceivables": 388541800000, "inventory": 66189400000, "otherCurrentAssets": 108528800000, "totalCurrentAssets": 835121600000, "longTermInvestments": 20309600000, "propertyPlantEquipment": 450165600000, "intangibleAssets": 953000000, "otherAssets": 193665300000, "deferredLongTermAssetCharges": 33109700000, "totalAssets": 1500215100000, "accountsPayable": 8627900000, "shortLongTermDebt": 77800000, "otherCurrentLiab": 215781300000, "longTermDebt": 19933800000, "otherLiab": 670134700000, "minorityInterest": 3940800000, "totalCurrentLiabilities": 484636600000, "totalLiab": 1174705100000, "commonStock": 61627300000, "retainedEarnings": 236281200000, "treasuryStock": 23660700000, "otherStockholderEquity": 23660700000, "totalStockholderEquity": 321569200000, "netTangibleAssets": 320616200000}, {"maxAge": 1, "endDate": "2019-03-31", "cash": 23023600000, "shortTermInvestments": 296496500000, "netReceivables": 224391200000, "inventory": 55839300000, "otherCurrentAssets": 96963200000, "totalCurrentAssets": 696713800000, "longTermInvestments": 15726100000, "propertyPlantEquipment": 422021200000, "intangibleAssets": 738800000, "otherAssets": 195014600000, "deferredLongTermAssetCharges": 42691600000, "totalAssets": 1330214500000, "accountsPayable": 8915800000, "shortLongTermDebt": 72000000, "otherCurrentLiab": 234796900000, "longTermDebt": 14722700000, "otherLiab": 585884400000, "minorityInterest": 4078000000, "totalCurrentLiabilities": 460978000000, "totalLiab": 1061585100000, "commonStock": 61627300000, "retainedEarnings": 165913100000, "treasuryStock": 37011000000, "otherStockholderEquity": 37011000000, "totalStockholderEquity": 264551400000, "netTangibleAssets": 263812600000}, {"maxAge": 1, "endDate": "2018-03-31", "cash": 39976700000, "shortTermInvestments": 268221100000, "netReceivables": 205151200000, "inventory": 64438500000, "otherCurrentAssets": 83368800000, "totalCurrentAssets": 661156300000, "longTermInvestments": 14835100000, "propertyPlantEquipment": 378172600000, "intangibleAssets": 295300000, "otherAssets": 200247400000, "deferredLongTermAssetCharges": 53550500000, "totalAssets": 1254706700000, "accountsPayable": 8025000000, "shortLongTermDebt": 67800000, "otherCurrentLiab": 235694000000, "longTermDebt": 10544000000, "otherLiab": 555559800000, "minorityInterest": 3624500000, "totalCurrentLiabilities": 483191000000, "totalLiab": 1049294800000, "commonStock": 62074100000, "retainedEarnings": 103716000000, "treasuryStock": 35997300000, "otherStockholderEquity": 35997300000, "totalStockholderEquity": 201787400000, "netTangibleAssets": 201492100000}, {"maxAge": 1, "endDate": "2017-03-31", "cash": 311491900000, "netReceivables": 237531100000, "inventory": 89452700000, "otherCurrentAssets": 55232800000, "totalCurrentAssets": 699199100000, "longTermInvestments": 11396200000, "propertyPlantEquipment": 323389400000, "intangibleAssets": 576500000, "otherAssets": 143591000000, "deferredLongTermAssetCharges": 27327600000, "totalAssets": 1178152200000, "accountsPayable": 38843100000, "shortLongTermDebt": 67000000, "otherCurrentLiab": 192991200000, "longTermDebt": 2948000000, "otherLiab": 486405800000, "minorityInterest": 3459200000, "totalCurrentLiabilities": 440158300000, "totalLiab": 929512100000, "commonStock": 62074100000, "retainedEarnings": 158502400000, "treasuryStock": 24604400000, "otherStockholderEquity": 24604400000, "totalStockholderEquity": 245180900000, "netTangibleAssets": 244604400000}], "maxAge": 86400}, "financialData": {"maxAge": 86400, "currentPrice": 133.15, "recommendationKey": "none", "grossProfits": 774330500000, "financialCurrency": "INR"}}}