{"COALINDIA.NS": {"assetProfile": {"address1": "Coal Bhawan", "address2": "Premise No-04 MAR Plot No-AF-III, Action Area-1A Newtown, Rajarhat", "city": "Kolkata", "zip": "700156", "country": "India", "phone": "91 33 2324 5555", "fax": "91 33 2324 6510", "website": "http://www.coalindia.in", "industry": "Thermal Coal", "sector": "Energy", "longBusinessSummary": "Coal India Limited, together with its subsidiaries, produces and sells coal worldwide. It offers coking coal primarily for use in steel making and metallurgical industries, and for hard coke manufacturing; and semi coking coal that is used as blend-able coal in steel making, merchant coke manufacturing, and other metallurgical industries. The company also provides non-coking coal for use as thermal grade coal for power generation, as well as for cement, fertilizer, glass, ceramic, paper, chemical, and brick manufacturing, and other heating purposes. In addition, it offers beneficiated and washed non-coking coal for use in power generation; beneficiated non-coking coal, which is used in cement, sponge iron, and other industrial plants; and middling products for use in power generation, domestic fuel plants, brick manufacturing units, cement plants, industrial plants, etc. Further, the company provides rejects for use in fluidized bed combustion boilers for power generation, road repairs, briquette making, land filling, etc.; CIL/LTC coke that is used in furnaces and kilns of industrial units, as well as for use as domestic fuel by halwais, hotels, etc.; and coal/coke fines that are used in industrial furnaces, and for domestic purposes. Additionally, it offers tar/heavy oil/light oil/soft pitches, which are used in furnaces and boilers of industrial plants, as well as power houses, oil, dye, pharmaceutical industries, etc. The company was formerly known as Coal Mines Authority Limited and changed its name to Coal India Limited in November 1975. The company was incorporated in 1973 and is headquartered in Kolkata, India.", "fullTimeEmployees": 272445, "companyOfficers": [{"maxAge": 1, "name": "Mr. Pramod  Agrawal", "age": 57, "title": "Chairman & MD", "yearBorn": 1963, "fiscalYear": 2020, "totalPay": 1492785, "exercisedValue": 0, "unexercisedValue": 0}, {"maxAge": 1, "name": "Mr. Sanjiv  Soni", "age": 59, "title": "CFO, Director of Fin. & Whole Time Director", "yearBorn": 1961, "fiscalYear": 2020, "totalPay": 4903199, "exercisedValue": 0, "unexercisedValue": 0}, {"maxAge": 1, "name": "Mr. Binay  Dayal", "age": 58, "title": "Technical Director & Director", "yearBorn": 1962, "fiscalYear": 2020, "totalPay": 6076178, "exercisedValue": 0, "unexercisedValue": 0}, {"maxAge": 1, "name": "Mr. Satyendra Nath Tiwari", "age": 57, "title": "Director of Marketing, Personnel & Industrial Relations and Director", "yearBorn": 1963, "fiscalYear": 2020, "totalPay": 3641888, "exercisedValue": 0, "unexercisedValue": 0}, {"maxAge": 1, "name": "Mr. M.  Viswanathan CS", "age": 87, "title": "Chief Mang. of Fin., Compliance Officer & Company Sec.", "yearBorn": 1933, "fiscalYear": 2020, "totalPay": 5170349, "exercisedValue": 0, "unexercisedValue": 0}, {"maxAge": 1, "name": "A. K. Karmakar", "title": "Gen. Mang. of Admin", "exercisedValue": 0, "unexercisedValue": 0}, {"maxAge": 1, "name": "Snehatosh  Majumder", "age": 63, "title": "Gen. Mang. of Legal", "yearBorn": 1957, "exercisedValue": 0, "unexercisedValue": 0}, {"maxAge": 1, "name": "Mr. Bhagwan  Pandey", "title": "Chief Gen. Mang. of Manpower & Industrial Relations", "exercisedValue": 0, "unexercisedValue": 0}, {"maxAge": 1, "name": "Mr. Siba Prasad Datta Majumder", "age": 63, "title": "Chief GM of Mining & TS to Chairman", "yearBorn": 1957, "exercisedValue": 0, "unexercisedValue": 0}, {"maxAge": 1, "name": "Mr. Raj Narayan Biswas", "title": "Chief Gen. Mang. of WBP/ FPD / ENV", "exercisedValue": 0, "unexercisedValue": 0}], "auditRisk": 9, "boardRisk": 10, "compensationRisk": 1, "shareHolderRightsRisk": 4, "overallRisk": 10, "governanceEpochDate": "2021-04-01 05:30:00", "compensationAsOfEpochDate": "2020-12-31 05:30:00", "maxAge": 86400}, "recommendationTrend": {"trend": [{"period": "0m", "strongBuy": 0, "buy": 0, "hold": 0, "sell": 0, "strongSell": 0}, {"period": "-1m", "strongBuy": 0, "buy": 0, "hold": 0, "sell": 0, "strongSell": 0}, {"period": "-2m", "strongBuy": 0, "buy": 0, "hold": 0, "sell": 0, "strongSell": 0}, {"period": "-3m", "strongBuy": 0, "buy": 0, "hold": 0, "sell": 0, "strongSell": 0}], "maxAge": 86400}, "cashflowStatementHistory": {"cashflowStatements": [{"maxAge": 1, "endDate": "2020-03-31", "netIncome": 167141900000, "depreciation": 37873800000, "changeToNetincome": -40324000000, "changeToAccountReceivables": -89096700000, "changeToLiabilities": 6895800000, "changeToInventory": -10350100000, "changeToOperatingActivities": -30717300000, "totalCashFromOperatingActivities": 41465400000, "capitalExpenditures": -56445300000, "investments": 24871400000, "otherCashflowsFromInvestingActivities": 34572500000, "totalCashflowsFromInvestingActivities": 3324100000, "dividendsPaid": -73938800000, "netBorrowings": 22775600000, "otherCashflowsFromFinancingActivities": -18338400000, "totalCashFromFinancingActivities": -69501600000, "changeInCash": -24712100000}, {"maxAge": 1, "endDate": "2019-03-31", "netIncome": 174630700000, "depreciation": 36087600000, "changeToNetincome": 2558100000, "changeToAccountReceivables": 7592500000, "changeToLiabilities": 24435700000, "changeToInventory": 8599200000, "changeToOperatingActivities": -90377500000, "totalCashFromOperatingActivities": 163555200000, "capitalExpenditures": -70569500000, "investments": -40408300000, "otherCashflowsFromInvestingActivities": 31443700000, "totalCashflowsFromInvestingActivities": -78964600000, "dividendsPaid": -81128900000, "netBorrowings": -586700000, "otherCashflowsFromFinancingActivities": -16632900000, "totalCashFromFinancingActivities": -108848400000, "changeInCash": -24257800000, "repurchaseOfStock": -10499900000}, {"maxAge": 1, "endDate": "2018-03-31", "netIncome": 70385600000, "depreciation": 33185800000, "changeToNetincome": -42528000000, "changeToAccountReceivables": 38789300000, "changeToLiabilities": 6326200000, "changeToInventory": 24812200000, "changeToOperatingActivities": 80143100000, "totalCashFromOperatingActivities": 211149200000, "capitalExpenditures": -85293000000, "investments": -15513600000, "otherCashflowsFromInvestingActivities": 23337200000, "totalCashflowsFromInvestingActivities": -77469400000, "dividendsPaid": -102196400000, "netBorrowings": -14778100000, "otherCashflowsFromFinancingActivities": -18667700000, "totalCashFromFinancingActivities": -135642200000, "changeInCash": -1962400000, "repurchaseOfStock": -10499900000}, {"maxAge": 1, "endDate": "2017-03-31", "netIncome": 92800200000, "depreciation": 31969100000, "changeToNetincome": -23888900000, "changeToAccountReceivables": -10569300000, "changeToLiabilities": 0, "changeToInventory": -13761000000, "changeToOperatingActivities": 88018400000, "totalCashFromOperatingActivities": 164608400000, "capitalExpenditures": -86761300000, "investments": 56666200000, "otherCashflowsFromInvestingActivities": 34641500000, "totalCashflowsFromInvestingActivities": 4546400000, "dividendsPaid": -123527600000, "netBorrowings": 18168500000, "otherCashflowsFromFinancingActivities": -34120600000, "totalCashFromFinancingActivities": -175979700000, "changeInCash": -6824900000, "repurchaseOfStock": -36500000000}], "maxAge": 86400}, "indexTrend": {"maxAge": 1, "symbol": "SP5", "peRatio": 19.7411, "pegRatio": 1.34172, "estimates": [{"period": "0q", "growth": 0.549}, {"period": "+1q", "growth": 0.431}, {"period": "0y", "growth": 0.305}, {"period": "+1y", "growth": 0.109}, {"period": "+5y", "growth": 0.120865}, {"period": "-5y"}]}, "defaultKeyStatistics": {"maxAge": 1, "priceHint": 2, "enterpriseValue": 613817778176, "profitMargins": 0.14678, "floatShares": 2016896656, "sharesOutstanding": 6162729984, "heldPercentInsiders": 0.66135, "heldPercentInstitutions": 0.24133, "beta": 0.634536, "category": null, "bookValue": 60.126, "priceToBook": 2.2128532, "fundFamily": null, "legalType": null, "lastFiscalYearEnd": "2020-03-31 05:30:00", "nextFiscalYearEnd": "2022-03-31 05:30:00", "mostRecentQuarter": "2020-12-31 05:30:00", "earningsQuarterlyGrowth": -0.214, "netIncomeToCommon": 127510601728, "trailingEps": 20.68, "forwardEps": 27.58, "lastSplitFactor": null, "enterpriseToRevenue": 0.707, "enterpriseToEbitda": 3.178, "52WeekChange": -0.065003514, "SandP52WeekChange": 0.48148263, "lastDividendValue": 5.0, "lastDividendDate": 1615766400}, "industryTrend": {"maxAge": 1, "symbol": null, "estimates": []}, "quoteType": {"exchange": "NSI", "quoteType": "EQUITY", "symbol": "COALINDIA.NS", "underlyingSymbol": "COALINDIA.NS", "shortName": "COAL INDIA LTD", "longName": "Coal India Limited", "firstTradeDateEpochUtc": "2010-11-04 09:15:00", "timeZoneFullName": "Asia/Kolkata", "timeZoneShortName": "IST", "uuid": "e1f5a9e0-1a75-353f-8125-2b841ce2c101", "messageBoardId": "finmb_9192276", "gmtOffSetMilliseconds": 19800000, "maxAge": 1}, "incomeStatementHistory": {"incomeStatementHistory": [{"maxAge": 1, "endDate": "2020-03-31", "totalRevenue": 924499700000, "costOfRevenue": 150169200000, "grossProfit": 774330500000, "researchDevelopment": {}, "sellingGeneralAdministrative": 492988000000, "nonRecurring": {}, "otherOperatingExpenses": 61246100000, "totalOperatingExpenses": 738255200000, "operatingIncome": 186244500000, "totalOtherIncomeExpenseNet": 54468700000, "ebit": 186244500000, "interestExpense": -5029200000, "incomeBeforeTax": 240713200000, "incomeTaxExpense": 73709800000, "minorityInterest": 3940800000, "netIncomeFromContinuingOps": 167003400000, "discontinuedOperations": {}, "extraordinaryItems": {}, "effectOfAccountingCharges": {}, "otherItems": {}, "netIncome": 167141900000, "netIncomeApplicableToCommonShares": 167141900000}, {"maxAge": 1, "endDate": "2019-03-31", "totalRevenue": 959083300000, "costOfRevenue": 170023000000, "grossProfit": 789060300000, "researchDevelopment": {}, "sellingGeneralAdministrative": 480766800000, "nonRecurring": {}, "otherOperatingExpenses": 57681100000, "totalOperatingExpenses": 742074100000, "operatingIncome": 217009200000, "totalOtherIncomeExpenseNet": 54259500000, "ebit": 217009200000, "interestExpense": -2636800000, "incomeBeforeTax": 271268700000, "incomeTaxExpense": 96624500000, "minorityInterest": 4078000000, "netIncomeFromContinuingOps": 174644200000, "discontinuedOperations": {}, "extraordinaryItems": {}, "effectOfAccountingCharges": {}, "otherItems": {}, "netIncome": 174630700000, "netIncomeApplicableToCommonShares": 174630700000}, {"maxAge": 1, "endDate": "2018-03-31", "totalRevenue": 822392600000, "costOfRevenue": 170870800000, "grossProfit": 651521800000, "researchDevelopment": {}, "sellingGeneralAdministrative": 516388100000, "nonRecurring": {}, "otherOperatingExpenses": 42244200000, "totalOperatingExpenses": 758795200000, "operatingIncome": 63597400000, "totalOtherIncomeExpenseNet": 44110100000, "ebit": 63597400000, "interestExpense": -4301000000, "incomeBeforeTax": 107707500000, "incomeTaxExpense": 37323100000, "minorityInterest": 3624500000, "netIncomeFromContinuingOps": 70384400000, "discontinuedOperations": {}, "extraordinaryItems": {}, "effectOfAccountingCharges": {}, "otherItems": {}, "netIncome": 70385600000, "netIncomeApplicableToCommonShares": 70385600000}, {"maxAge": 1, "endDate": "2017-03-31", "totalRevenue": 756786100000, "costOfRevenue": 140061900000, "grossProfit": 616724200000, "researchDevelopment": {}, "sellingGeneralAdministrative": 422440800000, "nonRecurring": {}, "otherOperatingExpenses": 69340000000, "totalOperatingExpenses": 660235700000, "operatingIncome": 96550400000, "totalOtherIncomeExpenseNet": 47895300000, "ebit": 96550400000, "interestExpense": -4091800000, "incomeBeforeTax": 144445700000, "incomeTaxExpense": 51647900000, "minorityInterest": 3459200000, "netIncomeFromContinuingOps": 92797800000, "discontinuedOperations": -100000, "extraordinaryItems": {}, "effectOfAccountingCharges": {}, "otherItems": {}, "netIncome": 92800200000, "netIncomeApplicableToCommonShares": 92800200000}], "maxAge": 86400}, "fundOwnership": {"maxAge": 1, "ownershipList": [{"maxAge": 1, "reportDate": "2021-01-31", "organization": "Vanguard International Stock Index-Emerging Markets Stk", "pctHeld": 0.0037, "position": 22700668, "value": 2858014101}, {"maxAge": 1, "reportDate": "2021-01-31", "organization": "Vanguard International Stock Index-Total Intl Stock Indx", "pctHeld": 0.0033000002, "position": 20139419, "value": 2535552852}, {"maxAge": 1, "reportDate": "2020-12-31", "organization": "Lazard Emerging Markets Equity Portfolio", "pctHeld": 0.0018000001, "position": 10916712, "value": 1478668640}, {"maxAge": 1, "reportDate": "2021-03-31", "organization": "iShares Core MSCI Emerging Markets ETF", "pctHeld": 0.0017, "position": 10566578, "value": 1377353442}, {"maxAge": 1, "reportDate": "2021-03-31", "organization": "iShares MSCI India ETF", "pctHeld": 0.0014, "position": 8695732, "value": 1133488666}, {"maxAge": 1, "reportDate": "2021-02-28", "organization": "WisdomTree Tr-WisdomTree India Earnings Fd", "pctHeld": 0.0011999999, "position": 7438622, "value": 1132158268}, {"maxAge": 1, "reportDate": "2021-03-31", "organization": "iShares Emerging Markets Dividend ETF", "pctHeld": 0.0008, "position": 4943239, "value": 644351203}, {"maxAge": 1, "reportDate": "2021-03-31", "organization": "iShares MSCI Emerging Markets ETF", "pctHeld": 0.0007, "position": 4613494, "value": 601368942}, {"maxAge": 1, "reportDate": "2021-02-28", "organization": "Schwab Strategic Tr-Schwab Fundamental Emg Mkts Large Co Index ETF", "pctHeld": 0.0005, "position": 3129264, "value": 476273980}, {"maxAge": 1, "reportDate": "2021-01-31", "organization": "DFA Emerging Markets Core Equity Portfolio", "pctHeld": 0.0005, "position": 3050359, "value": 384040198}]}, "summaryDetail": {"maxAge": 1, "priceHint": 2, "previousClose": 128.05, "open": 127.4, "dayLow": 127.0, "dayHigh": 134.6, "regularMarketPreviousClose": 128.05, "regularMarketOpen": 127.4, "regularMarketDayLow": 127.0, "regularMarketDayHigh": 134.6, "dividendRate": 24.5, "dividendYield": 0.19129999, "exDividendDate": "2021-03-15 05:30:00", "payoutRatio": 0.9429, "fiveYearAvgDividendYield": 8.08, "beta": 0.634536, "trailingPE": 6.4337525, "forwardPE": 4.824148, "volume": 27390576, "regularMarketVolume": 27390576, "averageVolume": 16731013, "averageVolume10days": 9772488, "averageDailyVolume10Day": 9772488, "bid": 0.0, "ask": 0.0, "bidSize": 0, "askSize": 0, "marketCap": 819951239168, "fiftyTwoWeekLow": 109.55, "fiftyTwoWeekHigh": 163.0, "priceToSalesTrailing12Months": 0.9438442, "fiftyDayAverage": 131.45694, "twoHundredDayAverage": 132.42068, "trailingAnnualDividendRate": 7.5, "trailingAnnualDividendYield": 0.05857087, "currency": "INR", "fromCurrency": null, "toCurrency": null, "lastMarket": null, "algorithm": null, "tradeable": false}, "insiderHolders": {"holders": [{"maxAge": 1, "name": "Life Insurance Corporation of India", "relation": "Institution- Corporation", "url": "", "transactionDescription": "Acquisition", "latestTransDate": "2015-02-03", "positionDirect": 457621861, "positionDirectDate": "2015-02-03"}, {"maxAge": 1, "name": "President of India", "relation": "Promoter", "url": "", "transactionDescription": "Sale", "latestTransDate": "2020-02-03", "positionDirect": 4075634553, "positionDirectDate": "2020-02-03"}], "maxAge": 1}, "calendarEvents": {"maxAge": 1, "earnings": {"earningsDate": [], "revenueAverage": 263786000000, "revenueLow": 245377000000, "revenueHigh": 312041000000}, "exDividendDate": "2021-03-15 05:30:00"}, "price": {"maxAge": 1, "regularMarketChangePercent": 0.039047245, "regularMarketChange": 5.0, "regularMarketTime": "2021-04-30 15:30:01", "priceHint": 2, "regularMarketPrice": 133.05, "regularMarketDayHigh": 134.6, "regularMarketDayLow": 127.0, "regularMarketVolume": 27390576, "averageDailyVolume10Day": 9772488, "averageDailyVolume3Month": 16731013, "regularMarketPreviousClose": 128.05, "regularMarketSource": "FREE_REALTIME", "regularMarketOpen": 127.4, "exchange": "NSI", "exchangeName": "NSE", "exchangeDataDelayedBy": 15, "marketState": "CLOSED", "quoteType": "EQUITY", "symbol": "COALINDIA.NS", "underlyingSymbol": null, "shortName": "COAL INDIA LTD", "longName": "Coal India Limited", "currency": "INR", "quoteSourceName": "Delayed Quote", "currencySymbol": "\u20b9", "fromCurrency": null, "toCurrency": null, "lastMarket": null, "marketCap": 819951239168}, "balanceSheetHistory": {"balanceSheetStatements": [{"maxAge": 1, "endDate": "2020-03-31", "cash": 17768400000, "shortTermInvestments": 254093200000, "netReceivables": 388541800000, "inventory": 66189400000, "otherCurrentAssets": 108528800000, "totalCurrentAssets": 835121600000, "longTermInvestments": 20309600000, "propertyPlantEquipment": 450165600000, "intangibleAssets": 953000000, "otherAssets": 193665300000, "deferredLongTermAssetCharges": 33109700000, "totalAssets": 1500215100000, "accountsPayable": 8627900000, "shortLongTermDebt": 77800000, "otherCurrentLiab": 215781300000, "longTermDebt": 19933800000, "otherLiab": 670134700000, "minorityInterest": 3940800000, "totalCurrentLiabilities": 484636600000, "totalLiab": 1174705100000, "commonStock": 61627300000, "retainedEarnings": 236281200000, "treasuryStock": 23660700000, "otherStockholderEquity": 23660700000, "totalStockholderEquity": 321569200000, "netTangibleAssets": 320616200000}, {"maxAge": 1, "endDate": "2019-03-31", "cash": 23023600000, "shortTermInvestments": 296496500000, "netReceivables": 224391200000, "inventory": 55839300000, "otherCurrentAssets": 96963200000, "totalCurrentAssets": 696713800000, "longTermInvestments": 15726100000, "propertyPlantEquipment": 422021200000, "intangibleAssets": 738800000, "otherAssets": 195014600000, "deferredLongTermAssetCharges": 42691600000, "totalAssets": 1330214500000, "accountsPayable": 8915800000, "shortLongTermDebt": 72000000, "otherCurrentLiab": 234796900000, "longTermDebt": 14722700000, "otherLiab": 585884400000, "minorityInterest": 4078000000, "totalCurrentLiabilities": 460978000000, "totalLiab": 1061585100000, "commonStock": 61627300000, "retainedEarnings": 165913100000, "treasuryStock": 37011000000, "otherStockholderEquity": 37011000000, "totalStockholderEquity": 264551400000, "netTangibleAssets": 263812600000}, {"maxAge": 1, "endDate": "2018-03-31", "cash": 39976700000, "shortTermInvestments": 268221100000, "netReceivables": 205151200000, "inventory": 64438500000, "otherCurrentAssets": 83368800000, "totalCurrentAssets": 661156300000, "longTermInvestments": 14835100000, "propertyPlantEquipment": 378172600000, "intangibleAssets": 295300000, "otherAssets": 200247400000, "deferredLongTermAssetCharges": 53550500000, "totalAssets": 1254706700000, "accountsPayable": 8025000000, "shortLongTermDebt": 67800000, "otherCurrentLiab": 235694000000, "longTermDebt": 10544000000, "otherLiab": 555559800000, "minorityInterest": 3624500000, "totalCurrentLiabilities": 483191000000, "totalLiab": 1049294800000, "commonStock": 62074100000, "retainedEarnings": 103716000000, "treasuryStock": 35997300000, "otherStockholderEquity": 35997300000, "totalStockholderEquity": 201787400000, "netTangibleAssets": 201492100000}, {"maxAge": 1, "endDate": "2017-03-31", "cash": 311491900000, "netReceivables": 237531100000, "inventory": 89452700000, "otherCurrentAssets": 55232800000, "totalCurrentAssets": 699199100000, "longTermInvestments": 11396200000, "propertyPlantEquipment": 323389400000, "intangibleAssets": 576500000, "otherAssets": 143591000000, "deferredLongTermAssetCharges": 27327600000, "totalAssets": 1178152200000, "accountsPayable": 38843100000, "shortLongTermDebt": 67000000, "otherCurrentLiab": 192991200000, "longTermDebt": 2948000000, "otherLiab": 486405800000, "minorityInterest": 3459200000, "totalCurrentLiabilities": 440158300000, "totalLiab": 929512100000, "commonStock": 62074100000, "retainedEarnings": 158502400000, "treasuryStock": 24604400000, "otherStockholderEquity": 24604400000, "totalStockholderEquity": 245180900000, "netTangibleAssets": 244604400000}], "maxAge": 86400}, "earningsTrend": {"trend": [{"maxAge": 1, "period": "0q", "endDate": "2018-12-31", "growth": {}, "earningsEstimate": {"avg": 0.0, "low": 0.0, "high": 0.0, "yearAgoEps": 4.84, "numberOfAnalysts": 0, "growth": {}}, "revenueEstimate": {"avg": 263786000000, "low": 245377000000, "high": 312041000000, "numberOfAnalysts": 5, "yearAgoRevenue": 216433000000, "growth": 0.219}, "epsTrend": {"current": 0.0, "7daysAgo": 7.61, "30daysAgo": 7.61, "60daysAgo": 7.61, "90daysAgo": 7.61}, "epsRevisions": {"upLast7days": 0, "upLast30days": 0, "downLast30days": 0, "downLast90days": {}}}, {"maxAge": 1, "period": "+1q", "endDate": "2019-03-31", "growth": {}, "earningsEstimate": {"avg": 0.0, "low": 0.0, "high": 0.0, "yearAgoEps": 2.09, "numberOfAnalysts": 0, "growth": {}}, "revenueEstimate": {"avg": 249814000000, "low": 156020000000, "high": 281002000000, "numberOfAnalysts": 5, "yearAgoRevenue": 251087000000, "growth": -0.005}, "epsTrend": {"current": 0.0, "7daysAgo": 7.72, "30daysAgo": 7.72, "60daysAgo": 7.72, "90daysAgo": 7.72}, "epsRevisions": {"upLast7days": 0, "upLast30days": 0, "downLast30days": 0, "downLast90days": {}}}, {"maxAge": 1, "period": "0y", "endDate": "2019-03-31", "growth": {}, "earningsEstimate": {"avg": 0.0, "low": 0.0, "high": 0.0, "yearAgoEps": {}, "numberOfAnalysts": 0, "growth": {}}, "revenueEstimate": {"avg": 968502000000, "low": 891218000000, "high": 1042660000000, "numberOfAnalysts": 24, "yearAgoRevenue": 817000000000, "growth": 0.185}, "epsTrend": {"current": 0.0, "7daysAgo": 26.49, "30daysAgo": 26.49, "60daysAgo": 26.49, "90daysAgo": 26.49}, "epsRevisions": {"upLast7days": 0, "upLast30days": 0, "downLast30days": 0, "downLast90days": {}}}, {"maxAge": 1, "period": "+1y", "endDate": "2020-03-31", "growth": {}, "earningsEstimate": {"avg": 0.0, "low": 0.0, "high": 0.0, "yearAgoEps": {}, "numberOfAnalysts": 0, "growth": {}}, "revenueEstimate": {"avg": 1030580000000, "low": 969794000000, "high": 1118900000000, "numberOfAnalysts": 24, "yearAgoRevenue": 968502000000, "growth": 0.064}, "epsTrend": {"current": 0.0, "7daysAgo": 27.58, "30daysAgo": 27.58, "60daysAgo": 27.58, "90daysAgo": 27.58}, "epsRevisions": {"upLast7days": 0, "upLast30days": 0, "downLast30days": 0, "downLast90days": {}}}, {"maxAge": 1, "period": "+5y", "endDate": null, "growth": 0.3045, "earningsEstimate": {"avg": {}, "low": {}, "high": {}, "yearAgoEps": {}, "numberOfAnalysts": {}, "growth": {}}, "revenueEstimate": {"avg": {}, "low": {}, "high": {}, "numberOfAnalysts": {}, "yearAgoRevenue": {}, "growth": {}}, "epsTrend": {"current": {}, "7daysAgo": {}, "30daysAgo": {}, "60daysAgo": {}, "90daysAgo": {}}, "epsRevisions": {"upLast7days": {}, "upLast30days": {}, "downLast30days": {}, "downLast90days": {}}}, {"maxAge": 1, "period": "-5y", "endDate": null, "growth": {}, "earningsEstimate": {"avg": {}, "low": {}, "high": {}, "yearAgoEps": {}, "numberOfAnalysts": {}, "growth": {}}, "revenueEstimate": {"avg": {}, "low": {}, "high": {}, "numberOfAnalysts": {}, "yearAgoRevenue": {}, "growth": {}}, "epsTrend": {"current": {}, "7daysAgo": {}, "30daysAgo": {}, "60daysAgo": {}, "90daysAgo": {}}, "epsRevisions": {"upLast7days": {}, "upLast30days": {}, "downLast30days": {}, "downLast90days": {}}}], "maxAge": 1}, "institutionOwnership": {"maxAge": 1, "ownershipList": []}, "majorHoldersBreakdown": {"maxAge": 1, "insidersPercentHeld": 0.66135, "institutionsPercentHeld": 0.24133, "institutionsFloatPercentHeld": 0.71263003, "institutionsCount": 137}, "balanceSheetHistoryQuarterly": {"balanceSheetStatements": [{"maxAge": 1, "endDate": "2020-12-31", "totalStockholderEquity": 370835400000, "netTangibleAssets": 369899900000}, {"maxAge": 1, "endDate": "2020-09-30", "cash": 174720700000, "shortTermInvestments": 52097200000, "netReceivables": 372987900000, "inventory": 64991400000, "otherCurrentAssets": 150489600000, "totalCurrentAssets": 815286800000, "longTermInvestments": 161222100000, "propertyPlantEquipment": 481456100000, "intangibleAssets": 935500000, "otherAssets": 65193800000, "deferredLongTermAssetCharges": 37787400000, "totalAssets": 1524094300000, "accountsPayable": 95346000000, "otherCurrentLiab": 343158600000, "longTermDebt": 25276600000, "otherLiab": 662709800000, "minorityInterest": 3954700000, "totalCurrentLiabilities": 461317800000, "totalLiab": 1149304200000, "commonStock": 61627300000, "treasuryStock": 309208100000, "otherStockholderEquity": 309208100000, "totalStockholderEquity": 370835400000, "netTangibleAssets": 369899900000}, {"maxAge": 1, "endDate": "2020-06-30", "totalStockholderEquity": 321569200000, "netTangibleAssets": 320616200000}, {"maxAge": 1, "endDate": "2020-03-31", "cash": 17768400000, "shortTermInvestments": 254093200000, "netReceivables": 388541800000, "inventory": 66189400000, "otherCurrentAssets": 108528800000, "totalCurrentAssets": 835121600000, "longTermInvestments": 20309600000, "propertyPlantEquipment": 450165600000, "intangibleAssets": 953000000, "otherAssets": 193665300000, "deferredLongTermAssetCharges": 33109700000, "totalAssets": 1500215100000, "accountsPayable": 8627900000, "shortLongTermDebt": 77800000, "otherCurrentLiab": 215781300000, "longTermDebt": 19933800000, "otherLiab": 670134700000, "minorityInterest": 3940800000, "totalCurrentLiabilities": 484636600000, "totalLiab": 1174705100000, "commonStock": 61627300000, "retainedEarnings": 236281200000, "treasuryStock": 23660700000, "otherStockholderEquity": 23660700000, "totalStockholderEquity": 321569200000, "netTangibleAssets": 320616200000}], "maxAge": 86400}, "earningsHistory": {"history": [{"maxAge": 1, "epsActual": 4.84, "epsEstimate": 4.97, "epsDifference": -0.13, "surprisePercent": -0.025999999, "quarter": "2017-12-31", "period": "-4q"}, {"maxAge": 1, "epsActual": 2.09, "epsEstimate": 6.48, "epsDifference": -4.39, "surprisePercent": -0.677, "quarter": "2018-03-31", "period": "-3q"}, {"maxAge": 1, "epsActual": 6.1, "epsEstimate": 6.09, "epsDifference": 0.01, "surprisePercent": 0.002, "quarter": "2018-06-30", "period": "-2q"}, {"maxAge": 1, "epsActual": 4.97, "epsEstimate": 4.54, "epsDifference": 0.43, "surprisePercent": 0.095, "quarter": "2018-09-30", "period": "-1q"}], "maxAge": 86400}, "esgScores": {"maxAge": 86400, "totalEsg": 35.04, "environmentScore": 16.84, "socialScore": 12.06, "governanceScore": 6.14, "ratingYear": 2021, "ratingMonth": 3, "highestControversy": 3.0, "peerCount": 71, "esgPerformance": "OUT_PERF", "peerGroup": "Oil & Gas Producers", "relatedControversy": ["Employee Incidents"], "peerEsgScorePerformance": {"min": 14.51, "avg": 37.98704225352114, "max": 56.44}, "peerGovernancePerformance": {"min": 5.24, "avg": 8.78014925373134, "max": 14.0}, "peerSocialPerformance": {"min": 2.06, "avg": 10.487462686567167, "max": 19.31}, "peerEnvironmentPerformance": {"min": 5.62, "avg": 18.4465671641791, "max": 29.53}, "peerHighestControversyPerformance": {"min": 0.0, "avg": 1.9577464788732395, "max": 5.0}, "percentile": 73.96, "environmentPercentile": null, "socialPercentile": null, "governancePercentile": null, "adult": false, "alcoholic": false, "animalTesting": false, "catholic": false, "controversialWeapons": false, "smallArms": false, "furLeather": false, "gambling": false, "gmo": false, "militaryContract": false, "nuclear": false, "pesticides": false, "palmOil": false, "coal": true, "tobacco": false}, "summaryProfile": {"address1": "Coal Bhawan", "address2": "Premise No-04 MAR Plot No-AF-III, Action Area-1A Newtown, Rajarhat", "city": "Kolkata", "zip": "700156", "country": "India", "phone": "91 33 2324 5555", "fax": "91 33 2324 6510", "website": "http://www.coalindia.in", "industry": "Thermal Coal", "sector": "Energy", "longBusinessSummary": "Coal India Limited, together with its subsidiaries, produces and sells coal worldwide. It offers coking coal primarily for use in steel making and metallurgical industries, and for hard coke manufacturing; and semi coking coal that is used as blend-able coal in steel making, merchant coke manufacturing, and other metallurgical industries. The company also provides non-coking coal for use as thermal grade coal for power generation, as well as for cement, fertilizer, glass, ceramic, paper, chemical, and brick manufacturing, and other heating purposes. In addition, it offers beneficiated and washed non-coking coal for use in power generation; beneficiated non-coking coal, which is used in cement, sponge iron, and other industrial plants; and middling products for use in power generation, domestic fuel plants, brick manufacturing units, cement plants, industrial plants, etc. Further, the company provides rejects for use in fluidized bed combustion boilers for power generation, road repairs, briquette making, land filling, etc.; CIL/LTC coke that is used in furnaces and kilns of industrial units, as well as for use as domestic fuel by halwais, hotels, etc.; and coal/coke fines that are used in industrial furnaces, and for domestic purposes. Additionally, it offers tar/heavy oil/light oil/soft pitches, which are used in furnaces and boilers of industrial plants, as well as power houses, oil, dye, pharmaceutical industries, etc. The company was formerly known as Coal Mines Authority Limited and changed its name to Coal India Limited in November 1975. The company was incorporated in 1973 and is headquartered in Kolkata, India.", "fullTimeEmployees": 272445, "companyOfficers": [], "maxAge": 86400}, "netSharePurchaseActivity": {"maxAge": 1, "period": "6m", "buyInfoCount": 0, "buyInfoShares": 0, "sellInfoCount": 0, "netInfoCount": 0, "netInfoShares": 0, "netPercentInsiderShares": 0.0, "totalInsiderShares": 4072899584}, "insiderTransactions": {"transactions": [{"maxAge": 1, "shares": 179569059, "filerUrl": "", "transactionText": "", "filerName": "President of India", "filerRelation": "Promoter", "moneyText": "", "startDate": "2020-02-03", "ownership": "D"}, {"maxAge": 1, "shares": 117813169, "filerUrl": "", "transactionText": "", "filerName": "President of India", "filerRelation": "Promoter", "moneyText": "", "startDate": "2019-10-10", "ownership": "D"}, {"maxAge": 1, "shares": 84592894, "filerUrl": "", "transactionText": "", "filerName": "President of India", "filerRelation": "Promoter", "moneyText": "", "startDate": "2019-03-25", "ownership": "D"}, {"maxAge": 1, "shares": 44293572, "filerUrl": "", "transactionText": "", "filerName": "President of India", "filerRelation": "Promoter", "moneyText": "", "startDate": "2019-03-22", "ownership": "D"}, {"maxAge": 1, "shares": 23779267, "filerUrl": "", "transactionText": "", "filerName": "President of India", "filerRelation": "Promoter", "moneyText": "", "startDate": "2019-02-21", "ownership": "D"}, {"maxAge": 1, "shares": 681840, "filerUrl": "", "transactionText": "", "filerName": "President of India", "filerRelation": "Promoter", "moneyText": "", "startDate": "2018-12-06", "ownership": "D"}, {"maxAge": 1, "shares": 137311943, "filerUrl": "", "transactionText": "", "filerName": "President of India", "filerRelation": "Promoter", "moneyText": "", "startDate": "2018-12-04", "ownership": "D"}, {"maxAge": 1, "shares": 198003931, "filerUrl": "", "transactionText": "", "filerName": "President of India", "filerRelation": "Promoter", "moneyText": "", "startDate": "2018-11-01", "ownership": "D"}, {"maxAge": 1, "shares": 13991488, "filerUrl": "", "transactionText": "", "filerName": "President of India", "filerRelation": "Promoter", "moneyText": "", "startDate": "2018-06-29", "ownership": "D"}, {"maxAge": 1, "shares": 19299613, "filerUrl": "", "transactionText": "", "filerName": "President of India", "filerRelation": "Promoter", "moneyText": "", "startDate": "2017-11-23", "ownership": "D"}, {"maxAge": 1, "shares": 15933351, "filerUrl": "", "transactionText": "", "filerName": "President of India", "filerRelation": "Promoter", "moneyText": "", "startDate": "2017-03-24", "ownership": "D"}, {"maxAge": 1, "shares": 41223086, "filerUrl": "", "transactionText": "", "filerName": "President of India", "filerRelation": "Promoter", "moneyText": "", "startDate": "2017-01-25", "ownership": "D"}, {"maxAge": 1, "shares": 78842816, "filerUrl": "", "transactionText": "", "filerName": "President of India", "filerRelation": "Promoter", "moneyText": "", "startDate": "2016-10-28", "ownership": "D"}, {"maxAge": 1, "shares": 83104, "filerUrl": "", "transactionText": "", "filerName": "President of India", "filerRelation": "Promoter", "moneyText": "", "startDate": "2015-04-09", "ownership": "D"}, {"maxAge": 1, "shares": 284752200, "filerUrl": "", "transactionText": "", "filerName": "Life Insurance Corporation of India", "filerRelation": "Institution- Corporation", "moneyText": "", "startDate": "2015-02-03", "ownership": "D"}, {"maxAge": 1, "shares": 631636440, "filerUrl": "", "transactionText": "", "filerName": "President of India", "filerRelation": "Promoter", "moneyText": "", "startDate": "2015-01-30", "ownership": "D"}, {"maxAge": 1, "shares": 22037834, "filerUrl": "", "transactionText": "", "filerName": "President of India", "filerRelation": "Promoter", "moneyText": "", "startDate": "2014-03-27", "ownership": "D"}], "maxAge": 1}, "sectorTrend": {"maxAge": 1, "symbol": null, "estimates": []}, "incomeStatementHistoryQuarterly": {"incomeStatementHistory": [{"maxAge": 1, "endDate": "2020-12-31", "totalRevenue": 217082700000, "costOfRevenue": 67823600000, "grossProfit": 149259100000, "researchDevelopment": {}, "sellingGeneralAdministrative": 94448900000, "nonRecurring": {}, "otherOperatingExpenses": 3162400000, "totalOperatingExpenses": 174594000000, "operatingIncome": 42488700000, "totalOtherIncomeExpenseNet": 4933300000, "ebit": 42488700000, "interestExpense": -1554100000, "incomeBeforeTax": 47422000000, "incomeTaxExpense": 16581000000, "minorityInterest": {}, "netIncomeFromContinuingOps": 30841000000, "discontinuedOperations": {}, "extraordinaryItems": {}, "effectOfAccountingCharges": {}, "otherItems": {}, "netIncome": 30853900000, "netIncomeApplicableToCommonShares": 30853900000}, {"maxAge": 1, "endDate": "2020-09-30", "totalRevenue": 194841500000, "costOfRevenue": 71319600000, "grossProfit": 123521900000, "researchDevelopment": {}, "sellingGeneralAdministrative": 92024500000, "nonRecurring": {}, "otherOperatingExpenses": -8251300000, "totalOperatingExpenses": 163615900000, "operatingIncome": 31225600000, "totalOtherIncomeExpenseNet": 9382300000, "ebit": 31225600000, "interestExpense": -1473100000, "incomeBeforeTax": 40607900000, "incomeTaxExpense": 11091900000, "minorityInterest": 3954700000, "netIncomeFromContinuingOps": 29516000000, "discontinuedOperations": {}, "extraordinaryItems": {}, "effectOfAccountingCharges": {}, "otherItems": {}, "netIncome": 29481200000, "netIncomeApplicableToCommonShares": 29481200000}, {"maxAge": 1, "endDate": "2020-06-30", "totalRevenue": 170071000000, "costOfRevenue": 51229800000, "grossProfit": 118841200000, "researchDevelopment": {}, "sellingGeneralAdministrative": 96988500000, "nonRecurring": {}, "otherOperatingExpenses": -8664100000, "totalOperatingExpenses": 148080200000, "operatingIncome": 21990800000, "totalOtherIncomeExpenseNet": 6010500000, "ebit": 21990800000, "interestExpense": -1829500000, "incomeBeforeTax": 28001300000, "incomeTaxExpense": 7226200000, "minorityInterest": 3954700000, "netIncomeFromContinuingOps": 20775100000, "discontinuedOperations": {}, "extraordinaryItems": {}, "effectOfAccountingCharges": {}, "otherItems": {}, "netIncome": 20796000000, "netIncomeApplicableToCommonShares": 20796000000}, {"maxAge": 1, "endDate": "2020-03-31", "totalRevenue": 286740600000, "costOfRevenue": -34398500000, "grossProfit": 321139100000, "researchDevelopment": {}, "sellingGeneralAdministrative": 203341200000, "nonRecurring": {}, "otherOperatingExpenses": 49909300000, "totalOperatingExpenses": 228489500000, "operatingIncome": 58251100000, "totalOtherIncomeExpenseNet": 16222900000, "ebit": 58251100000, "interestExpense": -1651200000, "incomeBeforeTax": 74474000000, "incomeTaxExpense": 28216400000, "minorityInterest": 3940800000, "netIncomeFromContinuingOps": 46257600000, "discontinuedOperations": {}, "extraordinaryItems": {}, "effectOfAccountingCharges": {}, "otherItems": {}, "netIncome": 46379500000, "netIncomeApplicableToCommonShares": 46379500000}], "maxAge": 86400}, "cashflowStatementHistoryQuarterly": {"cashflowStatements": [{"maxAge": 1, "endDate": "2020-12-31", "netIncome": 30853900000, "changeToLiabilities": 0}, {"maxAge": 1, "endDate": "2020-09-30", "netIncome": 29481200000, "changeToLiabilities": 0}, {"maxAge": 1, "endDate": "2020-06-30", "netIncome": 20796000000, "changeToLiabilities": 0}, {"maxAge": 1, "endDate": "2020-03-31", "netIncome": 46379500000, "changeToLiabilities": 0}], "maxAge": 86400}, "earnings": {"maxAge": 86400, "earningsChart": {"quarterly": [{"date": "4Q2017", "actual": 4.84, "estimate": 4.97}, {"date": "1Q2018", "actual": 2.09, "estimate": 6.48}, {"date": "2Q2018", "actual": 6.1, "estimate": 6.09}, {"date": "3Q2018", "actual": 4.97, "estimate": 4.54}], "currentQuarterEstimateDate": "4Q", "currentQuarterEstimateYear": 2018, "earningsDate": []}, "financialsChart": {"yearly": [{"date": 2017, "revenue": 756786100000, "earnings": 92800200000}, {"date": 2018, "revenue": 822392600000, "earnings": 70385600000}, {"date": 2019, "revenue": 959083300000, "earnings": 174630700000}, {"date": 2020, "revenue": 924499700000, "earnings": 167141900000}], "quarterly": [{"date": "1Q2020", "revenue": 286740600000, "earnings": 46379500000}, {"date": "2Q2020", "revenue": 170071000000, "earnings": 20796000000}, {"date": "3Q2020", "revenue": 194841500000, "earnings": 29481200000}, {"date": "4Q2020", "revenue": 217082700000, "earnings": 30853900000}]}, "financialCurrency": "INR"}, "financialData": {"maxAge": 86400, "currentPrice": 133.05, "targetHighPrice": 415.0, "targetLowPrice": 199.0, "targetMeanPrice": 330.18, "targetMedianPrice": 344.0, "recommendationKey": "none", "numberOfAnalystOpinions": 28, "totalCash": 226817900544, "totalCashPerShare": 36.83, "ebitda": 193169129472, "totalDebt": 48089800704, "quickRatio": 1.23, "currentRatio": 1.726, "totalRevenue": 868735778816, "debtToEquity": 12.831, "revenuePerShare": 140.904, "returnOnEquity": 0.5069, "grossProfits": 774330500000, "earningsGrowth": -0.214, "revenueGrowth": 0.007, "grossMargins": 0.82045996, "ebitdaMargins": 0.22236, "operatingMargins": 0.17722, "profitMargins": 0.14678, "financialCurrency": "INR"}}}