{"COASTCORP.BO": {"cashflowStatementHistory": {"cashflowStatements": [{"maxAge": 1, "endDate": "2020-03-31", "netIncome": 340801000, "depreciation": 33196000, "changeToNetincome": 16084000, "changeToAccountReceivables": 311114000, "changeToLiabilities": -204003000, "changeToInventory": 114721000, "changeToOperatingActivities": -109487000, "totalCashFromOperatingActivities": 502426000, "capitalExpenditures": -54700000, "otherCashflowsFromInvestingActivities": 22818000, "totalCashflowsFromInvestingActivities": -31482000, "dividendsPaid": -30506000, "netBorrowings": -196485000, "otherCashflowsFromFinancingActivities": -68256000, "totalCashFromFinancingActivities": -295247000, "changeInCash": 175696000}, {"maxAge": 1, "endDate": "2019-03-31", "netIncome": 378380000, "depreciation": 33608000, "changeToNetincome": 164462000, "changeToAccountReceivables": 185151000, "changeToLiabilities": -438000, "changeToInventory": -358829000, "changeToOperatingActivities": -141203000, "totalCashFromOperatingActivities": 261148000, "capitalExpenditures": -62685000, "otherCashflowsFromInvestingActivities": 33652000, "totalCashflowsFromInvestingActivities": -27153000, "dividendsPaid": -3813000, "netBorrowings": -25267000, "otherCashflowsFromFinancingActivities": -98479000, "totalCashFromFinancingActivities": -127559000, "changeInCash": 106436000}, {"maxAge": 1, "endDate": "2018-03-31", "netIncome": 238864000, "depreciation": 31078000, "changeToNetincome": 114238000, "changeToAccountReceivables": -96274000, "changeToLiabilities": 44444000, "changeToInventory": -169405000, "changeToOperatingActivities": 13245000, "totalCashFromOperatingActivities": 176206000, "capitalExpenditures": -162270000, "investments": 39464000, "otherCashflowsFromInvestingActivities": 15573000, "totalCashflowsFromInvestingActivities": -104385000, "dividendsPaid": -3813000, "netBorrowings": 130223000, "otherCashflowsFromFinancingActivities": -104234000, "totalCashFromFinancingActivities": 22176000, "changeInCash": 93997000}, {"maxAge": 1, "endDate": "2017-03-31", "netIncome": 96978000, "depreciation": 29607000, "changeToNetincome": 97952000, "changeToAccountReceivables": -129364000, "changeToLiabilities": 199141000, "changeToInventory": -188226000, "changeToOperatingActivities": -87495000, "totalCashFromOperatingActivities": 18593000, "capitalExpenditures": -31374000, "investments": 12479000, "otherCashflowsFromInvestingActivities": 11649000, "totalCashflowsFromInvestingActivities": -2331000, "dividendsPaid": -3813000, "netBorrowings": 141276000, "otherCashflowsFromFinancingActivities": -88146000, "totalCashFromFinancingActivities": 49317000, "changeInCash": 65579000}], "maxAge": 86400}, "institutionOwnership": {"maxAge": 1, "ownershipList": []}, "balanceSheetHistoryQuarterly": {"balanceSheetStatements": [{"maxAge": 1, "endDate": "2020-06-30", "totalStockholderEquity": 1431881000, "netTangibleAssets": 1431881000}, {"maxAge": 1, "endDate": "2020-03-31", "cash": 153988000, "shortTermInvestments": 300157000, "netReceivables": 484945000, "inventory": 1032994000, "otherCurrentAssets": 84988000, "totalCurrentAssets": 2073001000, "longTermInvestments": 128215000, "propertyPlantEquipment": 408845000, "otherAssets": 195842000, "totalAssets": 2805903000, "accountsPayable": 150950000, "shortLongTermDebt": 1620000, "otherCurrentLiab": 64171000, "longTermDebt": 2089000, "otherLiab": 27438000, "totalCurrentLiabilities": 1343953000, "totalLiab": 1374023000, "commonStock": 101688000, "retainedEarnings": 1334095000, "treasuryStock": -8598000, "capitalSurplus": 4695000, "otherStockholderEquity": -8598000, "totalStockholderEquity": 1431880000, "netTangibleAssets": 1431880000}, {"maxAge": 1, "endDate": "2019-12-31", "totalStockholderEquity": 1343608000, "netTangibleAssets": 1343608000}, {"maxAge": 1, "endDate": "2019-09-30", "cash": 326290000, "shortTermInvestments": 12678000, "netReceivables": 680760000, "inventory": 1476233000, "otherCurrentAssets": 547477000, "totalCurrentAssets": 3030760000, "longTermInvestments": 14100000, "propertyPlantEquipment": 470304000, "otherAssets": 191811000, "totalAssets": 3706975000, "accountsPayable": 1017455000, "shortLongTermDebt": 8782000, "otherCurrentLiab": 315349000, "longTermDebt": 30737000, "otherLiab": 33816000, "totalCurrentLiabilities": 2298814000, "totalLiab": 2363367000, "commonStock": 101688000, "capitalSurplus": 1241920000, "totalStockholderEquity": 1343608000, "netTangibleAssets": 1343608000}], "maxAge": 86400}, "indexTrend": {"maxAge": 1, "symbol": "SP5", "peRatio": 19.7411, "pegRatio": 1.34172, "estimates": [{"period": "0q", "growth": 0.549}, {"period": "+1q", "growth": 0.431}, {"period": "0y", "growth": 0.305}, {"period": "+1y", "growth": 0.109}, {"period": "+5y", "growth": 0.120859005}, {"period": "-5y"}]}, "insiderTransactions": {"transactions": [{"maxAge": 1, "shares": 10, "filerUrl": "", "transactionText": "", "filerName": "Sricharan (G.)", "filerRelation": "Promoter", "moneyText": "", "startDate": "2019-12-20", "ownership": "D"}, {"maxAge": 1, "shares": 2950, "filerUrl": "", "transactionText": "", "filerName": "Sricharan (G.)", "filerRelation": "Promoter", "moneyText": "", "startDate": "2019-12-19", "ownership": "D"}, {"maxAge": 1, "shares": 1020, "filerUrl": "", "transactionText": "", "filerName": "Sricharan (G.)", "filerRelation": "Promoter", "moneyText": "", "startDate": "2019-12-18", "ownership": "D"}, {"maxAge": 1, "shares": 10000, "filerUrl": "", "transactionText": "", "filerName": "Thottoli (Valsaraj)", "filerRelation": "Managing Director", "moneyText": "", "startDate": "2019-08-14", "ownership": "D"}], "maxAge": 1}, "quoteType": {"exchange": "BSE", "quoteType": "EQUITY", "symbol": "COASTCORP.BO", "underlyingSymbol": "COASTCORP.BO", "shortName": "COASTAL CORPORATION LTD.", "longName": "Coastal Corporation Limited", "firstTradeDateEpochUtc": "2013-08-26 09:15:00", "timeZoneFullName": "Asia/Kolkata", "timeZoneShortName": "IST", "uuid": "3877c0e9-a1a5-34fb-86cd-b6622a9039d4", "messageBoardId": null, "gmtOffSetMilliseconds": 19800000, "maxAge": 1}, "incomeStatementHistory": {"incomeStatementHistory": [{"maxAge": 1, "endDate": "2020-03-31", "totalRevenue": 6043222000, "costOfRevenue": 4549154000, "grossProfit": 1494068000, "researchDevelopment": {}, "sellingGeneralAdministrative": 684429000, "nonRecurring": {}, "otherOperatingExpenses": 395348000, "totalOperatingExpenses": 5662127000, "operatingIncome": 381095000, "totalOtherIncomeExpenseNet": 65234000, "ebit": 381095000, "interestExpense": -62025000, "incomeBeforeTax": 446329000, "incomeTaxExpense": 105528000, "minorityInterest": {}, "netIncomeFromContinuingOps": 340801000, "discontinuedOperations": {}, "extraordinaryItems": {}, "effectOfAccountingCharges": {}, "otherItems": {}, "netIncome": 340801000, "netIncomeApplicableToCommonShares": 340801000}, {"maxAge": 1, "endDate": "2019-03-31", "totalRevenue": 6008459000, "costOfRevenue": 4268455000, "grossProfit": 1740004000, "researchDevelopment": {}, "sellingGeneralAdministrative": 742862000, "nonRecurring": {}, "otherOperatingExpenses": 276134000, "totalOperatingExpenses": 5321076000, "operatingIncome": 687383000, "totalOtherIncomeExpenseNet": -72350000, "ebit": 687383000, "interestExpense": -91692000, "incomeBeforeTax": 615033000, "incomeTaxExpense": 236653000, "minorityInterest": {}, "netIncomeFromContinuingOps": 378380000, "discontinuedOperations": {}, "extraordinaryItems": {}, "effectOfAccountingCharges": {}, "otherItems": {}, "netIncome": 378380000, "netIncomeApplicableToCommonShares": 378380000}, {"maxAge": 1, "endDate": "2018-03-31", "totalRevenue": 6137283000, "costOfRevenue": 5465309000, "grossProfit": 671974000, "researchDevelopment": {}, "sellingGeneralAdministrative": 129696000, "nonRecurring": {}, "otherOperatingExpenses": 50902000, "totalOperatingExpenses": 5677003000, "operatingIncome": 460280000, "totalOtherIncomeExpenseNet": -82568000, "ebit": 460280000, "interestExpense": -93735000, "incomeBeforeTax": 377712000, "incomeTaxExpense": 138848000, "minorityInterest": {}, "netIncomeFromContinuingOps": 238864000, "discontinuedOperations": {}, "extraordinaryItems": {}, "effectOfAccountingCharges": {}, "otherItems": {}, "netIncome": 238864000, "netIncomeApplicableToCommonShares": 238864000}, {"maxAge": 1, "endDate": "2017-03-31", "totalRevenue": 4890602000, "costOfRevenue": 4461176000, "grossProfit": 429426000, "researchDevelopment": {}, "sellingGeneralAdministrative": 79856000, "nonRecurring": {}, "otherOperatingExpenses": 56731000, "totalOperatingExpenses": 4627370000, "operatingIncome": 263232000, "totalOtherIncomeExpenseNet": -82842000, "ebit": 263232000, "interestExpense": -87370000, "incomeBeforeTax": 180390000, "incomeTaxExpense": 83412000, "minorityInterest": {}, "netIncomeFromContinuingOps": 96978000, "discontinuedOperations": {}, "extraordinaryItems": {}, "effectOfAccountingCharges": {}, "otherItems": {}, "netIncome": 96978000, "netIncomeApplicableToCommonShares": 96978000}], "maxAge": 86400}, "fundOwnership": {"maxAge": 1, "ownershipList": []}, "summaryDetail": {"maxAge": 1, "priceHint": 2, "previousClose": 182.6, "open": 179.0, "dayLow": 175.0, "dayHigh": 181.0, "regularMarketPreviousClose": 182.6, "regularMarketOpen": 179.0, "regularMarketDayLow": 175.0, "regularMarketDayHigh": 181.0, "trailingPE": 5.525328, "volume": 6300, "regularMarketVolume": 6300, "averageVolume": 13442, "averageVolume10days": 8109, "averageDailyVolume10Day": 8109, "bid": 175.0, "ask": 179.5, "bidSize": 0, "askSize": 0, "marketCap": 1796826880, "fiftyTwoWeekLow": 137.0, "fiftyTwoWeekHigh": 290.0, "fiftyDayAverage": 180.20428, "twoHundredDayAverage": 183.37518, "trailingAnnualDividendRate": 1.5, "trailingAnnualDividendYield": 0.008214677, "currency": "INR", "fromCurrency": null, "toCurrency": null, "lastMarket": null, "algorithm": null, "tradeable": false}, "incomeStatementHistoryQuarterly": {"incomeStatementHistory": [{"maxAge": 1, "endDate": "2020-06-30", "totalRevenue": 939019000, "costOfRevenue": 635579000, "grossProfit": 303440000, "researchDevelopment": {}, "sellingGeneralAdministrative": 29826000, "nonRecurring": {}, "otherOperatingExpenses": 155893000, "totalOperatingExpenses": 829128000, "operatingIncome": 109891000, "totalOtherIncomeExpenseNet": -10527000, "ebit": 109891000, "interestExpense": -10527000, "incomeBeforeTax": 99364000, "incomeTaxExpense": 26235000, "minorityInterest": {}, "netIncomeFromContinuingOps": 73129000, "discontinuedOperations": {}, "extraordinaryItems": {}, "effectOfAccountingCharges": {}, "otherItems": {}, "netIncome": 73129000, "netIncomeApplicableToCommonShares": 73129000}, {"maxAge": 1, "endDate": "2020-03-31", "totalRevenue": 1061561000, "costOfRevenue": 130638000, "grossProfit": 930923000, "researchDevelopment": {}, "sellingGeneralAdministrative": 592389000, "nonRecurring": {}, "otherOperatingExpenses": 431759000, "totalOperatingExpenses": 1162504000, "operatingIncome": -100943000, "totalOtherIncomeExpenseNet": 121980000, "ebit": -100943000, "interestExpense": -5279000, "incomeBeforeTax": 21037000, "incomeTaxExpense": 4831000, "minorityInterest": {}, "netIncomeFromContinuingOps": 16206000, "discontinuedOperations": {}, "extraordinaryItems": {}, "effectOfAccountingCharges": {}, "otherItems": {}, "netIncome": 16206000, "netIncomeApplicableToCommonShares": 16206000}, {"maxAge": 1, "endDate": "2019-12-31", "totalRevenue": 1977215000, "costOfRevenue": 1804995000, "grossProfit": 172220000, "researchDevelopment": {}, "sellingGeneralAdministrative": 34397000, "nonRecurring": {}, "otherOperatingExpenses": -23315000, "totalOperatingExpenses": 1824972000, "operatingIncome": 152243000, "totalOtherIncomeExpenseNet": -20725000, "ebit": 152243000, "interestExpense": -20725000, "incomeBeforeTax": 131518000, "incomeTaxExpense": 29187000, "minorityInterest": {}, "netIncomeFromContinuingOps": 102331000, "discontinuedOperations": {}, "extraordinaryItems": {}, "effectOfAccountingCharges": {}, "otherItems": {}, "netIncome": 102331000, "netIncomeApplicableToCommonShares": 102331000}, {"maxAge": 1, "endDate": "2019-09-30", "totalRevenue": 1640288000, "costOfRevenue": 1437473000, "grossProfit": 202815000, "researchDevelopment": {}, "sellingGeneralAdministrative": 30910000, "nonRecurring": {}, "otherOperatingExpenses": -8423000, "totalOperatingExpenses": 1468547000, "operatingIncome": 171741000, "totalOtherIncomeExpenseNet": -18803000, "ebit": 171741000, "interestExpense": -18803000, "incomeBeforeTax": 152938000, "incomeTaxExpense": 19334000, "minorityInterest": {}, "netIncomeFromContinuingOps": 133604000, "discontinuedOperations": {}, "extraordinaryItems": {}, "effectOfAccountingCharges": {}, "otherItems": {}, "netIncome": 133604000, "netIncomeApplicableToCommonShares": 133604000}], "maxAge": 86400}, "cashflowStatementHistoryQuarterly": {"cashflowStatements": [{"maxAge": 1, "endDate": "2020-06-30", "netIncome": 73129000, "changeToLiabilities": 0}, {"maxAge": 1, "endDate": "2020-03-31", "netIncome": 16206000, "changeToLiabilities": 0}, {"maxAge": 1, "endDate": "2019-12-31", "netIncome": 102331000, "changeToLiabilities": 0}, {"maxAge": 1, "endDate": "2019-09-30", "netIncome": 133604000, "changeToLiabilities": 0}], "maxAge": 86400}, "insiderHolders": {"holders": [{"maxAge": 1, "name": "Sricharan (G.)", "relation": "Promoter", "url": "", "transactionDescription": "Sale", "latestTransDate": "2019-12-20", "positionDirect": 199220, "positionDirectDate": "2019-12-20"}, {"maxAge": 1, "name": "Thottoli (Valsaraj)", "relation": "Managing Director", "url": "", "transactionDescription": "Acquisition", "latestTransDate": "2019-08-14", "positionDirect": 524152, "positionDirectDate": "2019-08-14"}], "maxAge": 1}, "calendarEvents": {"maxAge": 1, "earnings": {"earningsDate": []}}, "price": {"maxAge": 1, "regularMarketChangePercent": -0.03231111, "regularMarketChange": -5.900009, "regularMarketTime": "2021-04-30 15:29:40", "priceHint": 2, "regularMarketPrice": 176.7, "regularMarketDayHigh": 181.0, "regularMarketDayLow": 175.0, "regularMarketVolume": 6300, "averageDailyVolume10Day": 8109, "averageDailyVolume3Month": 13442, "regularMarketPreviousClose": 182.6, "regularMarketSource": "FREE_REALTIME", "regularMarketOpen": 179.0, "exchange": "BSE", "exchangeName": "BSE", "exchangeDataDelayedBy": 0, "marketState": "CLOSED", "quoteType": "EQUITY", "symbol": "COASTCORP.BO", "underlyingSymbol": null, "shortName": "COASTAL CORPORATION LTD.", "longName": "Coastal Corporation Limited", "currency": "INR", "quoteSourceName": "Delayed Quote", "currencySymbol": "\u20b9", "fromCurrency": null, "toCurrency": null, "lastMarket": null, "marketCap": 1796826880}, "balanceSheetHistory": {"balanceSheetStatements": [{"maxAge": 1, "endDate": "2020-03-31", "cash": 153988000, "shortTermInvestments": 300157000, "netReceivables": 484945000, "inventory": 1032994000, "otherCurrentAssets": 84988000, "totalCurrentAssets": 2073001000, "longTermInvestments": 128215000, "propertyPlantEquipment": 408845000, "otherAssets": 195842000, "totalAssets": 2805903000, "accountsPayable": 150950000, "shortLongTermDebt": 1620000, "otherCurrentLiab": 64171000, "longTermDebt": 2089000, "otherLiab": 27438000, "totalCurrentLiabilities": 1343953000, "totalLiab": 1374023000, "commonStock": 101688000, "retainedEarnings": 1334095000, "treasuryStock": -8598000, "capitalSurplus": 4695000, "otherStockholderEquity": -8598000, "totalStockholderEquity": 1431880000, "netTangibleAssets": 1431880000}, {"maxAge": 1, "endDate": "2019-03-31", "cash": 83570000, "shortTermInvestments": 194877000, "netReceivables": 826863000, "inventory": 1147715000, "otherCurrentAssets": 48483000, "totalCurrentAssets": 2302508000, "longTermInvestments": 91364000, "propertyPlantEquipment": 355712000, "otherAssets": 163709000, "totalAssets": 2913293000, "accountsPayable": 336387000, "shortLongTermDebt": 9730000, "otherCurrentLiab": 94560000, "longTermDebt": 3717000, "otherLiab": 44646000, "totalCurrentLiabilities": 1730026000, "totalLiab": 1778389000, "commonStock": 101688000, "retainedEarnings": 1030071000, "treasuryStock": -1550000, "capitalSurplus": 4695000, "otherStockholderEquity": -1550000, "totalStockholderEquity": 1134904000, "netTangibleAssets": 1134904000}, {"maxAge": 1, "endDate": "2018-03-31", "cash": 74089000, "shortTermInvestments": 96860000, "netReceivables": 665021000, "inventory": 788887000, "otherCurrentAssets": 143331000, "totalCurrentAssets": 1769197000, "longTermInvestments": 79791000, "propertyPlantEquipment": 410477000, "intangibleAssets": 17000, "otherAssets": 80419000, "totalAssets": 2339901000, "accountsPayable": 430118000, "shortLongTermDebt": 10178000, "otherCurrentLiab": 140168000, "longTermDebt": 19086000, "otherLiab": 51740000, "totalCurrentLiabilities": 1505165000, "totalLiab": 1575991000, "commonStock": 25422000, "retainedEarnings": 733504000, "treasuryStock": 289000, "capitalSurplus": 4695000, "otherStockholderEquity": 289000, "totalStockholderEquity": 763910000, "netTangibleAssets": 763893000}, {"maxAge": 1, "endDate": "2017-03-31", "cash": 21782000, "shortTermInvestments": 56098000, "netReceivables": 566593000, "inventory": 619482000, "otherCurrentAssets": 89279000, "totalCurrentAssets": 1354175000, "longTermInvestments": 110375000, "propertyPlantEquipment": 308028000, "otherAssets": 89675000, "totalAssets": 1862253000, "accountsPayable": 379928000, "shortLongTermDebt": 9609000, "otherCurrentLiab": 83484000, "longTermDebt": 24870000, "otherLiab": 51963000, "totalCurrentLiabilities": 1258148000, "totalLiab": 1334981000, "commonStock": 25422000, "retainedEarnings": 496866000, "treasuryStock": 289000, "capitalSurplus": 4695000, "otherStockholderEquity": 289000, "totalStockholderEquity": 527272000, "netTangibleAssets": 527272000}], "maxAge": 86400}, "financialData": {"maxAge": 86400, "currentPrice": 176.7, "recommendationKey": "none", "grossProfits": 1494068000, "financialCurrency": "INR"}}}