{"COCHINM.BO": {"recommendationTrend": {"trend": [{"period": "0m", "strongBuy": 0, "buy": 0, "hold": 0, "sell": 0, "strongSell": 0}, {"period": "-1m", "strongBuy": 0, "buy": 0, "hold": 0, "sell": 0, "strongSell": 0}, {"period": "-2m", "strongBuy": 0, "buy": 0, "hold": 0, "sell": 0, "strongSell": 0}, {"period": "-3m", "strongBuy": 0, "buy": 0, "hold": 0, "sell": 0, "strongSell": 0}], "maxAge": 86400}, "cashflowStatementHistory": {"cashflowStatements": [{"maxAge": 1, "endDate": "2020-03-31", "netIncome": 59869000, "depreciation": 5667000, "changeToNetincome": 6042000, "changeToAccountReceivables": -84742000, "changeToLiabilities": 348508000, "changeToInventory": 70181000, "changeToOperatingActivities": -48396000, "totalCashFromOperatingActivities": 355674000, "capitalExpenditures": -8751000, "otherCashflowsFromInvestingActivities": 7568000, "totalCashflowsFromInvestingActivities": -1016000, "dividendsPaid": -15660000, "netBorrowings": -327774000, "otherCashflowsFromFinancingActivities": -19680000, "totalCashFromFinancingActivities": -363114000, "changeInCash": -8456000}, {"maxAge": 1, "endDate": "2019-03-31", "netIncome": 54696000, "depreciation": 5181000, "changeToNetincome": 77791000, "changeToAccountReceivables": 70160000, "changeToLiabilities": 58633000, "changeToInventory": -16036000, "changeToOperatingActivities": -123983000, "totalCashFromOperatingActivities": 126400000, "capitalExpenditures": -1943000, "otherCashflowsFromInvestingActivities": -27777000, "totalCashflowsFromInvestingActivities": -29720000, "dividendsPaid": -15660000, "netBorrowings": -6908000, "otherCashflowsFromFinancingActivities": -46017000, "totalCashFromFinancingActivities": -52925000, "changeInCash": 43755000}, {"maxAge": 1, "endDate": "2018-03-31", "netIncome": 13393000, "depreciation": 6857000, "changeToNetincome": 64541000, "changeToAccountReceivables": -61443000, "changeToLiabilities": 181471000, "changeToInventory": -271890000, "changeToOperatingActivities": 154450000, "totalCashFromOperatingActivities": 87118000, "capitalExpenditures": -4177000, "otherCashflowsFromInvestingActivities": 16848000, "totalCashflowsFromInvestingActivities": 40909000, "dividendsPaid": -15660000, "netBorrowings": -71955000, "otherCashflowsFromFinancingActivities": -56933000, "totalCashFromFinancingActivities": -128888000, "changeInCash": -861000}, {"maxAge": 1, "endDate": "2017-03-31", "netIncome": -57272000, "depreciation": 9021000, "changeToNetincome": 40157000, "changeToAccountReceivables": 4802000, "changeToLiabilities": -202572000, "changeToInventory": 331960000, "changeToOperatingActivities": -961000, "totalCashFromOperatingActivities": 125560000, "capitalExpenditures": -25658000, "investments": 17443000, "otherCashflowsFromInvestingActivities": 566000, "totalCashflowsFromInvestingActivities": -7552000, "dividendsPaid": -15660000, "netBorrowings": -54500000, "otherCashflowsFromFinancingActivities": -63768000, "totalCashFromFinancingActivities": -118268000, "changeInCash": -260000}], "maxAge": 86400}, "institutionOwnership": {"ownershipList": [], "maxAge": 1}, "balanceSheetHistoryQuarterly": {"balanceSheetStatements": [{"maxAge": 1, "endDate": "2020-06-30", "totalStockholderEquity": 772904000, "netTangibleAssets": 772904000}, {"maxAge": 1, "endDate": "2020-03-31", "cash": 35955000, "netReceivables": 208847000, "inventory": 636543000, "otherCurrentAssets": 155120000, "totalCurrentAssets": 1037949000, "longTermInvestments": 139583000, "propertyPlantEquipment": 234677000, "otherAssets": 125044000, "deferredLongTermAssetCharges": 74300000, "totalAssets": 1537253000, "accountsPayable": 709400000, "otherCurrentLiab": 31602000, "otherLiab": 18995000, "totalCurrentLiabilities": 745354000, "totalLiab": 764349000, "commonStock": 78300000, "retainedEarnings": 692406000, "treasuryStock": 2198000, "otherStockholderEquity": 2198000, "totalStockholderEquity": 772904000, "netTangibleAssets": 772904000}, {"maxAge": 1, "endDate": "2019-12-31", "totalStockholderEquity": 788038000, "netTangibleAssets": 788038000}, {"maxAge": 1, "endDate": "2019-09-30", "cash": 99635000, "netReceivables": 135347000, "inventory": 514920000, "otherCurrentAssets": 179228000, "totalCurrentAssets": 929130000, "longTermInvestments": 140768000, "propertyPlantEquipment": 229616000, "otherAssets": 187725000, "deferredLongTermAssetCharges": 136852000, "totalAssets": 1487239000, "accountsPayable": 337167000, "shortLongTermDebt": 36536000, "otherCurrentLiab": 236163000, "otherLiab": 9606000, "totalCurrentLiabilities": 689595000, "totalLiab": 699201000, "commonStock": 78300000, "treasuryStock": 709738000, "otherStockholderEquity": 709738000, "totalStockholderEquity": 788038000, "netTangibleAssets": 788038000}], "maxAge": 86400}, "earningsHistory": {"history": [{"maxAge": 1, "epsActual": {}, "epsEstimate": {}, "epsDifference": {}, "surprisePercent": {}, "quarter": {}, "period": "-4q"}, {"maxAge": 1, "epsActual": {}, "epsEstimate": {}, "epsDifference": {}, "surprisePercent": {}, "quarter": {}, "period": "-3q"}, {"maxAge": 1, "epsActual": {}, "epsEstimate": {}, "epsDifference": {}, "surprisePercent": {}, "quarter": {}, "period": "-2q"}, {"maxAge": 1, "epsActual": {}, "epsEstimate": {}, "epsDifference": {}, "surprisePercent": {}, "quarter": {}, "period": "-1q"}], "maxAge": 86400}, "indexTrend": {"maxAge": 1, "symbol": "SP5", "peRatio": 19.7411, "pegRatio": 1.34172, "estimates": [{"period": "0q", "growth": 0.549}, {"period": "+1q", "growth": 0.431}, {"period": "0y", "growth": 0.305}, {"period": "+1y", "growth": 0.109}, {"period": "+5y", "growth": 0.120859005}, {"period": "-5y"}]}, "industryTrend": {"maxAge": 1, "symbol": null, "estimates": []}, "insiderTransactions": {"transactions": [{"maxAge": 1, "shares": 3310, "filerUrl": "", "transactionText": "", "filerName": "Sasidharan (S N)", "filerRelation": "Director (Executive)", "moneyText": "", "startDate": "2020-03-31", "ownership": "D"}, {"maxAge": 1, "shares": 8602, "filerUrl": "", "transactionText": "", "filerName": "Kartha (Saran S.)", "filerRelation": "Promoter", "moneyText": "", "startDate": "2020-03-19", "ownership": "D"}, {"maxAge": 1, "shares": 300000, "filerUrl": "", "transactionText": "", "filerName": "Cherian (Mathew Mundanical)", "filerRelation": "Non Executive Vice Chairman", "moneyText": "", "startDate": "2019-11-18", "ownership": "D"}, {"maxAge": 1, "shares": 300000, "filerUrl": "", "transactionText": "", "filerName": "Sasidharan (S N)", "filerRelation": "Promoter", "moneyText": "", "startDate": "2019-11-18", "ownership": "D"}, {"maxAge": 1, "shares": 6012, "filerUrl": "", "transactionText": "", "filerName": "Cherian (Mathew Mundanical)", "filerRelation": "Non Executive Vice Chairman", "moneyText": "", "startDate": "2019-11-11", "ownership": "D"}, {"maxAge": 1, "shares": 1400, "filerUrl": "", "transactionText": "", "filerName": "Cherian (Mathew Mundanical)", "filerRelation": "Non Executive Vice Chairman", "moneyText": "", "startDate": "2018-07-13", "ownership": "D"}, {"maxAge": 1, "shares": 2000, "filerUrl": "", "transactionText": "", "filerName": "Cherian (Mathew Mundanical)", "filerRelation": "Promoter", "moneyText": "", "startDate": "2018-07-09", "ownership": "D"}, {"maxAge": 1, "shares": 4000, "filerUrl": "", "transactionText": "", "filerName": "Cherian (Mathew Mundanical)", "filerRelation": "Promoter", "moneyText": "", "startDate": "2018-06-19", "ownership": "D"}, {"maxAge": 1, "shares": 16610, "filerUrl": "", "transactionText": "", "filerName": "Cherian (Mathew Mundanical)", "filerRelation": "Promoter", "moneyText": "", "startDate": "2018-06-13", "ownership": "D"}, {"maxAge": 1, "shares": 15060, "filerUrl": "", "transactionText": "", "filerName": "Cherian (Mathew Mundanical)", "filerRelation": "Promoter", "moneyText": "", "startDate": "2018-06-11", "ownership": "D"}], "maxAge": 1}, "quoteType": {"exchange": "BSE", "quoteType": "EQUITY", "symbol": "COCHINM.BO", "underlyingSymbol": "COCHINM.BO", "shortName": "COCHIN MINERALS & RUTILE LTD.", "longName": "Cochin Minerals and Rutile Limited", "firstTradeDateEpochUtc": "2001-08-21 09:15:00", "timeZoneFullName": "Asia/Kolkata", "timeZoneShortName": "IST", "uuid": "d00d0251-a02a-354c-8a93-d3387d7f323a", "gmtOffSetMilliseconds": 19800000, "maxAge": 1}, "incomeStatementHistory": {"incomeStatementHistory": [{"maxAge": 1, "endDate": "2020-03-31", "totalRevenue": 2635822000, "costOfRevenue": 1391326000, "grossProfit": 1244496000, "researchDevelopment": {}, "sellingGeneralAdministrative": 286851000, "nonRecurring": {}, "otherOperatingExpenses": 743068000, "totalOperatingExpenses": 2426912000, "operatingIncome": 208910000, "totalOtherIncomeExpenseNet": -11026000, "ebit": 208910000, "interestExpense": -16461000, "incomeBeforeTax": 197884000, "incomeTaxExpense": 138015000, "minorityInterest": {}, "netIncomeFromContinuingOps": 59869000, "discontinuedOperations": {}, "extraordinaryItems": {}, "effectOfAccountingCharges": {}, "otherItems": {}, "netIncome": 59869000, "netIncomeApplicableToCommonShares": 59869000}, {"maxAge": 1, "endDate": "2019-03-31", "totalRevenue": 2236548000, "costOfRevenue": 1196998000, "grossProfit": 1039550000, "researchDevelopment": {}, "sellingGeneralAdministrative": 224426000, "nonRecurring": {}, "otherOperatingExpenses": 664027000, "totalOperatingExpenses": 2090632000, "operatingIncome": 145916000, "totalOtherIncomeExpenseNet": -28976000, "ebit": 145916000, "interestExpense": -46017000, "incomeBeforeTax": 116940000, "incomeTaxExpense": 62244000, "minorityInterest": {}, "netIncomeFromContinuingOps": 54696000, "discontinuedOperations": {}, "extraordinaryItems": {}, "effectOfAccountingCharges": {}, "otherItems": {}, "netIncome": 54696000, "netIncomeApplicableToCommonShares": 54696000}, {"maxAge": 1, "endDate": "2018-03-31", "totalRevenue": 1645045000, "costOfRevenue": 711779000, "grossProfit": 933266000, "researchDevelopment": {}, "sellingGeneralAdministrative": 238612000, "nonRecurring": {}, "otherOperatingExpenses": 613389000, "totalOperatingExpenses": 1570637000, "operatingIncome": 74408000, "totalOtherIncomeExpenseNet": -52600000, "ebit": 74408000, "interestExpense": -56933000, "incomeBeforeTax": 21808000, "incomeTaxExpense": 8415000, "minorityInterest": {}, "netIncomeFromContinuingOps": 13393000, "discontinuedOperations": {}, "extraordinaryItems": {}, "effectOfAccountingCharges": {}, "otherItems": {}, "netIncome": 13393000, "netIncomeApplicableToCommonShares": 13393000}, {"maxAge": 1, "endDate": "2017-03-31", "totalRevenue": 1490006000, "costOfRevenue": 754745000, "grossProfit": 735261000, "researchDevelopment": {}, "sellingGeneralAdministrative": 222068000, "nonRecurring": {}, "otherOperatingExpenses": 522945000, "totalOperatingExpenses": 1508779000, "operatingIncome": -18773000, "totalOtherIncomeExpenseNet": -61544000, "ebit": -18773000, "interestExpense": -63768000, "incomeBeforeTax": -80317000, "incomeTaxExpense": -23045000, "minorityInterest": {}, "netIncomeFromContinuingOps": -57272000, "discontinuedOperations": {}, "extraordinaryItems": {}, "effectOfAccountingCharges": {}, "otherItems": {}, "netIncome": -57272000, "netIncomeApplicableToCommonShares": -57272000}], "maxAge": 86400}, "fundOwnership": {"ownershipList": [], "maxAge": 1}, "summaryDetail": {"maxAge": 1, "priceHint": 2, "previousClose": 130.25, "open": 133.0, "dayLow": 106.0, "dayHigh": 133.0, "regularMarketPreviousClose": 130.25, "regularMarketOpen": 133.0, "regularMarketDayLow": 106.0, "regularMarketDayHigh": 133.0, "trailingPE": 17.948717, "volume": 34192, "regularMarketVolume": 34192, "averageVolume": 7586, "averageVolume10days": 1596, "averageDailyVolume10Day": 1596, "bid": 120.0, "ask": 120.4, "bidSize": 0, "askSize": 0, "marketCap": 942732032, "fiftyTwoWeekLow": 77.0, "fiftyTwoWeekHigh": 161.0, "fiftyDayAverage": 134.67273, "twoHundredDayAverage": 122.91838, "trailingAnnualDividendRate": 2.0, "trailingAnnualDividendYield": 0.015355086, "currency": "INR", "fromCurrency": null, "lastMarket": null, "algorithm": null, "tradeable": false}, "sectorTrend": {"maxAge": 1, "symbol": null, "estimates": []}, "incomeStatementHistoryQuarterly": {"incomeStatementHistory": [{"maxAge": 1, "endDate": "2020-06-30", "totalRevenue": 632354000, "costOfRevenue": 291269000, "grossProfit": 341085000, "researchDevelopment": {}, "sellingGeneralAdministrative": 67440000, "nonRecurring": {}, "otherOperatingExpenses": 213969000, "totalOperatingExpenses": 575253000, "operatingIncome": 57101000, "totalOtherIncomeExpenseNet": -1850000, "ebit": 57101000, "interestExpense": -1850000, "incomeBeforeTax": 55251000, "incomeTaxExpense": 30210000, "minorityInterest": {}, "netIncomeFromContinuingOps": 25041000, "discontinuedOperations": {}, "extraordinaryItems": {}, "effectOfAccountingCharges": {}, "otherItems": {}, "netIncome": 25041000, "netIncomeApplicableToCommonShares": 25041000}, {"maxAge": 1, "endDate": "2020-03-31", "totalRevenue": 703195000, "costOfRevenue": 449528000, "grossProfit": 253667000, "researchDevelopment": {}, "sellingGeneralAdministrative": 119007000, "nonRecurring": {}, "otherOperatingExpenses": 107841000, "totalOperatingExpenses": 678577000, "operatingIncome": 24618000, "totalOtherIncomeExpenseNet": 4586000, "ebit": 24618000, "interestExpense": -849000, "incomeBeforeTax": 29204000, "incomeTaxExpense": 50948000, "minorityInterest": {}, "netIncomeFromContinuingOps": -21744000, "discontinuedOperations": {}, "extraordinaryItems": {}, "effectOfAccountingCharges": {}, "otherItems": {}, "netIncome": -21744000, "netIncomeApplicableToCommonShares": -21744000}, {"maxAge": 1, "endDate": "2019-12-31", "totalRevenue": 637006000, "costOfRevenue": 275350000, "grossProfit": 361656000, "researchDevelopment": {}, "sellingGeneralAdministrative": 72563000, "nonRecurring": {}, "otherOperatingExpenses": 234039000, "totalOperatingExpenses": 583203000, "operatingIncome": 53803000, "totalOtherIncomeExpenseNet": -1613000, "ebit": 53803000, "interestExpense": -1613000, "incomeBeforeTax": 52190000, "incomeTaxExpense": 26831000, "minorityInterest": {}, "netIncomeFromContinuingOps": 25359000, "discontinuedOperations": {}, "extraordinaryItems": {}, "effectOfAccountingCharges": {}, "otherItems": {}, "netIncome": 25359000, "netIncomeApplicableToCommonShares": 25359000}, {"maxAge": 1, "endDate": "2019-09-30", "totalRevenue": 570659000, "costOfRevenue": 279376000, "grossProfit": 291283000, "researchDevelopment": {}, "sellingGeneralAdministrative": 51881000, "nonRecurring": {}, "otherOperatingExpenses": 195419000, "totalOperatingExpenses": 527596000, "operatingIncome": 43063000, "totalOtherIncomeExpenseNet": -1609000, "ebit": 43063000, "interestExpense": -1948000, "incomeBeforeTax": 41454000, "incomeTaxExpense": 17619000, "minorityInterest": {}, "netIncomeFromContinuingOps": 23835000, "discontinuedOperations": {}, "extraordinaryItems": {}, "effectOfAccountingCharges": {}, "otherItems": {}, "netIncome": 23835000, "netIncomeApplicableToCommonShares": 23835000}], "maxAge": 86400}, "cashflowStatementHistoryQuarterly": {"cashflowStatements": [{"maxAge": 1, "endDate": "2020-06-30", "netIncome": 25041000, "changeToLiabilities": 0}, {"maxAge": 1, "endDate": "2020-03-31", "netIncome": -21744000, "changeToLiabilities": 0}, {"maxAge": 1, "endDate": "2019-12-31", "netIncome": 25359000, "changeToLiabilities": 0}, {"maxAge": 1, "endDate": "2019-09-30", "netIncome": 23835000, "changeToLiabilities": 0}], "maxAge": 86400}, "insiderHolders": {"holders": [{"maxAge": 1, "name": "Cherian (Mathew Mundanical)", "relation": "Non Executive Vice Chairman", "url": "", "transactionDescription": "Acquisition", "latestTransDate": "2019-11-18", "positionDirect": 478068, "positionDirectDate": "2019-11-18"}, {"maxAge": 1, "name": "Kartha (Saran S.)", "relation": "Promoter", "url": "", "transactionDescription": "Acquisition", "latestTransDate": "2020-03-19", "positionDirect": 167564, "positionDirectDate": "2020-03-19"}, {"maxAge": 1, "name": "Sasidharan (S N)", "relation": "Director (Executive)", "url": "", "transactionDescription": "Acquisition", "latestTransDate": "2020-03-31", "positionDirect": 1657829, "positionDirectDate": "2020-03-31"}], "maxAge": 1}, "earnings": {"maxAge": 86400, "earningsChart": {"quarterly": [], "earningsDate": ["2020-08-21 05:30:S"]}, "financialsChart": {"yearly": [{"date": 2017, "revenue": 1490006000, "earnings": -57272000}, {"date": 2018, "revenue": 1645045000, "earnings": 13393000}, {"date": 2019, "revenue": 2236548000, "earnings": 54696000}, {"date": 2020, "revenue": 2635822000, "earnings": 59869000}], "quarterly": [{"date": "3Q2019", "revenue": 570659000, "earnings": 23835000}, {"date": "4Q2019", "revenue": 637006000, "earnings": 25359000}, {"date": "1Q2020", "revenue": 703195000, "earnings": -21744000}, {"date": "2Q2020", "revenue": 632354000, "earnings": 25041000}]}, "financialCurrency": "INR"}, "calendarEvents": {"maxAge": 1, "earnings": {"earningsDate": ["2020-08-21 05:30:S"]}}, "upgradeDowngradeHistory": {"history": [], "maxAge": 86400}, "price": {"maxAge": 1, "regularMarketChangePercent": -0.07562379, "regularMarketChange": -9.849998, "regularMarketTime": "2021-04-30 15:47:41", "priceHint": 2, "regularMarketPrice": 120.4, "regularMarketDayHigh": 133.0, "regularMarketDayLow": 106.0, "regularMarketVolume": 34192, "averageDailyVolume10Day": 1596, "averageDailyVolume3Month": 7586, "regularMarketPreviousClose": 130.25, "regularMarketSource": "FREE_REALTIME", "regularMarketOpen": 133.0, "exchange": "BSE", "exchangeName": "BSE", "exchangeDataDelayedBy": 0, "marketState": "CLOSED", "quoteType": "EQUITY", "symbol": "COCHINM.BO", "underlyingSymbol": null, "shortName": "COCHIN MINERALS & RUTILE LTD.", "longName": "Cochin Minerals and Rutile Limited", "currency": "INR", "quoteSourceName": "Delayed Quote", "currencySymbol": "\u20b9", "fromCurrency": null, "lastMarket": null, "marketCap": 942732032}, "balanceSheetHistory": {"balanceSheetStatements": [{"maxAge": 1, "endDate": "2020-03-31", "cash": 35955000, "netReceivables": 208847000, "inventory": 636543000, "otherCurrentAssets": 155120000, "totalCurrentAssets": 1037949000, "longTermInvestments": 139583000, "propertyPlantEquipment": 234677000, "otherAssets": 125044000, "deferredLongTermAssetCharges": 74300000, "totalAssets": 1537253000, "accountsPayable": 709400000, "otherCurrentLiab": 31602000, "otherLiab": 18995000, "totalCurrentLiabilities": 745354000, "totalLiab": 764349000, "commonStock": 78300000, "retainedEarnings": 692406000, "treasuryStock": 2198000, "otherStockholderEquity": 2198000, "totalStockholderEquity": 772904000, "netTangibleAssets": 772904000}, {"maxAge": 1, "endDate": "2019-03-31", "cash": 44411000, "netReceivables": 166205000, "inventory": 706724000, "otherCurrentAssets": 46546000, "totalCurrentAssets": 965052000, "longTermInvestments": 141840000, "propertyPlantEquipment": 231760000, "otherAssets": 228145000, "deferredLongTermAssetCharges": 177483000, "totalAssets": 1566797000, "accountsPayable": 360892000, "shortLongTermDebt": 53172000, "otherCurrentLiab": 72070000, "otherLiab": 16082000, "totalCurrentLiabilities": 818234000, "totalLiab": 834316000, "commonStock": 78300000, "retainedEarnings": 650383000, "treasuryStock": 3798000, "otherStockholderEquity": 3798000, "totalStockholderEquity": 732481000, "netTangibleAssets": 732481000}, {"maxAge": 1, "endDate": "2018-03-31", "cash": 656000, "netReceivables": 245033000, "inventory": 690688000, "otherCurrentAssets": 17954000, "totalCurrentAssets": 955906000, "longTermInvestments": 142245000, "propertyPlantEquipment": 234998000, "otherAssets": 260979000, "deferredLongTermAssetCharges": 210317000, "totalAssets": 1594128000, "accountsPayable": 302259000, "shortLongTermDebt": 49920000, "otherCurrentLiab": 209749000, "longTermDebt": 54874000, "otherLiab": 13681000, "totalCurrentLiabilities": 847297000, "totalLiab": 915852000, "commonStock": 78300000, "retainedEarnings": 595915000, "treasuryStock": 4061000, "otherStockholderEquity": 4061000, "totalStockholderEquity": 678276000, "netTangibleAssets": 678276000}, {"maxAge": 1, "endDate": "2017-03-31", "cash": 1517000, "netReceivables": 162376000, "inventory": 418798000, "otherCurrentAssets": 25445000, "totalCurrentAssets": 609534000, "longTermInvestments": 143165000, "propertyPlantEquipment": 273267000, "otherAssets": 270426000, "deferredLongTermAssetCharges": 215576000, "totalAssets": 1296392000, "accountsPayable": 120788000, "shortLongTermDebt": 51678000, "otherCurrentLiab": 28661000, "longTermDebt": 103204000, "otherLiab": 7109000, "totalCurrentLiabilities": 514805000, "totalLiab": 625118000, "commonStock": 78300000, "retainedEarnings": 588297000, "treasuryStock": 4677000, "otherStockholderEquity": 4677000, "totalStockholderEquity": 671274000, "netTangibleAssets": 671274000}], "maxAge": 86400}, "earningsTrend": {"trend": [{"maxAge": 1, "period": "0q", "endDate": null, "growth": {}, "earningsEstimate": {"avg": 0.0, "low": 0.0, "high": 0.0, "yearAgoEps": {}, "numberOfAnalysts": 0, "growth": {}}, "revenueEstimate": {"avg": 0, "low": 0, "high": 0, "numberOfAnalysts": 0, "yearAgoRevenue": {}, "growth": {}}, "epsTrend": {"current": 0.0, "7daysAgo": 0.0, "30daysAgo": 0.0, "60daysAgo": 0.0, "90daysAgo": 0.0}, "epsRevisions": {"upLast7days": 0, "upLast30days": 0, "downLast30days": 0, "downLast90days": {}}}, {"maxAge": 1, "period": "+1q", "endDate": null, "growth": {}, "earningsEstimate": {"avg": 0.0, "low": 0.0, "high": 0.0, "yearAgoEps": {}, "numberOfAnalysts": 0, "growth": {}}, "revenueEstimate": {"avg": 0, "low": 0, "high": 0, "numberOfAnalysts": 0, "yearAgoRevenue": {}, "growth": {}}, "epsTrend": {"current": 0.0, "7daysAgo": 0.0, "30daysAgo": 0.0, "60daysAgo": 0.0, "90daysAgo": 0.0}, "epsRevisions": {"upLast7days": 0, "upLast30days": 0, "downLast30days": 0, "downLast90days": {}}}, {"maxAge": 1, "period": "0y", "endDate": null, "growth": {}, "earningsEstimate": {"avg": 0.0, "low": 0.0, "high": 0.0, "yearAgoEps": {}, "numberOfAnalysts": 0, "growth": {}}, "revenueEstimate": {"avg": 0, "low": 0, "high": 0, "numberOfAnalysts": 0, "yearAgoRevenue": {}, "growth": {}}, "epsTrend": {"current": 0.0, "7daysAgo": 0.0, "30daysAgo": 0.0, "60daysAgo": 0.0, "90daysAgo": 0.0}, "epsRevisions": {"upLast7days": 0, "upLast30days": 0, "downLast30days": 0, "downLast90days": {}}}, {"maxAge": 1, "period": "+1y", "endDate": null, "growth": {}, "earningsEstimate": {"avg": 0.0, "low": 0.0, "high": 0.0, "yearAgoEps": {}, "numberOfAnalysts": 0, "growth": {}}, "revenueEstimate": {"avg": 0, "low": 0, "high": 0, "numberOfAnalysts": 0, "yearAgoRevenue": {}, "growth": {}}, "epsTrend": {"current": 0.0, "7daysAgo": 0.0, "30daysAgo": 0.0, "60daysAgo": 0.0, "90daysAgo": 0.0}, "epsRevisions": {"upLast7days": 0, "upLast30days": 0, "downLast30days": 0, "downLast90days": {}}}, {"maxAge": 1, "period": "+5y", "endDate": null, "growth": {}, "earningsEstimate": {"avg": {}, "low": {}, "high": {}, "yearAgoEps": {}, "numberOfAnalysts": {}, "growth": {}}, "revenueEstimate": {"avg": {}, "low": {}, "high": {}, "numberOfAnalysts": {}, "yearAgoRevenue": {}, "growth": {}}, "epsTrend": {"current": {}, "7daysAgo": {}, "30daysAgo": {}, "60daysAgo": {}, "90daysAgo": {}}, "epsRevisions": {"upLast7days": {}, "upLast30days": {}, "downLast30days": {}, "downLast90days": {}}}, {"maxAge": 1, "period": "-5y", "endDate": null, "growth": {}, "earningsEstimate": {"avg": {}, "low": {}, "high": {}, "yearAgoEps": {}, "numberOfAnalysts": {}, "growth": {}}, "revenueEstimate": {"avg": {}, "low": {}, "high": {}, "numberOfAnalysts": {}, "yearAgoRevenue": {}, "growth": {}}, "epsTrend": {"current": {}, "7daysAgo": {}, "30daysAgo": {}, "60daysAgo": {}, "90daysAgo": {}}, "epsRevisions": {"upLast7days": {}, "upLast30days": {}, "downLast30days": {}, "downLast90days": {}}}], "maxAge": 1}, "financialData": {"maxAge": 86400, "currentPrice": 120.4, "targetHighPrice": 318.0, "targetLowPrice": 318.0, "targetMeanPrice": 318.0, "targetMedianPrice": 318.0, "recommendationKey": "none", "numberOfAnalystOpinions": 1, "grossProfits": 1244496000, "financialCurrency": "INR"}}}