{"COCHINSHIP.NS": {"assetProfile": {"address1": "Administrative Building", "address2": "Cochin Shipyard Premises Perumanoor", "city": "Kochi", "zip": "682015", "country": "India", "phone": "91 48 4250 1307", "fax": "91 48 4238 4001", "website": "http://www.cochinshipyard.com", "industry": "Aerospace & Defense", "sector": "Industrials", "longBusinessSummary": "Cochin Shipyard Limited engages in the shipbuilding and repair of ships/offshore structures in India. Its shipbuilding operations include offering tankers, product carriers, bulk carriers, passenger vessels, high bollard pull tugs, and air defence ships. It also undertakes upgradation of mobile offshore drilling units of Oil & Natural Gas Corporation; maintenance and repair of aircraft carriers of the Indian Navy; and repair and maintenance of tankers and bulk carriers of Shipping Corporation of India. In addition, the company provides marine engineering training services. Cochin Shipyard Limited was founded in 1969 and is based in Kochi, India.", "fullTimeEmployees": 1710, "companyOfficers": [{"maxAge": 1, "name": "Mr. Madhu Sankunny Nair", "age": 54, "title": "Chairman & MD", "yearBorn": 1966, "fiscalYear": 2020, "totalPay": 7813015, "exercisedValue": 0, "unexercisedValue": 0}, {"maxAge": 1, "name": "Mr. Valiyaparambil Jacob Jose", "age": 53, "title": "CFO, Director of Fin. & Director", "yearBorn": 1967, "fiscalYear": 2020, "totalPay": 4148885, "exercisedValue": 0, "unexercisedValue": 0}, {"maxAge": 1, "name": "Mr. Nikerthil Velayudhan Suresh Babu B.E.", "age": 59, "title": "Director of Operations & Director", "yearBorn": 1961, "fiscalYear": 2020, "totalPay": 6608986, "exercisedValue": 0, "unexercisedValue": 0}, {"maxAge": 1, "name": "Mr. Bejoy  Bhasker", "age": 54, "title": "Technical Director & Director", "yearBorn": 1966, "fiscalYear": 2020, "totalPay": 5346972, "exercisedValue": 0, "unexercisedValue": 0}, {"maxAge": 1, "name": "Mr. N.  Syamkamal", "age": 33, "title": "Company Sec. & Compliance Officer", "yearBorn": 1987, "fiscalYear": 2020, "totalPay": 8113995, "exercisedValue": 0, "unexercisedValue": 0}, {"maxAge": 1, "name": "Mr. N.  Sivaram", "title": "Deputy Gen. Mang. of Marketing", "exercisedValue": 0, "unexercisedValue": 0}, {"maxAge": 1, "name": "Mr. K. J. Ramesh", "age": 58, "title": "Chief Gen. Mang. of Human Resource & Training", "yearBorn": 1962, "fiscalYear": 2017, "exercisedValue": 0, "unexercisedValue": 0}, {"maxAge": 1, "name": "Mr. K. N. Sreejith", "title": "Chief Gen. Mang. of Ship Repair", "exercisedValue": 0, "unexercisedValue": 0}, {"maxAge": 1, "name": "Mr. M.  Murugaiah", "age": 58, "title": "Chief Gen. Mang. of TECH & HSE", "yearBorn": 1962, "fiscalYear": 2017, "exercisedValue": 0, "unexercisedValue": 0}, {"maxAge": 1, "name": "Mr. A. K. Subash", "title": "Deputy GM & Chief Welfare Officer", "exercisedValue": 0, "unexercisedValue": 0}], "compensationAsOfEpochDate": "2020-12-31 05:30:00", "maxAge": 86400}, "recommendationTrend": {"trend": [{"period": "0m", "strongBuy": 0, "buy": 0, "hold": 0, "sell": 0, "strongSell": 0}, {"period": "-1m", "strongBuy": 0, "buy": 0, "hold": 0, "sell": 0, "strongSell": 0}, {"period": "-2m", "strongBuy": 0, "buy": 0, "hold": 0, "sell": 0, "strongSell": 0}, {"period": "-3m", "strongBuy": 0, "buy": 0, "hold": 0, "sell": 0, "strongSell": 0}], "maxAge": 86400}, "cashflowStatementHistory": {"cashflowStatements": [{"maxAge": 1, "endDate": "2020-03-31", "netIncome": 6320099000, "depreciation": 460046000, "changeToNetincome": -710961000, "changeToAccountReceivables": -6941409000, "changeToLiabilities": 3711991000, "changeToInventory": -321486000, "totalCashFromOperatingActivities": 2526597000, "capitalExpenditures": -4948487000, "investments": 2305250000, "otherCashflowsFromInvestingActivities": 1719719000, "totalCashflowsFromInvestingActivities": -974060000, "dividendsPaid": -1924436000, "netBorrowings": -238881000, "otherCashflowsFromFinancingActivities": -927683000, "totalCashFromFinancingActivities": -3091000000, "changeInCash": -1538463000}, {"maxAge": 1, "endDate": "2019-03-31", "netIncome": 4781340000, "depreciation": 306093000, "changeToNetincome": -1096839000, "changeToAccountReceivables": -4534484000, "changeToLiabilities": -4049541000, "changeToInventory": 68501000, "totalCashFromOperatingActivities": -4513858000, "capitalExpenditures": -2868045000, "investments": 11489439000, "otherCashflowsFromInvestingActivities": 2117362000, "totalCashflowsFromInvestingActivities": 10738795000, "dividendsPaid": -1631232000, "netBorrowings": -238881000, "otherCashflowsFromFinancingActivities": -456889000, "totalCashFromFinancingActivities": -4088123000, "changeInCash": 2136814000, "repurchaseOfStock": -2000002000}, {"maxAge": 1, "endDate": "2018-03-31", "netIncome": 3963563000, "depreciation": 329217000, "changeToNetincome": -999126000, "changeToAccountReceivables": -4423152000, "changeToLiabilities": 8656688000, "changeToInventory": -1306200000, "totalCashFromOperatingActivities": 6308421000, "capitalExpenditures": -747414000, "investments": -13763954000, "otherCashflowsFromInvestingActivities": 1388586000, "totalCashflowsFromInvestingActivities": -13120691000, "dividendsPaid": -1016121000, "netBorrowings": -238881000, "otherCashflowsFromFinancingActivities": -481097000, "totalCashFromFinancingActivities": 8122318000, "changeInCash": 1310048000, "repurchaseOfStock": -2000002000, "issuanceOfStock": 9619536000}, {"maxAge": 1, "endDate": "2017-03-31", "netIncome": 3121820000, "depreciation": 306850000, "changeToNetincome": -1091910000, "changeToAccountReceivables": 1622330000, "changeToLiabilities": -2358280000, "changeToInventory": 452210000, "totalCashFromOperatingActivities": 2122810000, "capitalExpenditures": -701790000, "investments": 46100000, "otherCashflowsFromInvestingActivities": 1302130000, "totalCashflowsFromInvestingActivities": 647500000, "dividendsPaid": -866590000, "netBorrowings": -238881000, "otherCashflowsFromFinancingActivities": -258620000, "totalCashFromFinancingActivities": -1125210000, "changeInCash": 1645100000, "repurchaseOfStock": -2000002000, "issuanceOfStock": 9619536000}], "maxAge": 86400}, "indexTrend": {"maxAge": 1, "symbol": "SP5", "peRatio": 19.7411, "pegRatio": 1.34172, "estimates": [{"period": "0q", "growth": 0.549}, {"period": "+1q", "growth": 0.431}, {"period": "0y", "growth": 0.305}, {"period": "+1y", "growth": 0.109}, {"period": "+5y", "growth": 0.120865}, {"period": "-5y"}]}, "defaultKeyStatistics": {"maxAge": 1, "priceHint": 2, "enterpriseValue": 18481086464, "forwardPE": 10.361395, "profitMargins": 0.19917, "floatShares": 35693435, "sharesOutstanding": 131540000, "heldPercentInsiders": 0.72862, "heldPercentInstitutions": 0.07081, "beta": 0.785609, "category": null, "bookValue": 281.742, "priceToBook": 1.2974635, "fundFamily": null, "legalType": null, "lastFiscalYearEnd": "2020-03-31 05:30:00", "nextFiscalYearEnd": "2022-03-31 05:30:00", "mostRecentQuarter": "2020-12-31 05:30:00", "earningsQuarterlyGrowth": 0.318, "netIncomeToCommon": 5090036224, "trailingEps": 38.698, "forwardEps": 35.28, "lastSplitFactor": null, "enterpriseToRevenue": 0.723, "enterpriseToEbitda": 2.797, "52WeekChange": 0.5253495, "SandP52WeekChange": 0.48148263, "lastDividendValue": 4.0, "lastDividendDate": 1614038400}, "industryTrend": {"maxAge": 1, "symbol": null, "estimates": []}, "quoteType": {"exchange": "NSI", "quoteType": "EQUITY", "symbol": "COCHINSHIP.NS", "underlyingSymbol": "COCHINSHIP.NS", "shortName": "COCHIN SHIPYARD LT", "longName": "Cochin Shipyard Limited", "firstTradeDateEpochUtc": "2017-08-11 09:15:00", "timeZoneFullName": "Asia/Kolkata", "timeZoneShortName": "IST", "uuid": "1167a4b6-0c8b-3c7d-869c-c2c2185115ea", "messageBoardId": "finmb_12168909", "gmtOffSetMilliseconds": 19800000, "maxAge": 1}, "incomeStatementHistory": {"incomeStatementHistory": [{"maxAge": 1, "endDate": "2020-03-31", "totalRevenue": 34228316000, "costOfRevenue": 22124078000, "grossProfit": 12104238000, "researchDevelopment": {}, "sellingGeneralAdministrative": 3149985000, "nonRecurring": {}, "otherOperatingExpenses": 1283531000, "totalOperatingExpenses": 27025957000, "operatingIncome": 7202359000, "totalOtherIncomeExpenseNet": 1374841000, "ebit": 7202359000, "interestExpense": -449241000, "incomeBeforeTax": 8577200000, "incomeTaxExpense": 2257101000, "minorityInterest": {}, "netIncomeFromContinuingOps": 6320099000, "discontinuedOperations": {}, "extraordinaryItems": {}, "effectOfAccountingCharges": {}, "otherItems": {}, "netIncome": 6320099000, "netIncomeApplicableToCommonShares": 6320099000}, {"maxAge": 1, "endDate": "2019-03-31", "totalRevenue": 29659610000, "costOfRevenue": 18876137000, "grossProfit": 10783473000, "researchDevelopment": {}, "sellingGeneralAdministrative": 3032546000, "nonRecurring": {}, "otherOperatingExpenses": 1769148000, "totalOperatingExpenses": 23994996000, "operatingIncome": 5664614000, "totalOtherIncomeExpenseNet": 1810539000, "ebit": 5664614000, "interestExpense": -143011000, "incomeBeforeTax": 7475153000, "incomeTaxExpense": 2697276000, "minorityInterest": 52773000, "netIncomeFromContinuingOps": 4777877000, "discontinuedOperations": {}, "extraordinaryItems": {}, "effectOfAccountingCharges": {}, "otherItems": {}, "netIncome": 4781340000, "netIncomeApplicableToCommonShares": 4781340000}, {"maxAge": 1, "endDate": "2018-03-31", "totalRevenue": 23554585000, "costOfRevenue": 14314986000, "grossProfit": 9239599000, "researchDevelopment": {}, "sellingGeneralAdministrative": 2874244000, "nonRecurring": {}, "otherOperatingExpenses": 1522214000, "totalOperatingExpenses": 19086546000, "operatingIncome": 4468039000, "totalOtherIncomeExpenseNet": 1574375000, "ebit": 4468039000, "interestExpense": -114103000, "incomeBeforeTax": 6042414000, "incomeTaxExpense": 2079815000, "minorityInterest": 56236000, "netIncomeFromContinuingOps": 3962599000, "discontinuedOperations": {}, "extraordinaryItems": {}, "effectOfAccountingCharges": {}, "otherItems": {}, "netIncome": 3963563000, "netIncomeApplicableToCommonShares": 3963563000}, {"maxAge": 1, "endDate": "2017-03-31", "totalRevenue": 20598670000, "costOfRevenue": 13150570000, "grossProfit": 7448100000, "researchDevelopment": {}, "sellingGeneralAdministrative": 2317750000, "nonRecurring": {}, "otherOperatingExpenses": 1218190000, "totalOperatingExpenses": 17071620000, "operatingIncome": 3527050000, "totalOtherIncomeExpenseNet": 1274660000, "ebit": 3527050000, "interestExpense": -105350000, "incomeBeforeTax": 4801710000, "incomeTaxExpense": 1679890000, "minorityInterest": 56236000, "netIncomeFromContinuingOps": 3121820000, "discontinuedOperations": {}, "extraordinaryItems": {}, "effectOfAccountingCharges": {}, "otherItems": {}, "netIncome": 3121820000, "netIncomeApplicableToCommonShares": 3121820000}], "maxAge": 86400}, "fundOwnership": {"maxAge": 1, "ownershipList": [{"maxAge": 1, "reportDate": "2021-02-28", "organization": "WisdomTree Tr-WisdomTree Emerging Markets Small Cap Dividend Fund", "pctHeld": 0.0018000001, "position": 242531, "value": 90185152}, {"maxAge": 1, "reportDate": "2021-03-31", "organization": "iShares MSCI India Small Cap ETF", "pctHeld": 0.0005, "position": 60630, "value": 22693809}, {"maxAge": 1, "reportDate": "2021-01-31", "organization": "DFA Emerging Markets Core Equity Portfolio", "pctHeld": 0.00029999999, "position": 44300, "value": 15442980}, {"maxAge": 1, "reportDate": "2021-01-31", "organization": "DFA Emerging Markets Small Cap Series", "pctHeld": 0.00029999999, "position": 43308, "value": 15097168}, {"maxAge": 1, "reportDate": "2020-12-31", "organization": "College Retirement Equities Fund-Stock Account", "pctHeld": 0.0002, "position": 28541, "value": 10632949}, {"maxAge": 1, "reportDate": "2021-02-28", "organization": "WisdomTree Tr-WisdomTree India Earnings Fd", "pctHeld": 0.0002, "position": 27799, "value": 10337058}, {"maxAge": 1, "reportDate": "2021-01-31", "organization": "DFA Investment Dimensions-DFA Emerging Mkts Value", "pctHeld": 0.0002, "position": 26896, "value": 9375945}, {"maxAge": 1, "reportDate": "2021-01-31", "organization": "DFA Investment Dimensions-World Ex U.S. Core Equity Port", "pctHeld": 0.0001, "position": 16230, "value": 5657778}, {"maxAge": 1, "reportDate": "2021-03-31", "organization": "SPDR (R) Idx Shares-SPDR (R) Emerging Markets Small Cap ETF", "pctHeld": 0.0001, "position": 12647, "value": 4733772}, {"maxAge": 1, "reportDate": "2021-02-28", "organization": "GMO Emerging Markets Fund", "pctHeld": 0.0001, "position": 10859, "value": 4037919}]}, "summaryDetail": {"maxAge": 1, "priceHint": 2, "previousClose": 359.2, "open": 356.5, "dayLow": 355.0, "dayHigh": 371.2, "regularMarketPreviousClose": 359.2, "regularMarketOpen": 356.5, "regularMarketDayLow": 355.0, "regularMarketDayHigh": 371.2, "dividendRate": 28.0, "dividendYield": 0.078, "exDividendDate": "2021-02-23 05:30:00", "payoutRatio": 0.6202, "beta": 0.785609, "trailingPE": 9.446224, "forwardPE": 10.361395, "volume": 319295, "regularMarketVolume": 319295, "averageVolume": 397679, "averageVolume10days": 145624, "averageDailyVolume10Day": 145624, "bid": 0.0, "ask": 0.0, "bidSize": 0, "askSize": 0, "marketCap": 48071286784, "fiftyTwoWeekLow": 218.45, "fiftyTwoWeekHigh": 426.5, "priceToSalesTrailing12Months": 1.8810157, "fiftyDayAverage": 362.15277, "twoHundredDayAverage": 359.58655, "trailingAnnualDividendRate": 28.0, "trailingAnnualDividendYield": 0.077951, "currency": "INR", "fromCurrency": null, "toCurrency": null, "lastMarket": null, "algorithm": null, "tradeable": false}, "insiderHolders": {"holders": [{"maxAge": 1, "name": "President of India", "relation": "Promoter", "url": "", "transactionDescription": "Sale", "latestTransDate": "2020-02-03", "positionDirect": 95843464, "positionDirectDate": "2020-02-03"}, {"maxAge": 1, "name": "Reliance Capital Trustee Company Pvt Ltd - Reliance Longtef", "relation": "Institution- Corporation", "url": "", "transactionDescription": "Sale", "latestTransDate": "2020-11-04", "positionDirect": 5388203, "positionDirectDate": "2020-11-04"}], "maxAge": 1}, "calendarEvents": {"maxAge": 1, "earnings": {"earningsDate": [], "earningsAverage": 6.5, "earningsLow": 6.5, "earningsHigh": 6.5, "revenueAverage": 6224000000, "revenueLow": 6092000000, "revenueHigh": 6356000000}, "exDividendDate": "2021-02-23 05:30:00"}, "price": {"maxAge": 1, "regularMarketChangePercent": 0.017678104, "regularMarketChange": 6.3499756, "regularMarketTime": "2021-04-30 15:29:53", "priceHint": 2, "regularMarketPrice": 365.55, "regularMarketDayHigh": 371.2, "regularMarketDayLow": 355.0, "regularMarketVolume": 319295, "averageDailyVolume10Day": 145624, "averageDailyVolume3Month": 397679, "regularMarketPreviousClose": 359.2, "regularMarketSource": "FREE_REALTIME", "regularMarketOpen": 356.5, "exchange": "NSI", "exchangeName": "NSE", "exchangeDataDelayedBy": 15, "marketState": "CLOSED", "quoteType": "EQUITY", "symbol": "COCHINSHIP.NS", "underlyingSymbol": null, "shortName": "COCHIN SHIPYARD LT", "longName": "Cochin Shipyard Limited", "currency": "INR", "quoteSourceName": "Delayed Quote", "currencySymbol": "\u20b9", "fromCurrency": null, "toCurrency": null, "lastMarket": null, "marketCap": 48071286784}, "balanceSheetHistory": {"balanceSheetStatements": [{"maxAge": 1, "endDate": "2020-03-31", "cash": 8668214000, "shortTermInvestments": 6214285000, "netReceivables": 17789262000, "inventory": 3134131000, "otherCurrentAssets": 8438130000, "totalCurrentAssets": 44290989000, "longTermInvestments": 918000, "propertyPlantEquipment": 14997309000, "intangibleAssets": 631391000, "otherAssets": 4146646000, "deferredLongTermAssetCharges": 469858000, "totalAssets": 64067253000, "accountsPayable": 4187179000, "otherCurrentLiab": 13518590000, "longTermDebt": 1230000000, "otherLiab": 314487000, "totalCurrentLiabilities": 21561362000, "totalLiab": 26838418000, "commonStock": 1315404000, "retainedEarnings": 25169623000, "treasuryStock": 1428576000, "capitalSurplus": 9315232000, "otherStockholderEquity": 1428576000, "totalStockholderEquity": 37228835000, "netTangibleAssets": 36597444000}, {"maxAge": 1, "endDate": "2019-03-31", "cash": 10206677000, "shortTermInvestments": 17506565000, "netReceivables": 8775725000, "inventory": 2833671000, "otherCurrentAssets": 1817371000, "totalCurrentAssets": 41178574000, "longTermInvestments": 918000, "propertyPlantEquipment": 6556065000, "intangibleAssets": 627938000, "otherAssets": 4097472000, "deferredLongTermAssetCharges": 663476000, "totalAssets": 52460967000, "accountsPayable": 3465911000, "otherCurrentLiab": 10243134000, "longTermDebt": 1230000000, "otherLiab": 270252000, "minorityInterest": 52773000, "totalCurrentLiabilities": 17621538000, "totalLiab": 19121790000, "commonStock": 1315404000, "retainedEarnings": 21241597000, "treasuryStock": 1414159000, "capitalSurplus": 9315244000, "otherStockholderEquity": 1414159000, "totalStockholderEquity": 33286404000, "netTangibleAssets": 32658466000}, {"maxAge": 1, "endDate": "2018-03-31", "cash": 8069863000, "shortTermInvestments": 28976339000, "netReceivables": 7316757000, "inventory": 3145567000, "otherCurrentAssets": 738732000, "totalCurrentAssets": 48419397000, "longTermInvestments": 918000, "propertyPlantEquipment": 4052092000, "intangibleAssets": 645175000, "otherAssets": 1717225000, "deferredLongTermAssetCharges": 434512000, "totalAssets": 54834807000, "accountsPayable": 2721410000, "otherCurrentLiab": 15053872000, "longTermDebt": 1230000000, "otherLiab": 254066000, "minorityInterest": 56236000, "totalCurrentLiabilities": 20739774000, "totalLiab": 22223840000, "commonStock": 1359360000, "retainedEarnings": 20538745000, "treasuryStock": 1341370000, "capitalSurplus": 9315256000, "otherStockholderEquity": 1341370000, "totalStockholderEquity": 32554731000, "netTangibleAssets": 31909556000}, {"maxAge": 1, "endDate": "2017-03-31", "cash": 6759810000, "shortTermInvestments": 15045900000, "netReceivables": 3501510000, "inventory": 1864700000, "otherCurrentAssets": 829030000, "totalCurrentAssets": 28054300000, "longTermInvestments": 920000, "propertyPlantEquipment": 3567760000, "intangibleAssets": 677590000, "otherAssets": 863800000, "deferredLongTermAssetCharges": 243340000, "totalAssets": 33164370000, "accountsPayable": 1613160000, "otherCurrentLiab": 9055970000, "longTermDebt": 1230000000, "otherLiab": 240280000, "totalCurrentLiabilities": 11383910000, "totalLiab": 12854190000, "commonStock": 1132800000, "retainedEarnings": 17864770000, "treasuryStock": 1312530000, "capitalSurplus": 80000, "otherStockholderEquity": 1312530000, "totalStockholderEquity": 20310180000, "netTangibleAssets": 19632590000}], "maxAge": 86400}, "earningsTrend": {"trend": [{"maxAge": 1, "period": "0q", "endDate": "2018-06-30", "growth": {}, "earningsEstimate": {"avg": 6.5, "low": 6.5, "high": 6.5, "yearAgoEps": {}, "numberOfAnalysts": 1, "growth": {}}, "revenueEstimate": {"avg": 6224000000, "low": 6092000000, "high": 6356000000, "numberOfAnalysts": 2, "yearAgoRevenue": {}, "growth": {}}, "epsTrend": {"current": 6.5, "7daysAgo": 0.0, "30daysAgo": 0.0, "60daysAgo": 0.0, "90daysAgo": 0.0}, "epsRevisions": {"upLast7days": 0, "upLast30days": 0, "downLast30days": 0, "downLast90days": {}}}, {"maxAge": 1, "period": "+1q", "endDate": "2018-09-30", "growth": {}, "earningsEstimate": {"avg": 0.0, "low": 0.0, "high": 0.0, "yearAgoEps": {}, "numberOfAnalysts": 0, "growth": {}}, "revenueEstimate": {"avg": 0, "low": 0, "high": 0, "numberOfAnalysts": 0, "yearAgoRevenue": {}, "growth": {}}, "epsTrend": {"current": 0.0, "7daysAgo": 0.0, "30daysAgo": 0.0, "60daysAgo": 0.0, "90daysAgo": 0.0}, "epsRevisions": {"upLast7days": 0, "upLast30days": 0, "downLast30days": 0, "downLast90days": {}}}, {"maxAge": 1, "period": "0y", "endDate": "2019-03-31", "growth": 0.018, "earningsEstimate": {"avg": 31.56, "low": 29.2, "high": 36.2, "yearAgoEps": 31.0, "numberOfAnalysts": 5, "growth": 0.018}, "revenueEstimate": {"avg": 26023800000, "low": 23551000000, "high": 28532000000, "numberOfAnalysts": 5, "yearAgoRevenue": 23551500000, "growth": 0.105}, "epsTrend": {"current": 31.56, "7daysAgo": 31.56, "30daysAgo": 31.56, "60daysAgo": 30.3, "90daysAgo": 30.17}, "epsRevisions": {"upLast7days": 0, "upLast30days": 0, "downLast30days": 0, "downLast90days": {}}}, {"maxAge": 1, "period": "+1y", "endDate": "2020-03-31", "growth": 0.118, "earningsEstimate": {"avg": 35.28, "low": 33.3, "high": 39.6, "yearAgoEps": 31.56, "numberOfAnalysts": 5, "growth": 0.118}, "revenueEstimate": {"avg": 30844600000, "low": 27513000000, "high": 34313000000, "numberOfAnalysts": 5, "yearAgoRevenue": 26023800000, "growth": 0.185}, "epsTrend": {"current": 35.28, "7daysAgo": 35.28, "30daysAgo": 35.28, "60daysAgo": 33.75, "90daysAgo": 33.5}, "epsRevisions": {"upLast7days": 0, "upLast30days": 0, "downLast30days": 0, "downLast90days": {}}}, {"maxAge": 1, "period": "+5y", "endDate": null, "growth": {}, "earningsEstimate": {"avg": {}, "low": {}, "high": {}, "yearAgoEps": {}, "numberOfAnalysts": {}, "growth": {}}, "revenueEstimate": {"avg": {}, "low": {}, "high": {}, "numberOfAnalysts": {}, "yearAgoRevenue": {}, "growth": {}}, "epsTrend": {"current": {}, "7daysAgo": {}, "30daysAgo": {}, "60daysAgo": {}, "90daysAgo": {}}, "epsRevisions": {"upLast7days": {}, "upLast30days": {}, "downLast30days": {}, "downLast90days": {}}}, {"maxAge": 1, "period": "-5y", "endDate": null, "growth": {}, "earningsEstimate": {"avg": {}, "low": {}, "high": {}, "yearAgoEps": {}, "numberOfAnalysts": {}, "growth": {}}, "revenueEstimate": {"avg": {}, "low": {}, "high": {}, "numberOfAnalysts": {}, "yearAgoRevenue": {}, "growth": {}}, "epsTrend": {"current": {}, "7daysAgo": {}, "30daysAgo": {}, "60daysAgo": {}, "90daysAgo": {}}, "epsRevisions": {"upLast7days": {}, "upLast30days": {}, "downLast30days": {}, "downLast90days": {}}}], "maxAge": 1}, "institutionOwnership": {"maxAge": 1, "ownershipList": []}, "majorHoldersBreakdown": {"maxAge": 1, "insidersPercentHeld": 0.72862, "institutionsPercentHeld": 0.07081, "institutionsFloatPercentHeld": 0.26094, "institutionsCount": 18}, "balanceSheetHistoryQuarterly": {"balanceSheetStatements": [{"maxAge": 1, "endDate": "2020-12-31", "totalStockholderEquity": 37045963000, "netTangibleAssets": 36423904000}, {"maxAge": 1, "endDate": "2020-09-30", "cash": 34588583000, "netReceivables": 3434235000, "inventory": 3879923000, "otherCurrentAssets": 13918164000, "totalCurrentAssets": 55820905000, "longTermInvestments": 190979000, "propertyPlantEquipment": 16974193000, "intangibleAssets": 622059000, "otherAssets": 3549705000, "deferredLongTermAssetCharges": 479844000, "totalAssets": 77157841000, "accountsPayable": 5040518000, "otherCurrentLiab": 29787534000, "longTermDebt": 1230000000, "otherLiab": 295135000, "totalCurrentLiabilities": 34828052000, "totalLiab": 40111878000, "commonStock": 1315404000, "treasuryStock": 35730559000, "otherStockholderEquity": 35730559000, "totalStockholderEquity": 37045963000, "netTangibleAssets": 36423904000}, {"maxAge": 1, "endDate": "2020-06-30", "totalStockholderEquity": 37228835000, "netTangibleAssets": 36597444000}, {"maxAge": 1, "endDate": "2020-03-31", "cash": 8668214000, "shortTermInvestments": 6214285000, "netReceivables": 17789262000, "inventory": 3134131000, "otherCurrentAssets": 8438130000, "totalCurrentAssets": 44290989000, "longTermInvestments": 918000, "propertyPlantEquipment": 14997309000, "intangibleAssets": 631391000, "otherAssets": 4146646000, "deferredLongTermAssetCharges": 469858000, "totalAssets": 64067253000, "accountsPayable": 4187179000, "otherCurrentLiab": 13518590000, "longTermDebt": 1230000000, "otherLiab": 314487000, "totalCurrentLiabilities": 21561362000, "totalLiab": 26838418000, "commonStock": 1315404000, "retainedEarnings": 25169623000, "treasuryStock": 1428576000, "capitalSurplus": 9315232000, "otherStockholderEquity": 1428576000, "totalStockholderEquity": 37228835000, "netTangibleAssets": 36597444000}], "maxAge": 86400}, "earningsHistory": {"history": [{"maxAge": 1, "epsActual": {}, "epsEstimate": {}, "epsDifference": {}, "surprisePercent": {}, "quarter": {}, "period": "-4q"}, {"maxAge": 1, "epsActual": {}, "epsEstimate": {}, "epsDifference": {}, "surprisePercent": {}, "quarter": {}, "period": "-3q"}, {"maxAge": 1, "epsActual": {}, "epsEstimate": {}, "epsDifference": {}, "surprisePercent": {}, "quarter": {}, "period": "-2q"}, {"maxAge": 1, "epsActual": 6.74, "epsEstimate": 6.4, "epsDifference": 0.34, "surprisePercent": 0.053000003, "quarter": "2018-03-31", "period": "-1q"}], "maxAge": 86400}, "summaryProfile": {"address1": "Administrative Building", "address2": "Cochin Shipyard Premises Perumanoor", "city": "Kochi", "zip": "682015", "country": "India", "phone": "91 48 4250 1307", "fax": "91 48 4238 4001", "website": "http://www.cochinshipyard.com", "industry": "Aerospace & Defense", "sector": "Industrials", "longBusinessSummary": "Cochin Shipyard Limited engages in the shipbuilding and repair of ships/offshore structures in India. Its shipbuilding operations include offering tankers, product carriers, bulk carriers, passenger vessels, high bollard pull tugs, and air defence ships. It also undertakes upgradation of mobile offshore drilling units of Oil & Natural Gas Corporation; maintenance and repair of aircraft carriers of the Indian Navy; and repair and maintenance of tankers and bulk carriers of Shipping Corporation of India. In addition, the company provides marine engineering training services. Cochin Shipyard Limited was founded in 1969 and is based in Kochi, India.", "fullTimeEmployees": 1710, "companyOfficers": [], "maxAge": 86400}, "netSharePurchaseActivity": {"maxAge": 1, "period": "6m", "buyInfoCount": 0, "buyInfoShares": 0, "sellInfoCount": 0, "netInfoCount": 0, "netInfoShares": 0, "netPercentInsiderShares": 0.0, "totalInsiderShares": 95835760}, "insiderTransactions": {"transactions": [{"maxAge": 1, "shares": 49276, "filerUrl": "", "transactionText": "", "filerName": "Reliance Capital Trustee Company Pvt Ltd - Reliance Longtef", "filerRelation": "Institution- Corporation", "moneyText": "", "startDate": "2020-11-04", "ownership": "D"}, {"maxAge": 1, "shares": 3090978, "filerUrl": "", "transactionText": "", "filerName": "President of India", "filerRelation": "Promoter", "moneyText": "", "startDate": "2020-02-03", "ownership": "D"}, {"maxAge": 1, "shares": 3017558, "filerUrl": "", "transactionText": "", "filerName": "President of India", "filerRelation": "Promoter", "moneyText": "", "startDate": "2018-12-18", "ownership": "D"}], "maxAge": 1}, "sectorTrend": {"maxAge": 1, "symbol": null, "estimates": []}, "incomeStatementHistoryQuarterly": {"incomeStatementHistory": [{"maxAge": 1, "endDate": "2020-12-31", "totalRevenue": 7486973000, "costOfRevenue": 3031143000, "grossProfit": 4455830000, "researchDevelopment": {}, "sellingGeneralAdministrative": 725005000, "nonRecurring": {}, "otherOperatingExpenses": 569585000, "totalOperatingExpenses": 4497565000, "operatingIncome": 2989408000, "totalOtherIncomeExpenseNet": 30287000, "ebit": 2989408000, "interestExpense": -116942000, "incomeBeforeTax": 3019695000, "incomeTaxExpense": 782361000, "minorityInterest": {}, "netIncomeFromContinuingOps": 2237334000, "discontinuedOperations": {}, "extraordinaryItems": {}, "effectOfAccountingCharges": {}, "otherItems": {}, "netIncome": 2237334000, "netIncomeApplicableToCommonShares": 2237334000}, {"maxAge": 1, "endDate": "2020-09-30", "totalRevenue": 6574033000, "costOfRevenue": 4013940000, "grossProfit": 2560093000, "researchDevelopment": {}, "sellingGeneralAdministrative": 709406000, "nonRecurring": {}, "otherOperatingExpenses": 598279000, "totalOperatingExpenses": 5458845000, "operatingIncome": 1115188000, "totalOtherIncomeExpenseNet": 331857000, "ebit": 1115188000, "interestExpense": -114901000, "incomeBeforeTax": 1447045000, "incomeTaxExpense": 375411000, "minorityInterest": {}, "netIncomeFromContinuingOps": 1071634000, "discontinuedOperations": {}, "extraordinaryItems": {}, "effectOfAccountingCharges": {}, "otherItems": {}, "netIncome": 1071634000, "netIncomeApplicableToCommonShares": 1071634000}, {"maxAge": 1, "endDate": "2020-06-30", "totalRevenue": 3324773000, "costOfRevenue": 2134172000, "grossProfit": 1190601000, "researchDevelopment": {}, "sellingGeneralAdministrative": 699716000, "nonRecurring": {}, "otherOperatingExpenses": 326248000, "totalOperatingExpenses": 3281333000, "operatingIncome": 43440000, "totalOtherIncomeExpenseNet": 525233000, "ebit": 43440000, "interestExpense": -114564000, "incomeBeforeTax": 568673000, "incomeTaxExpense": 154338000, "minorityInterest": {}, "netIncomeFromContinuingOps": 414335000, "discontinuedOperations": {}, "extraordinaryItems": {}, "effectOfAccountingCharges": {}, "otherItems": {}, "netIncome": 414335000, "netIncomeApplicableToCommonShares": 414335000}, {"maxAge": 1, "endDate": "2020-03-31", "totalRevenue": 8170248000, "costOfRevenue": 5236535000, "grossProfit": 2933713000, "researchDevelopment": {}, "sellingGeneralAdministrative": 953943000, "nonRecurring": {}, "otherOperatingExpenses": -249499000, "totalOperatingExpenses": 6042187000, "operatingIncome": 2128061000, "totalOtherIncomeExpenseNet": -295491000, "ebit": 2128061000, "interestExpense": -112216000, "incomeBeforeTax": 1832570000, "incomeTaxExpense": 463675000, "minorityInterest": {}, "netIncomeFromContinuingOps": 1368895000, "discontinuedOperations": {}, "extraordinaryItems": {}, "effectOfAccountingCharges": {}, "otherItems": {}, "netIncome": 1366730000, "netIncomeApplicableToCommonShares": 1366730000}], "maxAge": 86400}, "cashflowStatementHistoryQuarterly": {"cashflowStatements": [{"maxAge": 1, "endDate": "2020-12-31", "netIncome": 2237334000, "changeToLiabilities": 0}, {"maxAge": 1, "endDate": "2020-09-30", "netIncome": 1071634000, "changeToLiabilities": 0}, {"maxAge": 1, "endDate": "2020-06-30", "netIncome": 414335000, "changeToLiabilities": 0}, {"maxAge": 1, "endDate": "2020-03-31", "netIncome": 1366730000, "changeToLiabilities": 0}], "maxAge": 86400}, "earnings": {"maxAge": 86400, "earningsChart": {"quarterly": [{"date": "1Q2018", "actual": 6.74, "estimate": 6.4}], "currentQuarterEstimate": 6.5, "currentQuarterEstimateDate": "2Q", "currentQuarterEstimateYear": 2018, "earningsDate": []}, "financialsChart": {"yearly": [{"date": 2017, "revenue": 20598670000, "earnings": 3121820000}, {"date": 2018, "revenue": 23554585000, "earnings": 3963563000}, {"date": 2019, "revenue": 29659610000, "earnings": 4781340000}, {"date": 2020, "revenue": 34228316000, "earnings": 6320099000}], "quarterly": [{"date": "1Q2020", "revenue": 8170248000, "earnings": 1366730000}, {"date": "2Q2020", "revenue": 3324773000, "earnings": 414335000}, {"date": "3Q2020", "revenue": 6574033000, "earnings": 1071634000}, {"date": "4Q2020", "revenue": 7486973000, "earnings": 2237334000}]}, "financialCurrency": "INR"}, "financialData": {"maxAge": 86400, "currentPrice": 365.55, "targetHighPrice": 725.0, "targetLowPrice": 595.0, "targetMeanPrice": 673.4, "targetMedianPrice": 685.0, "recommendationMean": 1.8, "recommendationKey": "buy", "numberOfAnalystOpinions": 5, "totalCash": 34588581888, "totalCashPerShare": 262.97, "ebitda": 6607364608, "totalDebt": 4988690944, "totalRevenue": 25556027392, "debtToEquity": 13.466, "revenuePerShare": 194.293, "grossProfits": 12104238000, "earningsGrowth": 0.318, "revenueGrowth": -0.164, "grossMargins": 0.43591, "ebitdaMargins": 0.25854, "operatingMargins": 0.24558, "profitMargins": 0.19917, "financialCurrency": "INR"}}}