{"COLPAL.NS": {"assetProfile": {"address1": "Colgate Research Centre", "address2": "Main Street Hiranandani Gardens Powai", "city": "Mumbai", "zip": "400076", "country": "India", "phone": "91 22 6709 5050", "fax": "91 22 2570 5088", "website": "http://www.colgatepalmolive.co.in", "industry": "Household & Personal Products", "sector": "Consumer Defensive", "longBusinessSummary": "Colgate-Palmolive (India) Limited manufactures and trades in personal and oral care products in India. The company offers toothpastes, toothpowder, toothbrushes, mouthwashes, and dental gels under the Colgate brand, as well as specialty products under the Colgate brand name. It also provides soaps, cosmetics, and toilet preparations. The company offers a range of personal care products, such as shower gels and liquid hand washes under the Palmolive brand name. It also exports its products. The company was founded in 1937 and is headquartered in Mumbai, India.", "fullTimeEmployees": 2324, "companyOfficers": [{"maxAge": 1, "name": "Mr. Ram  Raghavan", "age": 47, "title": "MD, CEO & Exec. Director", "yearBorn": 1973, "fiscalYear": 2020, "totalPay": 53650500, "exercisedValue": 0, "unexercisedValue": 0}, {"maxAge": 1, "name": "Mr. Madukkakuzy Sebastian Jacob", "age": 51, "title": "CFO & Whole-Time Director", "yearBorn": 1969, "fiscalYear": 2020, "totalPay": 25556000, "exercisedValue": 0, "unexercisedValue": 0}, {"maxAge": 1, "name": "Mr. K. Randhir Singh", "age": 70, "title": "Company Sec. & Compliance Officer", "yearBorn": 1950, "exercisedValue": 0, "unexercisedValue": 0}, {"maxAge": 1, "name": "Mr. Meenakshi Sundaram Chandrasekar", "age": 54, "title": "Exec. VP of Sales & Customer Devel. and Whole-Time Director", "yearBorn": 1966, "fiscalYear": 2020, "totalPay": 27636000, "exercisedValue": 0, "unexercisedValue": 0}, {"maxAge": 1, "name": "Dr. Edna  Ambundo", "title": "VP of Global Technology Center", "exercisedValue": 0, "unexercisedValue": 0}, {"maxAge": 1, "name": "Mr. Surender  Sharma", "age": 45, "title": "VP of Legal & Additional Whole-Time Director", "yearBorn": 1975, "exercisedValue": 0, "unexercisedValue": 0}, {"maxAge": 1, "name": "Ms. Hima  Mehta", "title": "Head of Communications", "exercisedValue": 0, "unexercisedValue": 0}, {"maxAge": 1, "name": "Mr. Arvind  Chintamani", "title": "VP of Marketing", "exercisedValue": 0, "unexercisedValue": 0}, {"maxAge": 1, "name": "Mr. Balaji  Sreenivasan", "title": "Exec. VP of HR", "exercisedValue": 0, "unexercisedValue": 0}, {"maxAge": 1, "name": "Ms. Sarala  Menon Ms", "title": "Exec. Vice-Pres of Manufacturing & Product Supply Chain - Oral Care & Toothbrush", "exercisedValue": 0, "unexercisedValue": 0}], "compensationAsOfEpochDate": "2020-12-31 05:30:00", "maxAge": 86400}, "recommendationTrend": {"trend": [{"period": "0m", "strongBuy": 0, "buy": 0, "hold": 0, "sell": 0, "strongSell": 0}, {"period": "-1m", "strongBuy": 3, "buy": 9, "hold": 9, "sell": 11, "strongSell": 3}, {"period": "-2m", "strongBuy": 4, "buy": 10, "hold": 7, "sell": 8, "strongSell": 4}, {"period": "-3m", "strongBuy": 4, "buy": 11, "hold": 8, "sell": 7, "strongSell": 4}], "maxAge": 86400}, "cashflowStatementHistory": {"cashflowStatements": [{"maxAge": 1, "endDate": "2020-03-31", "netIncome": 8164660000, "depreciation": 1979404000, "changeToNetincome": -1210308000, "changeToLiabilities": 0, "changeToInventory": -483481000, "changeToOperatingActivities": 448731000, "totalCashFromOperatingActivities": 8899006000, "capitalExpenditures": -603985000, "investments": 132647000, "otherCashflowsFromInvestingActivities": 284430000, "totalCashflowsFromInvestingActivities": -186564000, "dividendsPaid": -7314927000, "otherCashflowsFromFinancingActivities": -1199330000, "totalCashFromFinancingActivities": -8514257000, "changeInCash": 198185000}, {"maxAge": 1, "endDate": "2019-03-31", "netIncome": 7755688000, "depreciation": 1591683000, "changeToNetincome": -1011606000, "changeToLiabilities": 0, "changeToInventory": -218682000, "changeToOperatingActivities": 1712892000, "totalCashFromOperatingActivities": 9829975000, "capitalExpenditures": -1388052000, "investments": 38000, "otherCashflowsFromInvestingActivities": 85103000, "totalCashflowsFromInvestingActivities": -957073000, "dividendsPaid": -3470344000, "netBorrowings": -120500000, "otherCashflowsFromFinancingActivities": -1564129000, "totalCashFromFinancingActivities": -8146815000, "changeInCash": 726087000}, {"maxAge": 1, "endDate": "2018-03-31", "netIncome": 6733749000, "depreciation": 1565100000, "changeToNetincome": -470600000, "changeToLiabilities": 0, "changeToInventory": 658455000, "changeToOperatingActivities": -1547387000, "totalCashFromOperatingActivities": 6939317000, "capitalExpenditures": -2089240000, "investments": 22000, "otherCashflowsFromInvestingActivities": 13650000, "totalCashflowsFromInvestingActivities": -2073381000, "dividendsPaid": -2985648000, "netBorrowings": -120500000, "otherCashflowsFromFinancingActivities": -812036000, "totalCashFromFinancingActivities": -3797684000, "changeInCash": 1068252000}, {"maxAge": 1, "endDate": "2017-03-31", "netIncome": 5774324000, "depreciation": 1332428000, "changeToNetincome": -537267000, "changeToAccountReceivables": -273615000, "changeToLiabilities": 0, "changeToInventory": -10209000, "changeToOperatingActivities": 594382000, "totalCashFromOperatingActivities": 6880043000, "capitalExpenditures": -3212544000, "investments": 22000, "otherCashflowsFromInvestingActivities": -208574000, "totalCashflowsFromInvestingActivities": -3421048000, "dividendsPaid": -2717068000, "netBorrowings": -120500000, "otherCashflowsFromFinancingActivities": -688760000, "totalCashFromFinancingActivities": -3405828000, "changeInCash": 53167000}], "maxAge": 86400}, "indexTrend": {"maxAge": 1, "symbol": "SP5", "peRatio": 19.7411, "pegRatio": 1.34172, "estimates": [{"period": "0q", "growth": 0.549}, {"period": "+1q", "growth": 0.431}, {"period": "0y", "growth": 0.305}, {"period": "+1y", "growth": 0.109}, {"period": "+5y", "growth": 0.120865}, {"period": "-5y"}]}, "defaultKeyStatistics": {"maxAge": 1, "priceHint": 2, "enterpriseValue": 397507952640, "forwardPE": 53.114697, "profitMargins": 0.19979, "floatShares": 132204775, "sharesOutstanding": 271985984, "heldPercentInsiders": 0.51118, "heldPercentInstitutions": 0.19283001, "beta": 0.210141, "category": null, "bookValue": 60.032, "priceToBook": 24.685167, "fundFamily": null, "legalType": null, "lastFiscalYearEnd": "2020-03-31 05:30:00", "nextFiscalYearEnd": "2022-03-31 05:30:00", "mostRecentQuarter": "2020-12-31 05:30:00", "earningsQuarterlyGrowth": 0.247, "netIncomeToCommon": 9248759808, "trailingEps": 34.009, "forwardEps": 27.9, "pegRatio": 3.21, "lastSplitFactor": "2:1", "lastSplitDate": "2015-09-23 05:30:00", "enterpriseToRevenue": 8.587, "enterpriseToEbitda": 29.454, "52WeekChange": 0.07178247, "SandP52WeekChange": 0.48148263, "lastDividendValue": 20.0, "lastDividendDate": 1617062400}, "industryTrend": {"maxAge": 1, "symbol": null, "estimates": []}, "quoteType": {"exchange": "NSI", "quoteType": "EQUITY", "symbol": "COLPAL.NS", "underlyingSymbol": "COLPAL.NS", "shortName": "COLGATE-PALM (IND)", "longName": "Colgate-Palmolive (India) Limited", "firstTradeDateEpochUtc": "2002-07-01 09:15:00", "timeZoneFullName": "Asia/Kolkata", "timeZoneShortName": "IST", "uuid": "9c19d2d6-c3aa-3238-adaa-0289abf114cd", "messageBoardId": "finmb_878154", "gmtOffSetMilliseconds": 19800000, "maxAge": 1}, "incomeStatementHistory": {"incomeStatementHistory": [{"maxAge": 1, "endDate": "2020-03-31", "totalRevenue": 45250834000, "costOfRevenue": 16121226000, "grossProfit": 29129608000, "researchDevelopment": {}, "sellingGeneralAdministrative": 9636337000, "nonRecurring": {}, "otherOperatingExpenses": 7293918000, "totalOperatingExpenses": 35031835000, "operatingIncome": 10218999000, "totalOtherIncomeExpenseNet": 214584000, "ebit": 10218999000, "interestExpense": -96155000, "incomeBeforeTax": 10433583000, "incomeTaxExpense": 2268923000, "minorityInterest": {}, "netIncomeFromContinuingOps": 8164660000, "discontinuedOperations": {}, "extraordinaryItems": {}, "effectOfAccountingCharges": {}, "otherItems": {}, "netIncome": 8164660000, "netIncomeApplicableToCommonShares": 8164660000}, {"maxAge": 1, "endDate": "2019-03-31", "totalRevenue": 44624318000, "costOfRevenue": 15893720000, "grossProfit": 28730598000, "researchDevelopment": {}, "sellingGeneralAdministrative": 9068687000, "nonRecurring": {}, "otherOperatingExpenses": 7283872000, "totalOperatingExpenses": 33829621000, "operatingIncome": 10794697000, "totalOtherIncomeExpenseNet": 630854000, "ebit": 10794697000, "interestExpense": -24953000, "incomeBeforeTax": 11425551000, "incomeTaxExpense": 3669863000, "minorityInterest": {}, "netIncomeFromContinuingOps": 7755688000, "discontinuedOperations": {}, "extraordinaryItems": {}, "effectOfAccountingCharges": {}, "otherItems": {}, "netIncome": 7755688000, "netIncomeApplicableToCommonShares": 7755688000}, {"maxAge": 1, "endDate": "2018-03-31", "totalRevenue": 41879779000, "costOfRevenue": 15182521000, "grossProfit": 26697258000, "researchDevelopment": {}, "sellingGeneralAdministrative": 8792299000, "nonRecurring": {}, "otherOperatingExpenses": 6738954000, "totalOperatingExpenses": 32276019000, "operatingIncome": 9603760000, "totalOtherIncomeExpenseNet": 226555000, "ebit": 9603760000, "interestExpense": -24953000, "incomeBeforeTax": 9830315000, "incomeTaxExpense": 3096566000, "minorityInterest": {}, "netIncomeFromContinuingOps": 6733749000, "discontinuedOperations": {}, "extraordinaryItems": {}, "effectOfAccountingCharges": {}, "otherItems": {}, "netIncome": 6733749000, "netIncomeApplicableToCommonShares": 6733749000}, {"maxAge": 1, "endDate": "2017-03-31", "totalRevenue": 39818177000, "costOfRevenue": 14945066000, "grossProfit": 24873111000, "researchDevelopment": {}, "sellingGeneralAdministrative": 8514137000, "nonRecurring": {}, "otherOperatingExpenses": 6892421000, "totalOperatingExpenses": 31680471000, "operatingIncome": 8137706000, "totalOtherIncomeExpenseNet": 376587000, "ebit": 8137706000, "interestExpense": -24953000, "incomeBeforeTax": 8514293000, "incomeTaxExpense": 2739969000, "minorityInterest": {}, "netIncomeFromContinuingOps": 5774324000, "discontinuedOperations": {}, "extraordinaryItems": {}, "effectOfAccountingCharges": {}, "otherItems": {}, "netIncome": 5774324000, "netIncomeApplicableToCommonShares": 5774324000}], "maxAge": 86400}, "fundOwnership": {"maxAge": 1, "ownershipList": [{"maxAge": 1, "reportDate": "2021-01-31", "organization": "Vanguard International Stock Index-Emerging Markets Stk", "pctHeld": 0.0047, "position": 1277588, "value": 2048356840}, {"maxAge": 1, "reportDate": "2021-03-31", "organization": "iShares Core MSCI Emerging Markets ETF", "pctHeld": 0.0039, "position": 1072315, "value": 1672114395}, {"maxAge": 1, "reportDate": "2021-01-31", "organization": "Vanguard International Stock Index-Total Intl Stock Indx", "pctHeld": 0.0038, "position": 1034210, "value": 1658148893}, {"maxAge": 1, "reportDate": "2021-03-31", "organization": "iShares MSCI India ETF", "pctHeld": 0.0032, "position": 857278, "value": 1336796449}, {"maxAge": 1, "reportDate": "2021-01-31", "organization": "Price (T.Rowe) New Asia Fund", "pctHeld": 0.0026, "position": 694359, "value": 1113265784}, {"maxAge": 1, "reportDate": "2021-03-31", "organization": "iShares ESG Aware MSCI EM ETF", "pctHeld": 0.002, "position": 532279, "value": 830009258}, {"maxAge": 1, "reportDate": "2021-03-31", "organization": "iShares MSCI Emerging Markets ETF", "pctHeld": 0.0015, "position": 414408, "value": 646207114}, {"maxAge": 1, "reportDate": "2021-01-31", "organization": "DFA Emerging Markets Core Equity Portfolio", "pctHeld": 0.0011, "position": 293610, "value": 470744913}, {"maxAge": 1, "reportDate": "2021-02-28", "organization": "BMO LGM Emerging Markets Equity Fund", "pctHeld": 0.00090000004, "position": 244335, "value": 386342502}, {"maxAge": 1, "reportDate": "2021-01-31", "organization": "Vanguard Intl Equity Index Fds-FTSE All World ex U.S. Index Fund", "pctHeld": 0.00059999997, "position": 159639, "value": 255949208}]}, "summaryDetail": {"maxAge": 1, "priceHint": 2, "previousClose": 1485.8, "open": 1481.0, "dayLow": 1468.0, "dayHigh": 1493.0, "regularMarketPreviousClose": 1485.8, "regularMarketOpen": 1481.0, "regularMarketDayLow": 1468.0, "regularMarketDayHigh": 1493.0, "dividendRate": 40.0, "dividendYield": 0.0269, "exDividendDate": "2021-03-30 05:30:00", "payoutRatio": 0.9997, "fiveYearAvgDividendYield": 1.66, "beta": 0.210141, "trailingPE": 43.57376, "forwardPE": 53.114697, "volume": 725106, "regularMarketVolume": 725106, "averageVolume": 514201, "averageVolume10days": 525273, "averageDailyVolume10Day": 525273, "bid": 0.0, "ask": 0.0, "bidSize": 0, "askSize": 0, "marketCap": 402987876352, "fiftyTwoWeekLow": 1257.05, "fiftyTwoWeekHigh": 1676.0, "priceToSalesTrailing12Months": 8.70519, "fiftyDayAverage": 1550.7792, "twoHundredDayAverage": 1552.6644, "trailingAnnualDividendRate": 34.0, "trailingAnnualDividendYield": 0.022883294, "currency": "INR", "fromCurrency": null, "toCurrency": null, "lastMarket": null, "algorithm": null, "tradeable": false}, "insiderHolders": {"holders": [{"maxAge": 1, "name": "Life Insurance Corporation of India", "relation": "Institution- Corporation", "url": "", "transactionDescription": "Acquisition", "latestTransDate": "2020-11-05", "positionDirect": 13724827, "positionDirectDate": "2020-11-05"}, {"maxAge": 1, "name": "Oppenheimer Developing Markets Fund", "relation": "UNREPORTED", "url": "", "transactionDescription": "Acquisition", "latestTransDate": "2011-02-07", "positionDirect": 6917641, "positionDirectDate": "2011-02-07"}], "maxAge": 1}, "calendarEvents": {"maxAge": 1, "earnings": {"earningsDate": [], "earningsAverage": 7.22, "earningsLow": 6.8, "earningsHigh": 8.13, "revenueAverage": 11694300000, "revenueLow": 11439000000, "revenueHigh": 12296500000}, "exDividendDate": "2021-03-30 05:30:00"}, "price": {"maxAge": 1, "regularMarketChangePercent": -0.002624865, "regularMarketChange": -3.9000244, "regularMarketTime": "2021-04-30 15:30:01", "priceHint": 2, "regularMarketPrice": 1481.9, "regularMarketDayHigh": 1493.0, "regularMarketDayLow": 1468.0, "regularMarketVolume": 725106, "averageDailyVolume10Day": 525273, "averageDailyVolume3Month": 514201, "regularMarketPreviousClose": 1485.8, "regularMarketSource": "FREE_REALTIME", "regularMarketOpen": 1481.0, "exchange": "NSI", "exchangeName": "NSE", "exchangeDataDelayedBy": 15, "marketState": "CLOSED", "quoteType": "EQUITY", "symbol": "COLPAL.NS", "underlyingSymbol": null, "shortName": "COLGATE-PALM (IND)", "longName": "Colgate-Palmolive (India) Limited", "currency": "INR", "quoteSourceName": "Delayed Quote", "currencySymbol": "\u20b9", "fromCurrency": null, "toCurrency": null, "lastMarket": null, "marketCap": 402987876352}, "balanceSheetHistory": {"balanceSheetStatements": [{"maxAge": 1, "endDate": "2020-03-31", "cash": 3978168000, "netReceivables": 2505970000, "inventory": 2969218000, "otherCurrentAssets": 527272000, "totalCurrentAssets": 10120310000, "longTermInvestments": 186185000, "propertyPlantEquipment": 13128943000, "otherAssets": 2604260000, "totalAssets": 26039698000, "accountsPayable": 6125134000, "otherCurrentLiab": 1258508000, "otherLiab": 555353000, "totalCurrentLiabilities": 8703032000, "totalLiab": 10098109000, "commonStock": 271986000, "retainedEarnings": 15548268000, "treasuryStock": -6658000, "capitalSurplus": 127993000, "otherStockholderEquity": -6658000, "totalStockholderEquity": 15941589000, "netTangibleAssets": 15941589000}, {"maxAge": 1, "endDate": "2019-03-31", "cash": 3779983000, "netReceivables": 3265138000, "inventory": 2485737000, "otherCurrentAssets": 439442000, "totalCurrentAssets": 10101586000, "longTermInvestments": 311516000, "propertyPlantEquipment": 13895547000, "otherAssets": 1956181000, "totalAssets": 26264830000, "accountsPayable": 6131820000, "otherCurrentLiab": 2979928000, "otherLiab": 509142000, "totalCurrentLiabilities": 10511047000, "totalLiab": 11797298000, "commonStock": 271986000, "retainedEarnings": 14029352000, "treasuryStock": 38201000, "capitalSurplus": 127993000, "otherStockholderEquity": 38201000, "totalStockholderEquity": 14467532000, "netTangibleAssets": 14467532000}, {"maxAge": 1, "endDate": "2018-03-31", "cash": 3053896000, "netReceivables": 2945828000, "inventory": 2267055000, "otherCurrentAssets": 2215545000, "totalCurrentAssets": 10607194000, "longTermInvestments": 311554000, "propertyPlantEquipment": 13044880000, "otherAssets": 1674948000, "totalAssets": 25638576000, "accountsPayable": 6202977000, "otherCurrentLiab": 2388650000, "otherLiab": 564615000, "totalCurrentLiabilities": 9827892000, "totalLiab": 10392507000, "commonStock": 271986000, "retainedEarnings": 14787021000, "treasuryStock": 59069000, "capitalSurplus": 127993000, "otherStockholderEquity": 59069000, "totalStockholderEquity": 15246069000, "netTangibleAssets": 15246069000}, {"maxAge": 1, "endDate": "2017-03-31", "cash": 2943044000, "netReceivables": 1960212000, "inventory": 2925510000, "otherCurrentAssets": 631148000, "totalCurrentAssets": 8556218000, "longTermInvestments": 311576000, "propertyPlantEquipment": 12746996000, "otherAssets": 1491716000, "totalAssets": 23106506000, "accountsPayable": 5974615000, "otherCurrentLiab": 2313959000, "otherLiab": 543026000, "totalCurrentLiabilities": 9825509000, "totalLiab": 10368535000, "commonStock": 271986000, "retainedEarnings": 12281894000, "treasuryStock": 56098000, "capitalSurplus": 127993000, "otherStockholderEquity": 56098000, "totalStockholderEquity": 12737971000, "netTangibleAssets": 12737971000}], "maxAge": 86400}, "earningsTrend": {"trend": [{"maxAge": 1, "period": "0q", "endDate": "2018-03-31", "growth": 0.536, "earningsEstimate": {"avg": 7.22, "low": 6.8, "high": 8.13, "yearAgoEps": 4.7, "numberOfAnalysts": 5, "growth": 0.536}, "revenueEstimate": {"avg": 11694300000, "low": 11439000000, "high": 12296500000, "numberOfAnalysts": 4, "yearAgoRevenue": 10325800000, "growth": 0.133}, "epsTrend": {"current": 7.22, "7daysAgo": 7.22, "30daysAgo": 6.74, "60daysAgo": 6.74, "90daysAgo": 6.74}, "epsRevisions": {"upLast7days": 0, "upLast30days": 2, "downLast30days": 0, "downLast90days": {}}}, {"maxAge": 1, "period": "+1q", "endDate": "2018-06-30", "growth": 0.269, "earningsEstimate": {"avg": 6.65, "low": 6.46, "high": 6.98, "yearAgoEps": 5.24, "numberOfAnalysts": 3, "growth": 0.269}, "revenueEstimate": {"avg": 11616400000, "low": 11113000000, "high": 12119900000, "numberOfAnalysts": 2, "yearAgoRevenue": {}, "growth": {}}, "epsTrend": {"current": 6.65, "7daysAgo": 6.65, "30daysAgo": 6.58, "60daysAgo": 6.58, "90daysAgo": 6.58}, "epsRevisions": {"upLast7days": 0, "upLast30days": 1, "downLast30days": 0, "downLast90days": {}}}, {"maxAge": 1, "period": "0y", "endDate": "2018-03-31", "growth": 0.139, "earningsEstimate": {"avg": 24.19, "low": 23.56, "high": 24.5, "yearAgoEps": 21.23, "numberOfAnalysts": 4, "growth": 0.139}, "revenueEstimate": {"avg": 42100500000, "low": 40388000000, "high": 43288000000, "numberOfAnalysts": 3, "yearAgoRevenue": 39514700000, "growth": 0.065}, "epsTrend": {"current": 24.19, "7daysAgo": 24.19, "30daysAgo": 23.92, "60daysAgo": 23.93, "90daysAgo": 23.93}, "epsRevisions": {"upLast7days": 0, "upLast30days": 2, "downLast30days": 0, "downLast90days": {}}}, {"maxAge": 1, "period": "+1y", "endDate": "2019-03-31", "growth": 0.153, "earningsEstimate": {"avg": 27.9, "low": 27.18, "high": 29.8, "yearAgoEps": 24.19, "numberOfAnalysts": 4, "growth": 0.153}, "revenueEstimate": {"avg": 48363800000, "low": 47040400000, "high": 49558000000, "numberOfAnalysts": 3, "yearAgoRevenue": 42100500000, "growth": 0.14899999}, "epsTrend": {"current": 27.9, "7daysAgo": 27.9, "30daysAgo": 27.84, "60daysAgo": 27.85, "90daysAgo": 27.85}, "epsRevisions": {"upLast7days": 0, "upLast30days": 2, "downLast30days": 0, "downLast90days": {}}}, {"maxAge": 1, "period": "+5y", "endDate": null, "growth": 0.1362, "earningsEstimate": {"avg": {}, "low": {}, "high": {}, "yearAgoEps": {}, "numberOfAnalysts": {}, "growth": {}}, "revenueEstimate": {"avg": {}, "low": {}, "high": {}, "numberOfAnalysts": {}, "yearAgoRevenue": {}, "growth": {}}, "epsTrend": {"current": {}, "7daysAgo": {}, "30daysAgo": {}, "60daysAgo": {}, "90daysAgo": {}}, "epsRevisions": {"upLast7days": {}, "upLast30days": {}, "downLast30days": {}, "downLast90days": {}}}, {"maxAge": 1, "period": "-5y", "endDate": null, "growth": 0.07164, "earningsEstimate": {"avg": {}, "low": {}, "high": {}, "yearAgoEps": {}, "numberOfAnalysts": {}, "growth": {}}, "revenueEstimate": {"avg": {}, "low": {}, "high": {}, "numberOfAnalysts": {}, "yearAgoRevenue": {}, "growth": {}}, "epsTrend": {"current": {}, "7daysAgo": {}, "30daysAgo": {}, "60daysAgo": {}, "90daysAgo": {}}, "epsRevisions": {"upLast7days": {}, "upLast30days": {}, "downLast30days": {}, "downLast90days": {}}}], "maxAge": 1}, "institutionOwnership": {"maxAge": 1, "ownershipList": []}, "majorHoldersBreakdown": {"maxAge": 1, "insidersPercentHeld": 0.51118, "institutionsPercentHeld": 0.19283001, "institutionsFloatPercentHeld": 0.39448002, "institutionsCount": 159}, "balanceSheetHistoryQuarterly": {"balanceSheetStatements": [{"maxAge": 1, "endDate": "2020-12-31", "totalStockholderEquity": 16329500000, "netTangibleAssets": 16329500000}, {"maxAge": 1, "endDate": "2020-09-30", "cash": 7607800000, "shortTermInvestments": 46800000, "netReceivables": 1949900000, "inventory": 3670500000, "otherCurrentAssets": 446600000, "totalCurrentAssets": 13721600000, "longTermInvestments": 375500000, "propertyPlantEquipment": 12487300000, "otherAssets": 2346300000, "deferredLongTermAssetCharges": 3900000, "totalAssets": 28930700000, "accountsPayable": 8462700000, "otherCurrentLiab": 2753500000, "otherLiab": 399100000, "totalCurrentLiabilities": 11361600000, "totalLiab": 12601200000, "commonStock": 272000000, "treasuryStock": 16057500000, "otherStockholderEquity": 16057500000, "totalStockholderEquity": 16329500000, "netTangibleAssets": 16329500000}, {"maxAge": 1, "endDate": "2020-06-30", "totalStockholderEquity": 15941589000, "netTangibleAssets": 15941589000}, {"maxAge": 1, "endDate": "2020-03-31", "cash": 3978168000, "netReceivables": 2505970000, "inventory": 2969218000, "otherCurrentAssets": 527272000, "totalCurrentAssets": 10120310000, "longTermInvestments": 186185000, "propertyPlantEquipment": 13128943000, "otherAssets": 2604260000, "totalAssets": 26039698000, "accountsPayable": 6125134000, "otherCurrentLiab": 1258508000, "otherLiab": 555353000, "totalCurrentLiabilities": 8703032000, "totalLiab": 10098109000, "commonStock": 271986000, "retainedEarnings": 15548268000, "treasuryStock": -6658000, "capitalSurplus": 127993000, "otherStockholderEquity": -6658000, "totalStockholderEquity": 15941589000, "netTangibleAssets": 15941589000}], "maxAge": 86400}, "earningsHistory": {"history": [{"maxAge": 1, "epsActual": 4.7, "epsEstimate": 5.35, "epsDifference": -0.65, "surprisePercent": -0.12100001, "quarter": "2016-12-31", "period": "-4q"}, {"maxAge": 1, "epsActual": 5.24, "epsEstimate": 5.71, "epsDifference": -0.47, "surprisePercent": -0.081999995, "quarter": "2017-03-31", "period": "-3q"}, {"maxAge": 1, "epsActual": 6.53, "epsEstimate": 6.42, "epsDifference": 0.11, "surprisePercent": 0.017, "quarter": "2017-09-30", "period": "-2q"}, {"maxAge": 1, "epsActual": 6.27, "epsEstimate": 5.83, "epsDifference": 0.44, "surprisePercent": 0.075, "quarter": "2017-12-31", "period": "-1q"}], "maxAge": 86400}, "summaryProfile": {"address1": "Colgate Research Centre", "address2": "Main Street Hiranandani Gardens Powai", "city": "Mumbai", "zip": "400076", "country": "India", "phone": "91 22 6709 5050", "fax": "91 22 2570 5088", "website": "http://www.colgatepalmolive.co.in", "industry": "Household & Personal Products", "sector": "Consumer Defensive", "longBusinessSummary": "Colgate-Palmolive (India) Limited manufactures and trades in personal and oral care products in India. The company offers toothpastes, toothpowder, toothbrushes, mouthwashes, and dental gels under the Colgate brand, as well as specialty products under the Colgate brand name. It also provides soaps, cosmetics, and toilet preparations. The company offers a range of personal care products, such as shower gels and liquid hand washes under the Palmolive brand name. It also exports its products. The company was founded in 1937 and is headquartered in Mumbai, India.", "fullTimeEmployees": 2324, "companyOfficers": [], "maxAge": 86400}, "netSharePurchaseActivity": {"maxAge": 1, "period": "6m", "buyInfoCount": 0, "buyInfoShares": 0, "sellInfoCount": 0, "netInfoCount": 0, "netInfoShares": 0, "netPercentInsiderShares": 0.0, "totalInsiderShares": 139054384}, "insiderTransactions": {"transactions": [{"maxAge": 1, "shares": 9660920, "filerUrl": "", "transactionText": "", "filerName": "Life Insurance Corporation of India", "filerRelation": "Institution- Corporation", "moneyText": "", "startDate": "2020-11-05", "ownership": "D"}, {"maxAge": 1, "shares": 2760843, "filerUrl": "", "transactionText": "", "filerName": "Life Insurance Corporation of India", "filerRelation": "Institution- Corporation", "moneyText": "", "startDate": "2015-02-03", "ownership": "D"}, {"maxAge": 1, "shares": 123062, "filerUrl": "", "transactionText": "", "filerName": "Oppenheimer Developing Markets Fund", "filerRelation": "UNREPORTED", "moneyText": "", "startDate": "2011-02-07", "ownership": "D"}, {"maxAge": 1, "shares": 68966, "filerUrl": "", "transactionText": "", "filerName": "Life Insurance Corporation of India", "filerRelation": "Institution- Corporation", "moneyText": "", "startDate": "2010-01-15", "ownership": "D"}], "maxAge": 1}, "sectorTrend": {"maxAge": 1, "symbol": null, "estimates": []}, "incomeStatementHistoryQuarterly": {"incomeStatementHistory": [{"maxAge": 1, "endDate": "2020-12-31", "totalRevenue": 12319300000, "costOfRevenue": 3725300000, "grossProfit": 8594000000, "researchDevelopment": {}, "sellingGeneralAdministrative": 2851800000, "nonRecurring": {}, "otherOperatingExpenses": 2036100000, "totalOperatingExpenses": 9068800000, "operatingIncome": 3250500000, "totalOtherIncomeExpenseNet": 79900000, "ebit": 3250500000, "interestExpense": -18900000, "incomeBeforeTax": 3330400000, "incomeTaxExpense": 846800000, "minorityInterest": {}, "netIncomeFromContinuingOps": 2483600000, "discontinuedOperations": {}, "extraordinaryItems": {}, "effectOfAccountingCharges": {}, "otherItems": {}, "netIncome": 2483600000, "netIncomeApplicableToCommonShares": 2483600000}, {"maxAge": 1, "endDate": "2020-09-30", "totalRevenue": 12854800000, "costOfRevenue": 4096300000, "grossProfit": 8758500000, "researchDevelopment": {}, "sellingGeneralAdministrative": 2610100000, "nonRecurring": {}, "otherOperatingExpenses": 2055500000, "totalOperatingExpenses": 9223000000, "operatingIncome": 3631800000, "totalOtherIncomeExpenseNet": 57500000, "ebit": 3631800000, "interestExpense": -18200000, "incomeBeforeTax": 3689300000, "incomeTaxExpense": 947400000, "minorityInterest": {}, "netIncomeFromContinuingOps": 2741900000, "discontinuedOperations": {}, "extraordinaryItems": {}, "effectOfAccountingCharges": {}, "otherItems": {}, "netIncome": 2741900000, "netIncomeApplicableToCommonShares": 2741900000}, {"maxAge": 1, "endDate": "2020-06-30", "totalRevenue": 10406200000, "costOfRevenue": 3523600000, "grossProfit": 6882600000, "researchDevelopment": {}, "sellingGeneralAdministrative": 2046100000, "nonRecurring": {}, "otherOperatingExpenses": 1756700000, "totalOperatingExpenses": 7780200000, "operatingIncome": 2626000000, "totalOtherIncomeExpenseNet": 42900000, "ebit": 2626000000, "interestExpense": -19900000, "incomeBeforeTax": 2668900000, "incomeTaxExpense": 687100000, "minorityInterest": {}, "netIncomeFromContinuingOps": 1981800000, "discontinuedOperations": {}, "extraordinaryItems": {}, "effectOfAccountingCharges": {}, "otherItems": {}, "netIncome": 1981800000, "netIncomeApplicableToCommonShares": 1981800000}, {"maxAge": 1, "endDate": "2020-03-31", "totalRevenue": 10714534000, "costOfRevenue": 4178626000, "grossProfit": 6535908000, "researchDevelopment": {}, "sellingGeneralAdministrative": 2507237000, "nonRecurring": {}, "otherOperatingExpenses": 1215518000, "totalOperatingExpenses": 8364035000, "operatingIncome": 2350499000, "totalOtherIncomeExpenseNet": -7016000, "ebit": 2350499000, "interestExpense": -19755000, "incomeBeforeTax": 2343483000, "incomeTaxExpense": 302023000, "minorityInterest": {}, "netIncomeFromContinuingOps": 2041460000, "discontinuedOperations": {}, "extraordinaryItems": {}, "effectOfAccountingCharges": {}, "otherItems": {}, "netIncome": 2041460000, "netIncomeApplicableToCommonShares": 2041460000}], "maxAge": 86400}, "cashflowStatementHistoryQuarterly": {"cashflowStatements": [{"maxAge": 1, "endDate": "2020-12-31", "netIncome": 2483600000, "changeToLiabilities": 0}, {"maxAge": 1, "endDate": "2020-09-30", "netIncome": 2741900000, "changeToLiabilities": 0}, {"maxAge": 1, "endDate": "2020-06-30", "netIncome": 1981800000, "changeToLiabilities": 0}, {"maxAge": 1, "endDate": "2020-03-31", "netIncome": 2041460000, "changeToLiabilities": 0}], "maxAge": 86400}, "earnings": {"maxAge": 86400, "earningsChart": {"quarterly": [{"date": "4Q2016", "actual": 4.7, "estimate": 5.35}, {"date": "1Q2017", "actual": 5.24, "estimate": 5.71}, {"date": "3Q2017", "actual": 6.53, "estimate": 6.42}, {"date": "4Q2017", "actual": 6.27, "estimate": 5.83}], "currentQuarterEstimate": 7.22, "currentQuarterEstimateDate": "1Q", "currentQuarterEstimateYear": 2018, "earningsDate": []}, "financialsChart": {"yearly": [{"date": 2017, "revenue": 39818177000, "earnings": 5774324000}, {"date": 2018, "revenue": 41879779000, "earnings": 6733749000}, {"date": 2019, "revenue": 44624318000, "earnings": 7755688000}, {"date": 2020, "revenue": 45250834000, "earnings": 8164660000}], "quarterly": [{"date": "1Q2020", "revenue": 10714534000, "earnings": 2041460000}, {"date": "2Q2020", "revenue": 10406200000, "earnings": 1981800000}, {"date": "3Q2020", "revenue": 12854800000, "earnings": 2741900000}, {"date": "4Q2020", "revenue": 12319300000, "earnings": 2483600000}]}, "financialCurrency": "INR"}, "financialData": {"maxAge": 86400, "currentPrice": 1481.9, "targetHighPrice": 1441.0, "targetLowPrice": 836.0, "targetMeanPrice": 1153.26, "targetMedianPrice": 1175.0, "recommendationMean": 2.9, "recommendationKey": "hold", "numberOfAnalystOpinions": 35, "totalCash": 7654600192, "totalCashPerShare": 28.139, "ebitda": 13495845888, "totalDebt": 985900032, "totalRevenue": 46292832256, "debtToEquity": 6.037, "revenuePerShare": 170.226, "grossProfits": 29129608000, "earningsGrowth": 0.247, "revenueGrowth": 0.074, "grossMargins": 0.66466004, "ebitdaMargins": 0.29153, "operatingMargins": 0.25613, "profitMargins": 0.19979, "financialCurrency": "INR"}}}