{"COMCL.BO": {"cashflowStatementHistory": {"cashflowStatements": [{"maxAge": 1, "endDate": "2020-03-31", "netIncome": 16083157, "depreciation": 414633, "changeToNetincome": 9139121, "changeToAccountReceivables": 5900907, "changeToLiabilities": 6276557, "changeToInventory": 20331394, "changeToOperatingActivities": -44058399, "totalCashFromOperatingActivities": 14087370, "investments": -1624858, "totalCashflowsFromInvestingActivities": -1624858, "netBorrowings": 1786650, "otherCashflowsFromFinancingActivities": 3767267, "totalCashFromFinancingActivities": 5553917, "changeInCash": 18016429}, {"maxAge": 1, "endDate": "2019-03-31", "netIncome": -310397, "depreciation": 335052, "changeToNetincome": 958686, "changeToAccountReceivables": -9440382, "changeToLiabilities": -30044501, "changeToInventory": -15323028, "changeToOperatingActivities": -34477847, "totalCashFromOperatingActivities": -88302417, "investments": 55392358, "totalCashflowsFromInvestingActivities": 55392358, "netBorrowings": 1786650, "otherCashflowsFromFinancingActivities": 3923304, "totalCashFromFinancingActivities": 3923304, "changeInCash": -28986755}, {"maxAge": 1, "endDate": "2018-03-31", "netIncome": 14874714, "depreciation": 341900, "changeToNetincome": -411714, "changeToAccountReceivables": 8265435, "changeToLiabilities": 20501959, "changeToInventory": -42455601, "changeToOperatingActivities": 80252907, "totalCashFromOperatingActivities": 81369600, "capitalExpenditures": -216558, "investments": -53218882, "totalCashflowsFromInvestingActivities": -53435440, "dividendsPaid": -2411966, "netBorrowings": -6416748, "otherCashflowsFromFinancingActivities": -971789, "totalCashFromFinancingActivities": -9800503, "changeInCash": 18133657}, {"maxAge": 1, "endDate": "2017-03-31", "netIncome": 8309983, "depreciation": 273324, "changeToNetincome": 576479, "changeToAccountReceivables": -4539886, "changeToLiabilities": 12435905, "changeToInventory": -5044631, "changeToOperatingActivities": -16467788, "totalCashFromOperatingActivities": -4456614, "capitalExpenditures": -216558, "investments": 20600000, "totalCashflowsFromInvestingActivities": 20600000, "dividendsPaid": -2404749, "netBorrowings": 6052850, "otherCashflowsFromFinancingActivities": -1570388, "totalCashFromFinancingActivities": 2077713, "changeInCash": 18221099}], "maxAge": 86400}, "institutionOwnership": {"ownershipList": [], "maxAge": 1}, "balanceSheetHistoryQuarterly": {"balanceSheetStatements": [{"maxAge": 1, "endDate": "2020-06-30", "totalStockholderEquity": 181797000, "netTangibleAssets": 181397000}, {"maxAge": 1, "endDate": "2020-03-31", "cash": 39228347, "netReceivables": 29296107, "otherCurrentAssets": 14484692, "totalCurrentAssets": 133037525, "longTermInvestments": 17380563, "propertyPlantEquipment": 263950, "intangibleAssets": 400000, "otherAssets": 71697548, "totalAssets": 222779586, "accountsPayable": 22383503, "otherCurrentLiab": 16127325, "otherLiab": 39296, "totalCurrentLiabilities": 40943058, "totalLiab": 40982354, "commonStock": 100200000, "retainedEarnings": 71913069, "treasuryStock": 7509163, "capitalSurplus": 2175000, "otherStockholderEquity": 7509163, "totalStockholderEquity": 181797232, "netTangibleAssets": 181397232}, {"maxAge": 1, "endDate": "2019-12-31", "totalStockholderEquity": 167038000, "netTangibleAssets": 166538000}, {"maxAge": 1, "endDate": "2019-09-30", "cash": 49747000, "netReceivables": 50845000, "otherCurrentAssets": 420000, "totalCurrentAssets": 101012000, "longTermInvestments": 134918000, "propertyPlantEquipment": 371000, "intangibleAssets": 500000, "otherAssets": 449000, "totalAssets": 237250000, "accountsPayable": 24477000, "otherCurrentLiab": 44769000, "otherLiab": 117000, "totalCurrentLiabilities": 70095000, "totalLiab": 70212000, "commonStock": 100200000, "treasuryStock": 66838000, "otherStockholderEquity": 66838000, "totalStockholderEquity": 167038000, "netTangibleAssets": 166538000}], "maxAge": 86400}, "indexTrend": {"maxAge": 1, "symbol": "SP5", "peRatio": 19.7411, "pegRatio": 1.34172, "estimates": [{"period": "0q", "growth": 0.549}, {"period": "+1q", "growth": 0.431}, {"period": "0y", "growth": 0.305}, {"period": "+1y", "growth": 0.109}, {"period": "+5y", "growth": 0.120859005}, {"period": "-5y"}]}, "insiderTransactions": {"transactions": [{"maxAge": 1, "shares": 21361, "filerUrl": "", "transactionText": "", "filerName": "Agarwal (Deepika Anil)", "filerRelation": "Promoter", "moneyText": "", "startDate": "2018-08-27", "ownership": "D"}, {"maxAge": 1, "shares": 5000, "filerUrl": "", "transactionText": "", "filerName": "Agarwal (Deepika Anil)", "filerRelation": "Promoter", "moneyText": "", "startDate": "2018-08-23", "ownership": "D"}, {"maxAge": 1, "shares": 8417, "filerUrl": "", "transactionText": "", "filerName": "Agrawal (Annu Anil)", "filerRelation": "Director (Non-Executive)", "moneyText": "", "startDate": "2018-07-09", "ownership": "D"}, {"maxAge": 1, "shares": 15613, "filerUrl": "", "transactionText": "", "filerName": "Agrawal (Annu Anil)", "filerRelation": "Director (Non-Executive)", "moneyText": "", "startDate": "2018-06-26", "ownership": "D"}, {"maxAge": 1, "shares": 0, "filerUrl": "", "transactionText": "", "filerName": "Agrawal (Annu Anil)", "filerRelation": "Director (Non-Executive)", "moneyText": "", "startDate": "2018-06-15", "ownership": "I"}, {"maxAge": 1, "shares": 40557, "filerUrl": "", "transactionText": "", "filerName": "Agrawal (Annu Anil)", "filerRelation": "Director (Non-Executive)", "moneyText": "", "startDate": "2018-06-06", "ownership": "D"}, {"maxAge": 1, "shares": 29685, "filerUrl": "", "transactionText": "", "filerName": "Agrawal (Annu Anil)", "filerRelation": "Director (Non-Executive)", "moneyText": "", "startDate": "2018-06-05", "ownership": "D"}, {"maxAge": 1, "shares": 53572, "filerUrl": "", "transactionText": "", "filerName": "Agrawal (Annu Anil)", "filerRelation": "Director (Non-Executive)", "moneyText": "", "startDate": "2018-04-13", "ownership": "D"}, {"maxAge": 1, "shares": 37000, "filerUrl": "", "transactionText": "", "filerName": "Agrawal (Annu Anil)", "filerRelation": "Director (Non-Executive)", "moneyText": "", "startDate": "2018-01-24", "ownership": "D"}, {"maxAge": 1, "shares": 30000, "filerUrl": "", "transactionText": "", "filerName": "Agrawal (Annu Anil)", "filerRelation": "Director (Non-Executive)", "moneyText": "", "startDate": "2018-01-18", "ownership": "D"}, {"maxAge": 1, "shares": 45000, "filerUrl": "", "transactionText": "", "filerName": "Agrawal (Annu Anil)", "filerRelation": "Director (Non-Executive)", "moneyText": "", "startDate": "2018-01-17", "ownership": "D"}, {"maxAge": 1, "shares": 67156, "filerUrl": "", "transactionText": "", "filerName": "Agrawal (Annu Anil)", "filerRelation": "Director (Non-Executive)", "moneyText": "", "startDate": "2018-01-16", "ownership": "D"}, {"maxAge": 1, "shares": 104000, "filerUrl": "", "transactionText": "", "filerName": "Agrawal (Annu Anil)", "filerRelation": "Director (Non-Executive)", "moneyText": "", "startDate": "2015-10-09", "ownership": "D"}, {"maxAge": 1, "shares": 88000, "filerUrl": "", "transactionText": "", "filerName": "Agrawal (Annu Anil)", "filerRelation": "Director (Non-Executive)", "moneyText": "", "startDate": "2015-01-20", "ownership": "D"}, {"maxAge": 1, "shares": 96000, "filerUrl": "", "transactionText": "", "filerName": "Agrawal (Annu Anil)", "filerRelation": "Director (Non-Executive)", "moneyText": "", "startDate": "2015-01-15", "ownership": "D"}, {"maxAge": 1, "shares": 40000, "filerUrl": "", "transactionText": "", "filerName": "Agrawal (Annu Anil)", "filerRelation": "Director (Non-Executive)", "moneyText": "", "startDate": "2015-01-14", "ownership": "D"}], "maxAge": 1}, "quoteType": {"exchange": "BSE", "quoteType": "EQUITY", "symbol": "COMCL.BO", "underlyingSymbol": "COMCL.BO", "shortName": "COMFORT COMMOTRADE LTD.", "longName": "Comfort Commotrade Limited", "firstTradeDateEpochUtc": "2012-09-25 09:15:00", "timeZoneFullName": "Asia/Kolkata", "timeZoneShortName": "IST", "uuid": "eda19115-06b7-32af-a7cf-320a742da52a", "gmtOffSetMilliseconds": 19800000, "maxAge": 1}, "incomeStatementHistory": {"incomeStatementHistory": [{"maxAge": 1, "endDate": "2020-03-31", "totalRevenue": 362857287, "costOfRevenue": 296409309, "grossProfit": 66447978, "researchDevelopment": {}, "sellingGeneralAdministrative": 21231876, "nonRecurring": {}, "otherOperatingExpenses": 20327800, "totalOperatingExpenses": 338383618, "operatingIncome": 24473669, "totalOtherIncomeExpenseNet": 165210, "ebit": 0, "interestExpense": {}, "incomeBeforeTax": 24638879, "incomeTaxExpense": 8555722, "minorityInterest": {}, "netIncomeFromContinuingOps": 16083157, "discontinuedOperations": {}, "extraordinaryItems": {}, "effectOfAccountingCharges": {}, "otherItems": {}, "netIncome": 16083157, "netIncomeApplicableToCommonShares": 16083157}, {"maxAge": 1, "endDate": "2019-03-31", "totalRevenue": 603437944, "costOfRevenue": 583135627, "grossProfit": 20302317, "researchDevelopment": {}, "sellingGeneralAdministrative": 9290530, "nonRecurring": {}, "otherOperatingExpenses": 9325728, "totalOperatingExpenses": 602086937, "operatingIncome": 1351007, "totalOtherIncomeExpenseNet": -670412, "ebit": 0, "interestExpense": {}, "incomeBeforeTax": 680595, "incomeTaxExpense": 990992, "minorityInterest": {}, "netIncomeFromContinuingOps": -310397, "discontinuedOperations": {}, "extraordinaryItems": {}, "effectOfAccountingCharges": {}, "otherItems": {}, "netIncome": -310397, "netIncomeApplicableToCommonShares": -310397}, {"maxAge": 1, "endDate": "2018-03-31", "totalRevenue": 923929564, "costOfRevenue": 904237587, "grossProfit": 19691977, "researchDevelopment": {}, "sellingGeneralAdministrative": 6818165, "nonRecurring": {}, "otherOperatingExpenses": -3282465, "totalOperatingExpenses": 908115187, "operatingIncome": 15814377, "totalOtherIncomeExpenseNet": 0, "ebit": 0, "interestExpense": {}, "incomeBeforeTax": 15814377, "incomeTaxExpense": 939663, "minorityInterest": {}, "netIncomeFromContinuingOps": 14874714, "discontinuedOperations": {}, "extraordinaryItems": {}, "effectOfAccountingCharges": {}, "otherItems": {}, "netIncome": 14874714, "netIncomeApplicableToCommonShares": 14874714}, {"maxAge": 1, "endDate": "2017-03-31", "totalRevenue": 86656346, "costOfRevenue": 70621639, "grossProfit": 16034707, "researchDevelopment": {}, "sellingGeneralAdministrative": 6407310, "nonRecurring": {}, "otherOperatingExpenses": -1578375, "totalOperatingExpenses": 75723898, "operatingIncome": 10932448, "totalOtherIncomeExpenseNet": -1, "ebit": 0, "interestExpense": {}, "incomeBeforeTax": 10932447, "incomeTaxExpense": 2622464, "minorityInterest": {}, "netIncomeFromContinuingOps": 8309983, "discontinuedOperations": {}, "extraordinaryItems": {}, "effectOfAccountingCharges": {}, "otherItems": {}, "netIncome": 8309983, "netIncomeApplicableToCommonShares": 8309983}], "maxAge": 86400}, "fundOwnership": {"ownershipList": [], "maxAge": 1}, "summaryDetail": {"maxAge": 1, "priceHint": 2, "previousClose": 9.0, "open": 9.1, "dayLow": 9.0, "dayHigh": 9.4, "regularMarketPreviousClose": 9.0, "regularMarketOpen": 9.1, "regularMarketDayLow": 9.0, "regularMarketDayHigh": 9.4, "trailingPE": 1.0604693, "volume": 14404, "regularMarketVolume": 14404, "averageVolume": 6174, "averageVolume10days": 2907, "averageDailyVolume10Day": 2907, "bid": 9.3, "ask": 9.4, "bidSize": 0, "askSize": 0, "marketCap": 94188000, "fiftyTwoWeekLow": 1.14, "fiftyTwoWeekHigh": 9.4, "fiftyDayAverage": 4.9860606, "twoHundredDayAverage": 3.5734558, "trailingAnnualDividendRate": 0.2, "trailingAnnualDividendYield": 0.022222223, "currency": "INR", "fromCurrency": null, "lastMarket": null, "algorithm": null, "tradeable": false}, "incomeStatementHistoryQuarterly": {"incomeStatementHistory": [{"maxAge": 1, "endDate": "2020-06-30", "totalRevenue": 297820000, "costOfRevenue": 163027000, "grossProfit": 134793000, "researchDevelopment": {}, "sellingGeneralAdministrative": 2575000, "nonRecurring": {}, "otherOperatingExpenses": 36087000, "totalOperatingExpenses": 201775000, "operatingIncome": 96045000, "totalOtherIncomeExpenseNet": 0, "ebit": 0, "interestExpense": {}, "incomeBeforeTax": 96045000, "incomeTaxExpense": 26873000, "minorityInterest": {}, "netIncomeFromContinuingOps": 69172000, "discontinuedOperations": {}, "extraordinaryItems": {}, "effectOfAccountingCharges": {}, "otherItems": {}, "netIncome": 69172000, "netIncomeApplicableToCommonShares": 69172000}, {"maxAge": 1, "endDate": "2020-03-31", "totalRevenue": 95962287, "costOfRevenue": 76218309, "grossProfit": 19743978, "researchDevelopment": {}, "sellingGeneralAdministrative": 14782876, "nonRecurring": {}, "otherOperatingExpenses": 13471800, "totalOperatingExpenses": 104576618, "operatingIncome": -8614331, "totalOtherIncomeExpenseNet": 165210, "ebit": 0, "interestExpense": {}, "incomeBeforeTax": -8449121, "incomeTaxExpense": -3356278, "minorityInterest": {}, "netIncomeFromContinuingOps": -5092843, "discontinuedOperations": {}, "extraordinaryItems": {}, "effectOfAccountingCharges": {}, "otherItems": {}, "netIncome": -5092843, "netIncomeApplicableToCommonShares": -5092843}, {"maxAge": 1, "endDate": "2019-12-31", "totalRevenue": 61488000, "costOfRevenue": 32461000, "grossProfit": 29027000, "researchDevelopment": {}, "sellingGeneralAdministrative": 2448000, "nonRecurring": {}, "otherOperatingExpenses": 4239000, "totalOperatingExpenses": 39252000, "operatingIncome": 22236000, "totalOtherIncomeExpenseNet": 0, "ebit": 0, "interestExpense": {}, "incomeBeforeTax": 22236000, "incomeTaxExpense": 8053000, "minorityInterest": {}, "netIncomeFromContinuingOps": 14183000, "discontinuedOperations": {}, "extraordinaryItems": {}, "effectOfAccountingCharges": {}, "otherItems": {}, "netIncome": 14183000, "netIncomeApplicableToCommonShares": 14183000}, {"maxAge": 1, "endDate": "2019-09-30", "totalRevenue": 120606000, "costOfRevenue": 104224000, "grossProfit": 16382000, "researchDevelopment": {}, "sellingGeneralAdministrative": 2209000, "nonRecurring": {}, "otherOperatingExpenses": 1748000, "totalOperatingExpenses": 108285000, "operatingIncome": 12321000, "totalOtherIncomeExpenseNet": 1000, "ebit": 0, "interestExpense": {}, "incomeBeforeTax": 12322000, "incomeTaxExpense": 3651000, "minorityInterest": {}, "netIncomeFromContinuingOps": 8671000, "discontinuedOperations": {}, "extraordinaryItems": {}, "effectOfAccountingCharges": {}, "otherItems": {}, "netIncome": 8671000, "netIncomeApplicableToCommonShares": 8671000}], "maxAge": 86400}, "cashflowStatementHistoryQuarterly": {"cashflowStatements": [{"maxAge": 1, "endDate": "2020-06-30", "netIncome": 69172000, "changeToLiabilities": 0}, {"maxAge": 1, "endDate": "2020-03-31", "netIncome": -5092843, "changeToLiabilities": 0}, {"maxAge": 1, "endDate": "2019-12-31", "netIncome": 14183000, "changeToLiabilities": 0}, {"maxAge": 1, "endDate": "2019-09-30", "netIncome": 8671000, "changeToLiabilities": 0}], "maxAge": 86400}, "insiderHolders": {"holders": [{"maxAge": 1, "name": "Agarwal (Deepika Anil)", "relation": "Promoter", "url": "", "transactionDescription": "Acquisition", "latestTransDate": "2018-08-27", "positionDirect": 56361, "positionDirectDate": "2018-08-27"}, {"maxAge": 1, "name": "Agrawal (Annu Anil)", "relation": "Director (Non-Executive)", "url": "", "transactionDescription": "Acquisition", "latestTransDate": "2018-07-09", "positionDirect": 1105000, "positionDirectDate": "2018-07-09"}], "maxAge": 1}, "calendarEvents": {"maxAge": 1, "earnings": {"earningsDate": ["2020-09-15 05:30:S"]}}, "upgradeDowngradeHistory": {"history": [], "maxAge": 86400}, "price": {"maxAge": 1, "regularMarketChangePercent": 0.044444397, "regularMarketChange": 0.39999962, "regularMarketTime": "2021-04-30 15:15:00", "priceHint": 2, "regularMarketPrice": 9.4, "regularMarketDayHigh": 9.4, "regularMarketDayLow": 9.0, "regularMarketVolume": 14404, "averageDailyVolume10Day": 2907, "averageDailyVolume3Month": 6174, "regularMarketPreviousClose": 9.0, "regularMarketSource": "FREE_REALTIME", "regularMarketOpen": 9.1, "exchange": "BSE", "exchangeName": "BSE", "exchangeDataDelayedBy": 0, "marketState": "CLOSED", "quoteType": "EQUITY", "symbol": "COMCL.BO", "underlyingSymbol": null, "shortName": "COMFORT COMMOTRADE LTD.", "longName": "Comfort Commotrade Limited", "currency": "INR", "quoteSourceName": "Delayed Quote", "currencySymbol": "\u20b9", "fromCurrency": null, "lastMarket": null, "marketCap": 94188000}, "balanceSheetHistory": {"balanceSheetStatements": [{"maxAge": 1, "endDate": "2020-03-31", "cash": 39228347, "netReceivables": 29296107, "otherCurrentAssets": 14484692, "totalCurrentAssets": 133037525, "longTermInvestments": 17380563, "propertyPlantEquipment": 263950, "intangibleAssets": 400000, "otherAssets": 71697548, "totalAssets": 222779586, "accountsPayable": 22383503, "otherCurrentLiab": 16127325, "otherLiab": 39296, "totalCurrentLiabilities": 40943058, "totalLiab": 40982354, "commonStock": 100200000, "retainedEarnings": 71913069, "treasuryStock": 7509163, "capitalSurplus": 2175000, "otherStockholderEquity": 7509163, "totalStockholderEquity": 181797232, "netTangibleAssets": 181397232}, {"maxAge": 1, "endDate": "2019-03-31", "cash": 21211918, "netReceivables": 45614447, "otherCurrentAssets": 6409843, "totalCurrentAssets": 143595982, "longTermInvestments": 15755705, "propertyPlantEquipment": 478583, "intangibleAssets": 600000, "otherAssets": 27376539, "totalAssets": 187806809, "accountsPayable": 16106946, "otherCurrentLiab": 10516174, "otherLiab": 118006, "totalCurrentLiabilities": 26999744, "totalLiab": 27117750, "commonStock": 100200000, "retainedEarnings": 55161361, "treasuryStock": 3152698, "capitalSurplus": 2175000, "otherStockholderEquity": 3152698, "totalStockholderEquity": 160689059, "netTangibleAssets": 160089059}, {"maxAge": 1, "endDate": "2018-03-31", "cash": 62423556, "netReceivables": 7138463, "otherCurrentAssets": 6720817, "totalCurrentAssets": 126950518, "longTermInvestments": 70171808, "propertyPlantEquipment": 613635, "intangibleAssets": 800000, "otherAssets": 2599500, "totalAssets": 201135461, "accountsPayable": 46151446, "otherCurrentLiab": 2645648, "otherLiab": 154496, "totalCurrentLiabilities": 48797094, "totalLiab": 48951590, "commonStock": 100200000, "retainedEarnings": 51102694, "treasuryStock": -1293823, "capitalSurplus": 2175000, "otherStockholderEquity": -1293823, "totalStockholderEquity": 152183871, "netTangibleAssets": 151383871}, {"maxAge": 1, "endDate": "2017-03-31", "cash": 44153580, "netReceivables": 15403275, "otherCurrentAssets": 30114653, "totalCurrentAssets": 97883589, "propertyPlantEquipment": 501283, "intangibleAssets": 1000000, "otherAssets": 76582788, "totalAssets": 175967660, "accountsPayable": 25649487, "otherCurrentLiab": 6523024, "otherLiab": 201189, "totalCurrentLiabilities": 38589259, "totalLiab": 38790448, "commonStock": 100200000, "retainedEarnings": 36190287, "treasuryStock": -1388075, "capitalSurplus": 2175000, "otherStockholderEquity": -1388075, "totalStockholderEquity": 137177212, "netTangibleAssets": 136177212}], "maxAge": 86400}, "financialData": {"maxAge": 86400, "currentPrice": 9.4, "recommendationKey": "none", "grossProfits": 66447978, "financialCurrency": "INR"}}}