{"COMFINTE.BO": {"cashflowStatementHistory": {"cashflowStatements": [{"maxAge": 1, "endDate": "2020-03-31", "netIncome": -22172364, "depreciation": 1925300, "changeToNetincome": 42351523, "changeToAccountReceivables": -78217304, "changeToLiabilities": -43971595, "changeToInventory": -13927237, "changeToOperatingActivities": 108640357, "totalCashFromOperatingActivities": -5371320, "investments": -17739686, "otherCashflowsFromInvestingActivities": 3329000, "totalCashflowsFromInvestingActivities": -14410686, "netBorrowings": -11184546, "otherCashflowsFromFinancingActivities": -1061882, "totalCashFromFinancingActivities": -12246428, "changeInCash": -32028434}, {"maxAge": 1, "endDate": "2019-03-31", "netIncome": 1185027, "depreciation": 2657286, "changeToNetincome": 3650796, "changeToAccountReceivables": -51635750, "changeToLiabilities": 77980062, "changeToInventory": -170514, "changeToOperatingActivities": -82345056, "totalCashFromOperatingActivities": -48678149, "capitalExpenditures": -1130297, "investments": -29573706, "otherCashflowsFromInvestingActivities": 5166500, "totalCashflowsFromInvestingActivities": -25537503, "dividendsPaid": -9598170, "netBorrowings": 21154076, "otherCashflowsFromFinancingActivities": -3958196, "totalCashFromFinancingActivities": 7597710, "changeInCash": -66617941}, {"maxAge": 1, "endDate": "2018-03-31", "netIncome": 36733117, "depreciation": 1330901, "changeToNetincome": 32333113, "changeToAccountReceivables": -84910108, "changeToLiabilities": 25366680, "changeToInventory": 585646, "changeToOperatingActivities": 105126699, "totalCashFromOperatingActivities": 116566048, "capitalExpenditures": -108569, "investments": -29573706, "otherCashflowsFromInvestingActivities": 6351000, "totalCashflowsFromInvestingActivities": 6242431, "dividendsPaid": -3199381, "netBorrowings": 5837056, "otherCashflowsFromFinancingActivities": -2473076, "totalCashFromFinancingActivities": 164599, "changeInCash": 122973078}, {"maxAge": 1, "endDate": "2017-03-31", "netIncome": 13620368, "depreciation": 2457066, "changeToNetincome": -20131297, "changeToAccountReceivables": -26246591, "changeToLiabilities": 21365068, "changeToInventory": -1753246, "changeToOperatingActivities": -40518872, "totalCashFromOperatingActivities": -51207504, "capitalExpenditures": -108569, "investments": 11711800, "otherCashflowsFromInvestingActivities": 8597600, "totalCashflowsFromInvestingActivities": 24069316, "dividendsPaid": -6398762, "netBorrowings": -19287120, "otherCashflowsFromFinancingActivities": -2396915, "totalCashFromFinancingActivities": -28082797, "changeInCash": -55220985}], "maxAge": 86400}, "institutionOwnership": {"maxAge": 1, "ownershipList": []}, "balanceSheetHistoryQuarterly": {"balanceSheetStatements": [{"maxAge": 1, "endDate": "2020-06-30", "totalStockholderEquity": 978562000, "netTangibleAssets": 978562000}, {"maxAge": 1, "endDate": "2020-03-31", "cash": 84649523, "netReceivables": 532083738, "inventory": 54227746, "otherCurrentAssets": 121189497, "totalCurrentAssets": 839036470, "longTermInvestments": 149976341, "propertyPlantEquipment": 5992653, "otherAssets": 107109904, "totalAssets": 1102115368, "accountsPayable": 81485111, "otherCurrentLiab": 7651492, "otherLiab": 4867300, "totalCurrentLiabilities": 118685791, "totalLiab": 123553091, "commonStock": 319938080, "retainedEarnings": 116025443, "treasuryStock": 20014904, "capitalSurplus": 522583850, "otherStockholderEquity": 20014904, "totalStockholderEquity": 978562277, "netTangibleAssets": 978562277}, {"maxAge": 1, "endDate": "2019-12-31", "totalStockholderEquity": 1019788000, "netTangibleAssets": 1019788000}, {"maxAge": 1, "endDate": "2019-09-30", "cash": 111218000, "shortTermInvestments": 30274000, "netReceivables": 483451000, "inventory": 51716000, "otherCurrentAssets": 111290000, "totalCurrentAssets": 787949000, "longTermInvestments": 190827000, "propertyPlantEquipment": 6760000, "otherAssets": 131794000, "totalAssets": 1117330000, "accountsPayable": 74009000, "otherCurrentLiab": 12235000, "otherLiab": 4867000, "totalCurrentLiabilities": 92675000, "totalLiab": 97542000, "commonStock": 319938000, "treasuryStock": 699850000, "otherStockholderEquity": 699850000, "totalStockholderEquity": 1019788000, "netTangibleAssets": 1019788000}], "maxAge": 86400}, "indexTrend": {"maxAge": 1, "symbol": "SP5", "peRatio": 19.7411, "pegRatio": 1.34172, "estimates": [{"period": "0q", "growth": 0.549}, {"period": "+1q", "growth": 0.431}, {"period": "0y", "growth": 0.305}, {"period": "+1y", "growth": 0.109}, {"period": "+5y", "growth": 0.120859005}, {"period": "-5y"}]}, "insiderTransactions": {"transactions": [{"maxAge": 1, "shares": 25000, "filerUrl": "", "transactionText": "", "filerName": "Agrawal (Anil Beniprasad) HUF", "filerRelation": "Promoter", "moneyText": "", "startDate": "2014-09-19", "ownership": "D"}, {"maxAge": 1, "shares": 1389431, "filerUrl": "", "transactionText": "", "filerName": "Agrawal (Anil Beniprasad) HUF", "filerRelation": "Promoter", "moneyText": "", "startDate": "2014-09-08", "ownership": "D"}, {"maxAge": 1, "shares": 75240531, "filerUrl": "", "transactionText": "", "filerName": "Luharuka Investment & Consultants Pvt Ltd", "filerRelation": "Promoter", "moneyText": "", "startDate": "2014-08-14", "ownership": "D"}, {"maxAge": 1, "shares": 1822320, "filerUrl": "", "transactionText": "", "filerName": "Agrawal (Anil Beniprasad)", "filerRelation": "Executive Chairman", "moneyText": "", "startDate": "2013-09-03", "ownership": "D"}, {"maxAge": 1, "shares": 1822320, "filerUrl": "", "transactionText": "", "filerName": "Agrawal (Anil Beniprasad) HUF", "filerRelation": "Promoter", "moneyText": "", "startDate": "2013-09-03", "ownership": "D"}, {"maxAge": 1, "shares": 57800, "filerUrl": "", "transactionText": "", "filerName": "Luharuka Exports Pvt Ltd", "filerRelation": "Institution- Corporation", "moneyText": "", "startDate": "2009-08-17", "ownership": "D"}, {"maxAge": 1, "shares": 1000000, "filerUrl": "", "transactionText": "", "filerName": "Luharuka Exports Pvt Ltd", "filerRelation": "Institution- Corporation", "moneyText": "", "startDate": "2008-10-11", "ownership": "D"}, {"maxAge": 1, "shares": 1000000, "filerUrl": "", "transactionText": "", "filerName": "Luharuka Investment & Consultants Pvt Ltd", "filerRelation": "Promoter", "moneyText": "", "startDate": "2008-10-11", "ownership": "D"}], "maxAge": 1}, "quoteType": {"exchange": "BSE", "quoteType": "EQUITY", "symbol": "COMFINTE.BO", "underlyingSymbol": "COMFINTE.BO", "shortName": "COMFORT INTECH LTD.", "longName": "Comfort Intech Limited", "firstTradeDateEpochUtc": "1995-11-13 09:15:00", "timeZoneFullName": "Asia/Kolkata", "timeZoneShortName": "IST", "uuid": "b86961e5-e693-324c-b691-aff531de86fe", "messageBoardId": null, "gmtOffSetMilliseconds": 19800000, "maxAge": 1}, "incomeStatementHistory": {"incomeStatementHistory": [{"maxAge": 1, "endDate": "2020-03-31", "totalRevenue": 592620562, "costOfRevenue": 517317597, "grossProfit": 75302965, "researchDevelopment": {}, "sellingGeneralAdministrative": 42219384, "nonRecurring": {}, "otherOperatingExpenses": 31440336, "totalOperatingExpenses": 592904360, "operatingIncome": -283798, "totalOtherIncomeExpenseNet": -16616078, "ebit": -283798, "interestExpense": -1061881, "incomeBeforeTax": -16899876, "incomeTaxExpense": 5272488, "minorityInterest": {}, "netIncomeFromContinuingOps": -22172364, "discontinuedOperations": {}, "extraordinaryItems": {}, "effectOfAccountingCharges": {}, "otherItems": {}, "netIncome": -22172364, "netIncomeApplicableToCommonShares": -22172364}, {"maxAge": 1, "endDate": "2019-03-31", "totalRevenue": 533869723, "costOfRevenue": 494357907, "grossProfit": 39511816, "researchDevelopment": {}, "sellingGeneralAdministrative": 17812893, "nonRecurring": {}, "otherOperatingExpenses": 17275822, "totalOperatingExpenses": 532103908, "operatingIncome": 1765815, "totalOtherIncomeExpenseNet": 383490, "ebit": 1765815, "interestExpense": -2004239, "incomeBeforeTax": 2149305, "incomeTaxExpense": 964278, "minorityInterest": {}, "netIncomeFromContinuingOps": 1185027, "discontinuedOperations": {}, "extraordinaryItems": {}, "effectOfAccountingCharges": {}, "otherItems": {}, "netIncome": 1185027, "netIncomeApplicableToCommonShares": 1185027}, {"maxAge": 1, "endDate": "2018-03-31", "totalRevenue": 223922945, "costOfRevenue": 119966538, "grossProfit": 103956407, "researchDevelopment": {}, "sellingGeneralAdministrative": 11592133, "nonRecurring": {}, "otherOperatingExpenses": 15477771, "totalOperatingExpenses": 165068257, "operatingIncome": 58854688, "totalOtherIncomeExpenseNet": -3056146, "ebit": 58854688, "interestExpense": -1821649, "incomeBeforeTax": 55798542, "incomeTaxExpense": 19065425, "minorityInterest": {}, "netIncomeFromContinuingOps": 36733117, "discontinuedOperations": {}, "extraordinaryItems": {}, "effectOfAccountingCharges": {}, "otherItems": {}, "netIncome": 36733117, "netIncomeApplicableToCommonShares": 36733117}, {"maxAge": 1, "endDate": "2017-03-31", "totalRevenue": 98834513, "costOfRevenue": 51758808, "grossProfit": 47075705, "researchDevelopment": {}, "sellingGeneralAdministrative": 12574847, "nonRecurring": {}, "otherOperatingExpenses": 15316703, "totalOperatingExpenses": 82107424, "operatingIncome": 16727089, "totalOtherIncomeExpenseNet": 1560611, "ebit": 16727089, "interestExpense": -1117326, "incomeBeforeTax": 18287700, "incomeTaxExpense": 4667332, "minorityInterest": {}, "netIncomeFromContinuingOps": 13620368, "discontinuedOperations": {}, "extraordinaryItems": {}, "effectOfAccountingCharges": {}, "otherItems": {}, "netIncome": 13620368, "netIncomeApplicableToCommonShares": 13620368}], "maxAge": 86400}, "fundOwnership": {"maxAge": 1, "ownershipList": []}, "summaryDetail": {"maxAge": 1, "priceHint": 2, "previousClose": 10.5, "open": 10.5, "dayLow": 9.98, "dayHigh": 11.0, "regularMarketPreviousClose": 10.5, "regularMarketOpen": 10.5, "regularMarketDayLow": 9.98, "regularMarketDayHigh": 11.0, "trailingPE": 37.112675, "volume": 4559, "regularMarketVolume": 4559, "averageVolume": 11374, "averageVolume10days": 11381, "averageDailyVolume10Day": 11381, "bid": 10.23, "ask": 10.54, "bidSize": 0, "askSize": 0, "marketCap": 337214656, "fiftyTwoWeekLow": 2.21, "fiftyTwoWeekHigh": 11.0, "fiftyDayAverage": 6.4885716, "twoHundredDayAverage": 5.6045985, "trailingAnnualDividendRate": 0.3, "trailingAnnualDividendYield": 0.02857143, "currency": "INR", "fromCurrency": null, "toCurrency": null, "lastMarket": null, "algorithm": null, "tradeable": false}, "incomeStatementHistoryQuarterly": {"incomeStatementHistory": [{"maxAge": 1, "endDate": "2020-06-30", "totalRevenue": 81514000, "costOfRevenue": 48347000, "grossProfit": 33167000, "researchDevelopment": {}, "sellingGeneralAdministrative": 1209000, "nonRecurring": {}, "otherOperatingExpenses": 8320000, "totalOperatingExpenses": 58342000, "operatingIncome": 23172000, "totalOtherIncomeExpenseNet": 14149000, "ebit": 23172000, "interestExpense": -396000, "incomeBeforeTax": 37321000, "incomeTaxExpense": 4904000, "minorityInterest": {}, "netIncomeFromContinuingOps": 32417000, "discontinuedOperations": {}, "extraordinaryItems": {}, "effectOfAccountingCharges": {}, "otherItems": {}, "netIncome": 32417000, "netIncomeApplicableToCommonShares": 32417000}, {"maxAge": 1, "endDate": "2020-03-31", "totalRevenue": 133126562, "costOfRevenue": 106212597, "grossProfit": 26913965, "researchDevelopment": {}, "sellingGeneralAdministrative": 33981384, "nonRecurring": {}, "otherOperatingExpenses": 2108336, "totalOperatingExpenses": 142785360, "operatingIncome": -9658798, "totalOtherIncomeExpenseNet": -4471078, "ebit": -9658798, "interestExpense": -13881, "incomeBeforeTax": -14129876, "incomeTaxExpense": -1683512, "minorityInterest": {}, "netIncomeFromContinuingOps": -12446364, "discontinuedOperations": {}, "extraordinaryItems": {}, "effectOfAccountingCharges": {}, "otherItems": {}, "netIncome": -12446364, "netIncomeApplicableToCommonShares": -12446364}, {"maxAge": 1, "endDate": "2019-12-31", "totalRevenue": 171910000, "costOfRevenue": 156500000, "grossProfit": 15410000, "researchDevelopment": {}, "sellingGeneralAdministrative": 3020000, "nonRecurring": {}, "otherOperatingExpenses": 13300000, "totalOperatingExpenses": 173290000, "operatingIncome": -1380000, "totalOtherIncomeExpenseNet": -9370000, "ebit": -1380000, "interestExpense": -300000, "incomeBeforeTax": -10750000, "incomeTaxExpense": 800000, "minorityInterest": {}, "netIncomeFromContinuingOps": -11550000, "discontinuedOperations": {}, "extraordinaryItems": {}, "effectOfAccountingCharges": {}, "otherItems": {}, "netIncome": -11550000, "netIncomeApplicableToCommonShares": -11550000}, {"maxAge": 1, "endDate": "2019-09-30", "totalRevenue": 172539000, "costOfRevenue": 147219000, "grossProfit": 25320000, "researchDevelopment": {}, "sellingGeneralAdministrative": 2604000, "nonRecurring": {}, "otherOperatingExpenses": 11731000, "totalOperatingExpenses": 162041000, "operatingIncome": 10498000, "totalOtherIncomeExpenseNet": -4321000, "ebit": 10498000, "interestExpense": -526000, "incomeBeforeTax": 6177000, "incomeTaxExpense": 5195000, "minorityInterest": {}, "netIncomeFromContinuingOps": 982000, "discontinuedOperations": {}, "extraordinaryItems": {}, "effectOfAccountingCharges": {}, "otherItems": {}, "netIncome": 982000, "netIncomeApplicableToCommonShares": 982000}], "maxAge": 86400}, "cashflowStatementHistoryQuarterly": {"cashflowStatements": [{"maxAge": 1, "endDate": "2020-06-30", "netIncome": 32417000, "changeToLiabilities": 0}, {"maxAge": 1, "endDate": "2020-03-31", "netIncome": -12446364, "changeToLiabilities": 0}, {"maxAge": 1, "endDate": "2019-12-31", "netIncome": -11550000, "changeToLiabilities": 0}, {"maxAge": 1, "endDate": "2019-09-30", "netIncome": 982000, "changeToLiabilities": 0}], "maxAge": 86400}, "insiderHolders": {"holders": [{"maxAge": 1, "name": "Agrawal (Anil Beniprasad)", "relation": "Executive Chairman", "url": "", "transactionDescription": "Acquisition", "latestTransDate": "2013-09-03", "positionDirect": 2309472, "positionDirectDate": "2013-09-03"}, {"maxAge": 1, "name": "Agrawal (Anil Beniprasad) HUF", "relation": "Promoter", "url": "", "transactionDescription": "Acquisition", "latestTransDate": "2014-09-19", "positionDirect": 3723903, "positionDirectDate": "2014-09-19"}, {"maxAge": 1, "name": "Luharuka Exports Pvt Ltd", "relation": "Institution- Corporation", "url": "", "transactionDescription": "Acquisition", "latestTransDate": "2009-08-17", "positionDirect": 3220759, "positionDirectDate": "2009-08-17"}, {"maxAge": 1, "name": "Luharuka Investment & Consultants Pvt Ltd", "relation": "Promoter", "url": "", "transactionDescription": "Acquisition", "latestTransDate": "2014-08-14", "positionDirect": 78449224, "positionDirectDate": "2014-08-14"}], "maxAge": 1}, "calendarEvents": {"maxAge": 1, "earnings": {"earningsDate": []}}, "price": {"maxAge": 1, "regularMarketChangePercent": 0.0038095203, "regularMarketChange": 0.03999996, "regularMarketTime": "2021-04-30 15:45:53", "priceHint": 2, "regularMarketPrice": 10.54, "regularMarketDayHigh": 11.0, "regularMarketDayLow": 9.98, "regularMarketVolume": 4559, "averageDailyVolume10Day": 11381, "averageDailyVolume3Month": 11374, "regularMarketPreviousClose": 10.5, "regularMarketSource": "FREE_REALTIME", "regularMarketOpen": 10.5, "exchange": "BSE", "exchangeName": "BSE", "exchangeDataDelayedBy": 0, "marketState": "CLOSED", "quoteType": "EQUITY", "symbol": "COMFINTE.BO", "underlyingSymbol": null, "shortName": "COMFORT INTECH LTD.", "longName": "Comfort Intech Limited", "currency": "INR", "quoteSourceName": "Delayed Quote", "currencySymbol": "\u20b9", "fromCurrency": null, "toCurrency": null, "lastMarket": null, "marketCap": 337214656}, "balanceSheetHistory": {"balanceSheetStatements": [{"maxAge": 1, "endDate": "2020-03-31", "cash": 84649523, "netReceivables": 532083738, "inventory": 54227746, "otherCurrentAssets": 121189497, "totalCurrentAssets": 839036470, "longTermInvestments": 149976341, "propertyPlantEquipment": 5992653, "otherAssets": 107109904, "totalAssets": 1102115368, "accountsPayable": 81485111, "otherCurrentLiab": 7651492, "otherLiab": 4867300, "totalCurrentLiabilities": 118685791, "totalLiab": 123553091, "commonStock": 319938080, "retainedEarnings": 116025443, "treasuryStock": 20014904, "capitalSurplus": 522583850, "otherStockholderEquity": 20014904, "totalStockholderEquity": 978562277, "netTangibleAssets": 978562277}, {"maxAge": 1, "endDate": "2019-03-31", "cash": 116677957, "netReceivables": 468270413, "inventory": 40300509, "otherCurrentAssets": 190464663, "totalCurrentAssets": 860287193, "longTermInvestments": 209303869, "propertyPlantEquipment": 7549019, "otherAssets": 131978837, "totalAssets": 1209118918, "accountsPayable": 125456705, "otherCurrentLiab": 6056233, "otherLiab": 4867300, "totalCurrentLiabilities": 172514880, "totalLiab": 177382180, "commonStock": 319938080, "retainedEarnings": 138197807, "treasuryStock": 51017002, "capitalSurplus": 522583849, "otherStockholderEquity": 51017002, "totalStockholderEquity": 1031736738, "netTangibleAssets": 1031736738}, {"maxAge": 1, "endDate": "2018-03-31", "cash": 183295898, "netReceivables": 450560203, "inventory": 40129995, "otherCurrentAssets": 20690541, "totalCurrentAssets": 737559034, "longTermInvestments": 211142805, "propertyPlantEquipment": 7970218, "otherAssets": 188661876, "totalAssets": 1145333933, "accountsPayable": 47476643, "otherCurrentLiab": 10334500, "otherLiab": 6508999, "totalCurrentLiabilities": 79189095, "totalLiab": 85698094, "commonStock": 319938080, "retainedEarnings": 152142271, "treasuryStock": 64971638, "capitalSurplus": 522583850, "otherStockholderEquity": 64971638, "totalStockholderEquity": 1059635839, "netTangibleAssets": 1059635839}, {"maxAge": 1, "endDate": "2017-03-31", "cash": 60322820, "netReceivables": 481892000, "inventory": 40715641, "otherCurrentAssets": 22523500, "totalCurrentAssets": 650608875, "longTermInvestments": 211657742, "propertyPlantEquipment": 9192550, "otherAssets": 190545694, "totalAssets": 1062004861, "accountsPayable": 22109963, "otherCurrentLiab": 3883783, "otherLiab": 5781180, "totalCurrentLiabilities": 39218651, "totalLiab": 44999831, "commonStock": 319938080, "retainedEarnings": 128556285, "treasuryStock": 45926815, "capitalSurplus": 522583850, "otherStockholderEquity": 45926815, "totalStockholderEquity": 1017005030, "netTangibleAssets": 1017005030}], "maxAge": 86400}, "financialData": {"maxAge": 86400, "currentPrice": 10.54, "recommendationKey": "none", "grossProfits": 75302965, "financialCurrency": "INR"}}}