{"COMPEAU.BO": {"recommendationTrend": {"trend": [{"period": "0m", "strongBuy": 0, "buy": 0, "hold": 0, "sell": 0, "strongSell": 0}, {"period": "-1m", "strongBuy": 0, "buy": 0, "hold": 0, "sell": 0, "strongSell": 0}, {"period": "-2m", "strongBuy": 0, "buy": 0, "hold": 0, "sell": 0, "strongSell": 0}, {"period": "-3m", "strongBuy": 0, "buy": 0, "hold": 0, "sell": 0, "strongSell": 0}], "maxAge": 86400}, "cashflowStatementHistory": {"cashflowStatements": [{"maxAge": 1, "endDate": "2020-03-31", "netIncome": 388021000, "depreciation": 210286000, "changeToNetincome": -224138000, "changeToAccountReceivables": 480565000, "changeToLiabilities": 0, "changeToInventory": -147353000, "changeToOperatingActivities": -46155000, "totalCashFromOperatingActivities": 661226000, "capitalExpenditures": -788320000, "otherCashflowsFromInvestingActivities": 12156000, "totalCashflowsFromInvestingActivities": -462569000, "dividendsPaid": -6146000, "netBorrowings": -108535000, "otherCashflowsFromFinancingActivities": -121265000, "totalCashFromFinancingActivities": -235946000, "changeInCash": -37289000}, {"maxAge": 1, "endDate": "2019-03-31", "netIncome": 158102000, "depreciation": 86400000, "changeToNetincome": 59661000, "changeToAccountReceivables": -254611000, "changeToLiabilities": 0, "changeToInventory": -521845000, "changeToOperatingActivities": 20408000, "totalCashFromOperatingActivities": -451885000, "capitalExpenditures": -210993000, "otherCashflowsFromInvestingActivities": 23035000, "totalCashflowsFromInvestingActivities": -176027000, "dividendsPaid": -6146000, "netBorrowings": 444281000, "otherCashflowsFromFinancingActivities": -102592000, "totalCashFromFinancingActivities": 335543000, "changeInCash": -292370000}, {"maxAge": 1, "endDate": "2018-03-31", "netIncome": 821172000, "depreciation": 75918000, "changeToNetincome": -733051000, "changeToAccountReceivables": -154442000, "changeToLiabilities": 0, "changeToInventory": -31604000, "changeToOperatingActivities": -329687000, "totalCashFromOperatingActivities": -351694000, "capitalExpenditures": -365051000, "otherCashflowsFromInvestingActivities": 15960000, "totalCashflowsFromInvestingActivities": 692109000, "dividendsPaid": -6146000, "netBorrowings": 71526000, "otherCashflowsFromFinancingActivities": -89824000, "totalCashFromFinancingActivities": -24444000, "changeInCash": 315971000}, {"maxAge": 1, "endDate": "2017-03-31", "netIncome": 121018000, "depreciation": 52360000, "changeToNetincome": 100049000, "changeToAccountReceivables": -100180000, "changeToLiabilities": 0, "changeToInventory": 293366000, "changeToOperatingActivities": -67429000, "totalCashFromOperatingActivities": 399184000, "capitalExpenditures": -151079000, "otherCashflowsFromInvestingActivities": 15960000, "totalCashflowsFromInvestingActivities": -71745000, "dividendsPaid": -6146000, "netBorrowings": -114898000, "otherCashflowsFromFinancingActivities": -90334000, "totalCashFromFinancingActivities": -211378000, "changeInCash": 116060000}], "maxAge": 86400}, "institutionOwnership": {"maxAge": 1, "ownershipList": []}, "balanceSheetHistoryQuarterly": {"balanceSheetStatements": [{"maxAge": 1, "endDate": "2020-06-30", "totalStockholderEquity": 2501619000, "netTangibleAssets": 2501619000}, {"maxAge": 1, "endDate": "2020-03-31", "cash": 140650000, "shortTermInvestments": 102447000, "netReceivables": 237852000, "inventory": 1199124000, "otherCurrentAssets": 220775000, "totalCurrentAssets": 1906858000, "longTermInvestments": 348500000, "propertyPlantEquipment": 2128711000, "otherAssets": 189070000, "deferredLongTermAssetCharges": 38955000, "totalAssets": 4573139000, "accountsPayable": 55699000, "shortLongTermDebt": 11039000, "otherCurrentLiab": 42653000, "longTermDebt": 5470000, "otherLiab": 13737000, "totalCurrentLiabilities": 1346896000, "totalLiab": 2071520000, "commonStock": 61460000, "retainedEarnings": 2295670000, "treasuryStock": 1324000, "capitalSurplus": 143165000, "otherStockholderEquity": 1324000, "totalStockholderEquity": 2501619000, "netTangibleAssets": 2501619000}, {"maxAge": 1, "endDate": "2019-12-31", "totalStockholderEquity": 2476856000, "netTangibleAssets": 2476856000}, {"maxAge": 1, "endDate": "2019-09-30", "cash": 234864000, "netReceivables": 468667000, "inventory": 1041554000, "otherCurrentAssets": 187140000, "totalCurrentAssets": 1932225000, "longTermInvestments": 348500000, "propertyPlantEquipment": 1856501000, "otherAssets": 161786000, "deferredLongTermAssetCharges": 30907000, "totalAssets": 4299012000, "accountsPayable": 51036000, "otherCurrentLiab": 65724000, "longTermDebt": 12109000, "otherLiab": 544107000, "totalCurrentLiabilities": 1265940000, "totalLiab": 1822156000, "commonStock": 61460000, "treasuryStock": 2415396000, "otherStockholderEquity": 2415396000, "totalStockholderEquity": 2476856000, "netTangibleAssets": 2476856000}], "maxAge": 86400}, "earningsHistory": {"history": [{"maxAge": 1, "epsActual": {}, "epsEstimate": {}, "epsDifference": {}, "surprisePercent": {}, "quarter": {}, "period": "-4q"}, {"maxAge": 1, "epsActual": {}, "epsEstimate": {}, "epsDifference": {}, "surprisePercent": {}, "quarter": {}, "period": "-3q"}, {"maxAge": 1, "epsActual": {}, "epsEstimate": {}, "epsDifference": {}, "surprisePercent": {}, "quarter": {}, "period": "-2q"}, {"maxAge": 1, "epsActual": 4.52, "epsEstimate": 5.65, "epsDifference": -1.13, "surprisePercent": -0.2, "quarter": "2017-09-30", "period": "-1q"}], "maxAge": 86400}, "indexTrend": {"maxAge": 1, "symbol": "SP5", "peRatio": 19.7411, "pegRatio": 1.34172, "estimates": [{"period": "0q", "growth": 0.549}, {"period": "+1q", "growth": 0.431}, {"period": "0y", "growth": 0.305}, {"period": "+1y", "growth": 0.109}, {"period": "+5y", "growth": 0.120859005}, {"period": "-5y"}]}, "industryTrend": {"maxAge": 1, "symbol": null, "estimates": []}, "insiderTransactions": {"transactions": [{"maxAge": 1, "shares": 49900, "filerUrl": "", "transactionText": "", "filerName": "Gogia (Rohit)", "filerRelation": "Director", "moneyText": "", "startDate": "2018-12-03", "ownership": "D"}], "maxAge": 1}, "quoteType": {"exchange": "BSE", "quoteType": "EQUITY", "symbol": "COMPEAU.BO", "underlyingSymbol": "COMPEAU.BO", "shortName": "COMPETENT AUTOMOBILES CO.LTD.", "longName": "Competent Automobiles Company Limited", "firstTradeDateEpochUtc": "2000-09-11 09:15:00", "timeZoneFullName": "Asia/Kolkata", "timeZoneShortName": "IST", "uuid": "33f6b7e4-78b6-32fa-9777-b1dc8d05a8bc", "messageBoardId": null, "gmtOffSetMilliseconds": 19800000, "maxAge": 1}, "incomeStatementHistory": {"incomeStatementHistory": [{"maxAge": 1, "endDate": "2020-03-31", "totalRevenue": 11652452000, "costOfRevenue": 10246866000, "grossProfit": 1405586000, "researchDevelopment": {}, "sellingGeneralAdministrative": 515567000, "nonRecurring": {}, "otherOperatingExpenses": 453912000, "totalOperatingExpenses": 11426631000, "operatingIncome": 225821000, "totalOtherIncomeExpenseNet": 200152000, "ebit": 225821000, "interestExpense": -111419000, "incomeBeforeTax": 425973000, "incomeTaxExpense": 37952000, "minorityInterest": {}, "netIncomeFromContinuingOps": 388021000, "discontinuedOperations": {}, "extraordinaryItems": {}, "effectOfAccountingCharges": {}, "otherItems": {}, "netIncome": 388021000, "netIncomeApplicableToCommonShares": 388021000}, {"maxAge": 1, "endDate": "2019-03-31", "totalRevenue": 12399726000, "costOfRevenue": 10902239000, "grossProfit": 1497487000, "researchDevelopment": {}, "sellingGeneralAdministrative": 623557000, "nonRecurring": {}, "otherOperatingExpenses": 483615000, "totalOperatingExpenses": 12095811000, "operatingIncome": 303915000, "totalOtherIncomeExpenseNet": -59118000, "ebit": 303915000, "interestExpense": -97917000, "incomeBeforeTax": 244797000, "incomeTaxExpense": 86695000, "minorityInterest": {}, "netIncomeFromContinuingOps": 158102000, "discontinuedOperations": {}, "extraordinaryItems": {}, "effectOfAccountingCharges": {}, "otherItems": {}, "netIncome": 158102000, "netIncomeApplicableToCommonShares": 158102000}, {"maxAge": 1, "endDate": "2018-03-31", "totalRevenue": 12488351000, "costOfRevenue": 11103698000, "grossProfit": 1384653000, "researchDevelopment": {}, "sellingGeneralAdministrative": 553119000, "nonRecurring": {}, "otherOperatingExpenses": 475556000, "totalOperatingExpenses": 12208291000, "operatingIncome": 280060000, "totalOtherIncomeExpenseNet": 733666000, "ebit": 280060000, "interestExpense": -86186000, "incomeBeforeTax": 1013726000, "incomeTaxExpense": 192554000, "minorityInterest": {}, "netIncomeFromContinuingOps": 821172000, "discontinuedOperations": {}, "extraordinaryItems": {}, "effectOfAccountingCharges": {}, "otherItems": {}, "netIncome": 821172000, "netIncomeApplicableToCommonShares": 821172000}, {"maxAge": 1, "endDate": "2017-03-31", "totalRevenue": 12429760000, "costOfRevenue": 11180413000, "grossProfit": 1249347000, "researchDevelopment": {}, "sellingGeneralAdministrative": 473040000, "nonRecurring": {}, "otherOperatingExpenses": 429264000, "totalOperatingExpenses": 12135077000, "operatingIncome": 294683000, "totalOtherIncomeExpenseNet": -106438000, "ebit": 294683000, "interestExpense": -86628000, "incomeBeforeTax": 188245000, "incomeTaxExpense": 67227000, "minorityInterest": {}, "netIncomeFromContinuingOps": 121018000, "discontinuedOperations": {}, "extraordinaryItems": {}, "effectOfAccountingCharges": {}, "otherItems": {}, "netIncome": 121018000, "netIncomeApplicableToCommonShares": 121018000}], "maxAge": 86400}, "fundOwnership": {"maxAge": 1, "ownershipList": []}, "summaryDetail": {"maxAge": 1, "priceHint": 2, "previousClose": 140.0, "open": 136.1, "dayLow": 136.1, "dayHigh": 140.0, "regularMarketPreviousClose": 140.0, "regularMarketOpen": 136.1, "regularMarketDayLow": 136.1, "regularMarketDayHigh": 140.0, "trailingPE": 2.2628145, "forwardPE": 4.2396317, "volume": 23, "regularMarketVolume": 23, "averageVolume": 1655, "averageVolume10days": 864, "averageDailyVolume10Day": 864, "bid": 138.0, "ask": 140.0, "bidSize": 0, "askSize": 0, "marketCap": 848147968, "fiftyTwoWeekLow": 78.3, "fiftyTwoWeekHigh": 161.7, "fiftyDayAverage": 141.84143, "twoHundredDayAverage": 129.89453, "trailingAnnualDividendRate": 1.0, "trailingAnnualDividendYield": 0.007142857, "currency": "INR", "fromCurrency": null, "toCurrency": null, "lastMarket": null, "algorithm": null, "tradeable": false}, "sectorTrend": {"maxAge": 1, "symbol": null, "estimates": []}, "incomeStatementHistoryQuarterly": {"incomeStatementHistory": [{"maxAge": 1, "endDate": "2020-06-30", "totalRevenue": 1179611000, "costOfRevenue": 947262000, "grossProfit": 232349000, "researchDevelopment": {}, "sellingGeneralAdministrative": 70710000, "nonRecurring": {}, "otherOperatingExpenses": 78871000, "totalOperatingExpenses": 1136518000, "operatingIncome": 43093000, "totalOtherIncomeExpenseNet": -16656000, "ebit": 43093000, "interestExpense": -23551000, "incomeBeforeTax": 26437000, "incomeTaxExpense": 7037000, "minorityInterest": {}, "netIncomeFromContinuingOps": 19400000, "discontinuedOperations": {}, "extraordinaryItems": {}, "effectOfAccountingCharges": {}, "otherItems": {}, "netIncome": 19400000, "netIncomeApplicableToCommonShares": 19400000}, {"maxAge": 1, "endDate": "2020-03-31", "totalRevenue": 2401863000, "costOfRevenue": 2111410000, "grossProfit": 290453000, "researchDevelopment": {}, "sellingGeneralAdministrative": 178225000, "nonRecurring": {}, "otherOperatingExpenses": 32941000, "totalOperatingExpenses": 2393948000, "operatingIncome": 7915000, "totalOtherIncomeExpenseNet": -28929000, "ebit": 7915000, "interestExpense": -22563000, "incomeBeforeTax": -21014000, "incomeTaxExpense": -15048000, "minorityInterest": {}, "netIncomeFromContinuingOps": -5966000, "discontinuedOperations": {}, "extraordinaryItems": {}, "effectOfAccountingCharges": {}, "otherItems": {}, "netIncome": -5966000, "netIncomeApplicableToCommonShares": -5966000}, {"maxAge": 1, "endDate": "2019-12-31", "totalRevenue": 4099495000, "costOfRevenue": 3693844000, "grossProfit": 405651000, "researchDevelopment": {}, "sellingGeneralAdministrative": 115716000, "nonRecurring": {}, "otherOperatingExpenses": 144240000, "totalOperatingExpenses": 4009378000, "operatingIncome": 90117000, "totalOtherIncomeExpenseNet": -39887000, "ebit": 90117000, "interestExpense": -43309000, "incomeBeforeTax": 50230000, "incomeTaxExpense": 19500000, "minorityInterest": {}, "netIncomeFromContinuingOps": 30730000, "discontinuedOperations": {}, "extraordinaryItems": {}, "effectOfAccountingCharges": {}, "otherItems": {}, "netIncome": 30730000, "netIncomeApplicableToCommonShares": 30730000}, {"maxAge": 1, "endDate": "2019-09-30", "totalRevenue": 2471847000, "costOfRevenue": 2157389000, "grossProfit": 314458000, "researchDevelopment": {}, "sellingGeneralAdministrative": 108816000, "nonRecurring": {}, "otherOperatingExpenses": 119120000, "totalOperatingExpenses": 2410232000, "operatingIncome": 61615000, "totalOtherIncomeExpenseNet": 284737000, "ebit": 61615000, "interestExpense": -23209000, "incomeBeforeTax": 346352000, "incomeTaxExpense": 15800000, "minorityInterest": {}, "netIncomeFromContinuingOps": 330552000, "discontinuedOperations": {}, "extraordinaryItems": {}, "effectOfAccountingCharges": {}, "otherItems": {}, "netIncome": 330552000, "netIncomeApplicableToCommonShares": 330552000}], "maxAge": 86400}, "cashflowStatementHistoryQuarterly": {"cashflowStatements": [{"maxAge": 1, "endDate": "2020-06-30", "netIncome": 19400000, "changeToLiabilities": 0}, {"maxAge": 1, "endDate": "2020-03-31", "netIncome": -5966000, "changeToLiabilities": 0}, {"maxAge": 1, "endDate": "2019-12-31", "netIncome": 30730000, "changeToLiabilities": 0}, {"maxAge": 1, "endDate": "2019-09-30", "netIncome": 330552000, "changeToLiabilities": 0}], "maxAge": 86400}, "insiderHolders": {"holders": [{"maxAge": 1, "name": "Gogia (Rohit)", "relation": "Director", "url": "", "transactionDescription": "Purchase", "latestTransDate": "2018-12-03", "positionDirect": 64900, "positionDirectDate": "2018-12-03"}], "maxAge": 1}, "earnings": {"maxAge": 86400, "earningsChart": {"quarterly": [{"date": "3Q2017", "actual": 4.52, "estimate": 5.65}], "currentQuarterEstimateDate": "4Q", "currentQuarterEstimateYear": 2017, "earningsDate": ["2020-09-15 05:30:S"]}, "financialsChart": {"yearly": [{"date": 2017, "revenue": 12429760000, "earnings": 121018000}, {"date": 2018, "revenue": 12488351000, "earnings": 821172000}, {"date": 2019, "revenue": 12399726000, "earnings": 158102000}, {"date": 2020, "revenue": 11652452000, "earnings": 388021000}], "quarterly": [{"date": "3Q2019", "revenue": 2471847000, "earnings": 330552000}, {"date": "4Q2019", "revenue": 4099495000, "earnings": 30730000}, {"date": "1Q2020", "revenue": 2401863000, "earnings": -5966000}, {"date": "2Q2020", "revenue": 1179611000, "earnings": 19400000}]}, "financialCurrency": "INR"}, "calendarEvents": {"maxAge": 1, "earnings": {"earningsDate": ["2020-09-15 05:30:S"], "revenueAverage": 4114140000}}, "price": {"maxAge": 1, "regularMarketChangePercent": -0.014285714, "regularMarketChange": -2.0, "regularMarketTime": "2021-04-30 14:50:46", "priceHint": 2, "regularMarketPrice": 138.0, "regularMarketDayHigh": 140.0, "regularMarketDayLow": 136.1, "regularMarketVolume": 23, "averageDailyVolume10Day": 864, "averageDailyVolume3Month": 1655, "regularMarketPreviousClose": 140.0, "regularMarketSource": "FREE_REALTIME", "regularMarketOpen": 136.1, "exchange": "BSE", "exchangeName": "BSE", "exchangeDataDelayedBy": 0, "marketState": "CLOSED", "quoteType": "EQUITY", "symbol": "COMPEAU.BO", "underlyingSymbol": null, "shortName": "COMPETENT AUTOMOBILES CO.LTD.", "longName": "Competent Automobiles Company Limited", "currency": "INR", "quoteSourceName": "Delayed Quote", "currencySymbol": "\u20b9", "fromCurrency": null, "toCurrency": null, "lastMarket": null, "marketCap": 848147968}, "balanceSheetHistory": {"balanceSheetStatements": [{"maxAge": 1, "endDate": "2020-03-31", "cash": 140650000, "shortTermInvestments": 102447000, "netReceivables": 237852000, "inventory": 1199124000, "otherCurrentAssets": 220775000, "totalCurrentAssets": 1906858000, "longTermInvestments": 348500000, "propertyPlantEquipment": 2128711000, "otherAssets": 189070000, "deferredLongTermAssetCharges": 38955000, "totalAssets": 4573139000, "accountsPayable": 55699000, "shortLongTermDebt": 11039000, "otherCurrentLiab": 42653000, "longTermDebt": 5470000, "otherLiab": 13737000, "totalCurrentLiabilities": 1346896000, "totalLiab": 2071520000, "commonStock": 61460000, "retainedEarnings": 2295670000, "treasuryStock": 1324000, "capitalSurplus": 143165000, "otherStockholderEquity": 1324000, "totalStockholderEquity": 2501619000, "netTangibleAssets": 2501619000}, {"maxAge": 1, "endDate": "2019-03-31", "cash": 147500000, "shortTermInvestments": 132863000, "netReceivables": 835380000, "inventory": 1051771000, "otherCurrentAssets": 107848000, "totalCurrentAssets": 2280517000, "longTermInvestments": 348500000, "propertyPlantEquipment": 696718000, "otherAssets": 144380000, "deferredLongTermAssetCharges": 30907000, "totalAssets": 3470115000, "accountsPayable": 60317000, "shortLongTermDebt": 9498000, "otherCurrentLiab": 111482000, "longTermDebt": 16762000, "otherLiab": 9238000, "totalCurrentLiabilities": 1323107000, "totalLiab": 1349107000, "commonStock": 61460000, "retainedEarnings": 1915058000, "treasuryStock": 1325000, "capitalSurplus": 143165000, "otherStockholderEquity": 1325000, "totalStockholderEquity": 2121008000, "netTangibleAssets": 2121008000}, {"maxAge": 1, "endDate": "2018-03-31", "cash": 114336000, "shortTermInvestments": 516997000, "netReceivables": 651004000, "inventory": 529926000, "otherCurrentAssets": 33801000, "totalCurrentAssets": 1851163000, "longTermInvestments": 340000000, "propertyPlantEquipment": 584360000, "otherAssets": 148625000, "deferredLongTermAssetCharges": 25102000, "totalAssets": 2924148000, "accountsPayable": 121031000, "shortLongTermDebt": 11055000, "otherCurrentLiab": 54749000, "longTermDebt": 24856000, "otherLiab": 6708000, "totalCurrentLiabilities": 930778000, "totalLiab": 962342000, "commonStock": 61460000, "retainedEarnings": 1755856000, "treasuryStock": 1325000, "capitalSurplus": 143165000, "otherStockholderEquity": 1325000, "totalStockholderEquity": 1961806000, "netTangibleAssets": 1961806000}, {"maxAge": 1, "endDate": "2017-03-31", "cash": 108130000, "shortTermInvestments": 148680000, "netReceivables": 508825000, "inventory": 498322000, "otherCurrentAssets": 250548000, "totalCurrentAssets": 1518792000, "longTermInvestments": 340000000, "propertyPlantEquipment": 316608000, "otherAssets": 145212000, "deferredLongTermAssetCharges": 19656000, "totalAssets": 2320612000, "accountsPayable": 51857000, "shortLongTermDebt": 10555000, "otherCurrentLiab": 472337000, "longTermDebt": 4768000, "otherLiab": 4898000, "totalCurrentLiabilities": 1162915000, "totalLiab": 1172581000, "commonStock": 61460000, "retainedEarnings": 942081000, "treasuryStock": 1325000, "capitalSurplus": 143165000, "otherStockholderEquity": 1325000, "totalStockholderEquity": 1148031000, "netTangibleAssets": 1148031000}], "maxAge": 86400}, "earningsTrend": {"trend": [{"maxAge": 1, "period": "0q", "endDate": "2017-12-31", "growth": {}, "earningsEstimate": {"avg": 0.0, "low": 0.0, "high": 0.0, "yearAgoEps": {}, "numberOfAnalysts": 0, "growth": {}}, "revenueEstimate": {"avg": 4114140000, "low": 0, "high": 0, "numberOfAnalysts": 0, "yearAgoRevenue": {}, "growth": {}}, "epsTrend": {"current": 0.0, "7daysAgo": 0.0, "30daysAgo": 0.0, "60daysAgo": 0.0, "90daysAgo": 0.0}, "epsRevisions": {"upLast7days": 0, "upLast30days": 0, "downLast30days": 0, "downLast90days": {}}}, {"maxAge": 1, "period": "+1q", "endDate": "2018-03-31", "growth": {}, "earningsEstimate": {"avg": 0.0, "low": 0.0, "high": 0.0, "yearAgoEps": {}, "numberOfAnalysts": 0, "growth": {}}, "revenueEstimate": {"avg": 3025180000, "low": 0, "high": 0, "numberOfAnalysts": 0, "yearAgoRevenue": {}, "growth": {}}, "epsTrend": {"current": 0.0, "7daysAgo": 0.0, "30daysAgo": 0.0, "60daysAgo": 0.0, "90daysAgo": 0.0}, "epsRevisions": {"upLast7days": 0, "upLast30days": 0, "downLast30days": 0, "downLast90days": {}}}, {"maxAge": 1, "period": "0y", "endDate": "2018-03-31", "growth": {}, "earningsEstimate": {"avg": 0.0, "low": 0.0, "high": 0.0, "yearAgoEps": {}, "numberOfAnalysts": 0, "growth": {}}, "revenueEstimate": {"avg": 13564800000, "low": 14617400000, "high": 14617400000, "numberOfAnalysts": 1, "yearAgoRevenue": {}, "growth": {}}, "epsTrend": {"current": 0.0, "7daysAgo": 23.33, "30daysAgo": 23.33, "60daysAgo": 23.33, "90daysAgo": 23.33}, "epsRevisions": {"upLast7days": 0, "upLast30days": 0, "downLast30days": 0, "downLast90days": {}}}, {"maxAge": 1, "period": "+1y", "endDate": "2019-03-31", "growth": {}, "earningsEstimate": {"avg": 0.0, "low": 0.0, "high": 0.0, "yearAgoEps": {}, "numberOfAnalysts": 0, "growth": {}}, "revenueEstimate": {"avg": 16736900000, "low": 16736900000, "high": 16736900000, "numberOfAnalysts": 1, "yearAgoRevenue": 13564800000, "growth": 0.234}, "epsTrend": {"current": 0.0, "7daysAgo": 32.55, "30daysAgo": 32.55, "60daysAgo": 32.55, "90daysAgo": 32.55}, "epsRevisions": {"upLast7days": 0, "upLast30days": 0, "downLast30days": 0, "downLast90days": {}}}, {"maxAge": 1, "period": "+5y", "endDate": null, "growth": {}, "earningsEstimate": {"avg": {}, "low": {}, "high": {}, "yearAgoEps": {}, "numberOfAnalysts": {}, "growth": {}}, "revenueEstimate": {"avg": {}, "low": {}, "high": {}, "numberOfAnalysts": {}, "yearAgoRevenue": {}, "growth": {}}, "epsTrend": {"current": {}, "7daysAgo": {}, "30daysAgo": {}, "60daysAgo": {}, "90daysAgo": {}}, "epsRevisions": {"upLast7days": {}, "upLast30days": {}, "downLast30days": {}, "downLast90days": {}}}, {"maxAge": 1, "period": "-5y", "endDate": null, "growth": {}, "earningsEstimate": {"avg": {}, "low": {}, "high": {}, "yearAgoEps": {}, "numberOfAnalysts": {}, "growth": {}}, "revenueEstimate": {"avg": {}, "low": {}, "high": {}, "numberOfAnalysts": {}, "yearAgoRevenue": {}, "growth": {}}, "epsTrend": {"current": {}, "7daysAgo": {}, "30daysAgo": {}, "60daysAgo": {}, "90daysAgo": {}}, "epsRevisions": {"upLast7days": {}, "upLast30days": {}, "downLast30days": {}, "downLast90days": {}}}], "maxAge": 1}, "financialData": {"maxAge": 86400, "currentPrice": 138.0, "targetHighPrice": 141.0, "targetLowPrice": 141.0, "targetMeanPrice": 141.0, "targetMedianPrice": 141.0, "recommendationKey": "none", "numberOfAnalystOpinions": 1, "grossProfits": 1405586000, "financialCurrency": "INR"}}}