{"COMPUSOFT.BO": {"cashflowStatementHistory": {"cashflowStatements": [{"maxAge": 1, "endDate": "2020-03-31", "netIncome": 4300000, "depreciation": 15134000, "changeToNetincome": -50040000, "changeToAccountReceivables": 103400000, "changeToLiabilities": 0, "changeToInventory": 6000, "changeToOperatingActivities": -122500000, "totalCashFromOperatingActivities": -49700000, "capitalExpenditures": -38800000, "investments": -17900000, "otherCashflowsFromInvestingActivities": 82200000, "totalCashflowsFromInvestingActivities": 25700000, "dividendsPaid": -9500000, "netBorrowings": 57300000, "otherCashflowsFromFinancingActivities": -7700000, "totalCashFromFinancingActivities": 40100000, "changeInCash": 16000000}, {"maxAge": 1, "endDate": "2019-03-31", "netIncome": 36000000, "depreciation": 93034000, "changeToNetincome": -40034000, "changeToAccountReceivables": -102400000, "changeToLiabilities": 0, "changeToInventory": 18900000, "changeToOperatingActivities": 99300000, "totalCashFromOperatingActivities": 104800000, "capitalExpenditures": -52600000, "investments": -58800000, "otherCashflowsFromInvestingActivities": -71200000, "totalCashflowsFromInvestingActivities": -140500000, "dividendsPaid": -7900000, "netBorrowings": 22300000, "otherCashflowsFromFinancingActivities": -15100000, "totalCashFromFinancingActivities": -700000, "changeInCash": -36400000}, {"maxAge": 1, "endDate": "2018-03-31", "netIncome": 45500000, "depreciation": 123000000, "changeToNetincome": -31300000, "changeToAccountReceivables": -102300000, "changeToLiabilities": 0, "changeToInventory": -19000000, "changeToOperatingActivities": 101800000, "totalCashFromOperatingActivities": 117700000, "capitalExpenditures": -18300000, "investments": -25100000, "otherCashflowsFromInvestingActivities": 25000000, "totalCashflowsFromInvestingActivities": -18300000, "dividendsPaid": -7900000, "netBorrowings": 22300000, "otherCashflowsFromFinancingActivities": -8200000, "totalCashFromFinancingActivities": -16100000, "changeInCash": 83300000}, {"maxAge": 1, "endDate": "2017-03-31", "netIncome": 23400000, "depreciation": 150200000, "changeToNetincome": -50300000, "changeToAccountReceivables": -102300000, "changeToLiabilities": 0, "changeToInventory": -19000000, "changeToOperatingActivities": -135700000, "totalCashFromOperatingActivities": -12400000, "capitalExpenditures": -3300000, "investments": -1500000, "otherCashflowsFromInvestingActivities": -52400000, "totalCashflowsFromInvestingActivities": -48700000, "dividendsPaid": -7900000, "netBorrowings": 22300000, "otherCashflowsFromFinancingActivities": -18800000, "totalCashFromFinancingActivities": -26700000, "changeInCash": -87800000}], "maxAge": 86400}, "institutionOwnership": {"maxAge": 1, "ownershipList": []}, "balanceSheetHistoryQuarterly": {"balanceSheetStatements": [{"maxAge": 1, "endDate": "2020-06-30", "totalStockholderEquity": 1274119000, "netTangibleAssets": 1272504000}, {"maxAge": 1, "endDate": "2020-03-31", "cash": 128600000, "shortTermInvestments": 309900000, "netReceivables": 596600000, "inventory": 500000, "otherCurrentAssets": 13800000, "totalCurrentAssets": 1053600000, "longTermInvestments": 118400000, "propertyPlantEquipment": 214100000, "intangibleAssets": 1600000, "otherAssets": 167400000, "deferredLongTermAssetCharges": 18100000, "totalAssets": 1555100000, "accountsPayable": 10100000, "otherCurrentLiab": 4100000, "longTermDebt": 25100000, "otherLiab": 75000000, "minorityInterest": 33200000, "totalCurrentLiabilities": 147700000, "totalLiab": 247800000, "commonStock": 158300000, "retainedEarnings": 955300000, "treasuryStock": 25200000, "capitalSurplus": 135300000, "otherStockholderEquity": 25200000, "totalStockholderEquity": 1274100000, "netTangibleAssets": 1272500000}, {"maxAge": 1, "endDate": "2019-12-31", "totalStockholderEquity": 1273101000, "netTangibleAssets": 1272617000}, {"maxAge": 1, "endDate": "2019-09-30", "cash": 503004000, "netReceivables": 620310000, "inventory": 543000, "otherCurrentAssets": 69253000, "totalCurrentAssets": 1193110000, "longTermInvestments": 57902000, "propertyPlantEquipment": 188586000, "intangibleAssets": 484000, "otherAssets": 156485000, "deferredLongTermAssetCharges": 18063000, "totalAssets": 1596567000, "accountsPayable": 10180000, "shortLongTermDebt": 34624000, "otherCurrentLiab": 38566000, "longTermDebt": 28258000, "otherLiab": 71202000, "minorityInterest": 34269000, "totalCurrentLiabilities": 189737000, "totalLiab": 289197000, "commonStock": 158250000, "treasuryStock": 1114851000, "otherStockholderEquity": 1114851000, "totalStockholderEquity": 1273101000, "netTangibleAssets": 1272617000}], "maxAge": 86400}, "indexTrend": {"maxAge": 1, "symbol": "SP5", "peRatio": 19.7411, "pegRatio": 1.34172, "estimates": [{"period": "0q", "growth": 0.549}, {"period": "+1q", "growth": 0.431}, {"period": "0y", "growth": 0.305}, {"period": "+1y", "growth": 0.109}, {"period": "+5y", "growth": 0.120865}, {"period": "-5y"}]}, "insiderTransactions": {"transactions": [{"maxAge": 1, "shares": 285456, "filerUrl": "", "transactionText": "", "filerName": "Surana (Ajay Kumar)", "filerRelation": "Director (Non-Executive)", "moneyText": "", "startDate": "2020-06-15", "ownership": "D"}, {"maxAge": 1, "shares": 164103, "filerUrl": "", "transactionText": "", "filerName": "Compucom Technologies Pvt Ltd", "filerRelation": "Promoter", "moneyText": "", "startDate": "2020-03-31", "ownership": "D"}, {"maxAge": 1, "shares": 25956, "filerUrl": "", "transactionText": "", "filerName": "Compucom Technologies Pvt Ltd", "filerRelation": "Promoter", "moneyText": "", "startDate": "2019-12-31", "ownership": "D"}, {"maxAge": 1, "shares": 182350, "filerUrl": "", "transactionText": "", "filerName": "Surana (Shubh Karan)", "filerRelation": "Non-Independent Non-Executive Director", "moneyText": "", "startDate": "2019-12-31", "ownership": "D"}, {"maxAge": 1, "shares": 182350, "filerUrl": "", "transactionText": "", "filerName": "Suranaa (Vaibhav)", "filerRelation": "Director (Non-Executive)", "moneyText": "", "startDate": "2019-12-31", "ownership": "D"}, {"maxAge": 1, "shares": 129402, "filerUrl": "", "transactionText": "", "filerName": "Compucom Technologies Pvt Ltd", "filerRelation": "Promoter", "moneyText": "", "startDate": "2019-12-15", "ownership": "D"}, {"maxAge": 1, "shares": 298345, "filerUrl": "", "transactionText": "", "filerName": "Compucom Technologies Pvt Ltd", "filerRelation": "Promoter", "moneyText": "", "startDate": "2019-11-24", "ownership": "D"}, {"maxAge": 1, "shares": 131985, "filerUrl": "", "transactionText": "", "filerName": "Compucom Technologies Pvt Ltd", "filerRelation": "Promoter", "moneyText": "", "startDate": "2019-11-10", "ownership": "D"}, {"maxAge": 1, "shares": 110504, "filerUrl": "", "transactionText": "", "filerName": "Compucom Technologies Pvt Ltd", "filerRelation": "Promoter", "moneyText": "", "startDate": "2019-09-30", "ownership": "D"}, {"maxAge": 1, "shares": 119351, "filerUrl": "", "transactionText": "", "filerName": "Compucom Technologies Pvt Ltd", "filerRelation": "Promoter", "moneyText": "", "startDate": "2019-09-15", "ownership": "D"}, {"maxAge": 1, "shares": 220048, "filerUrl": "", "transactionText": "", "filerName": "Compucom Technologies Pvt Ltd", "filerRelation": "Promoter", "moneyText": "", "startDate": "2019-08-25", "ownership": "D"}, {"maxAge": 1, "shares": 325938, "filerUrl": "", "transactionText": "", "filerName": "Compucom Technologies Pvt Ltd", "filerRelation": "Promoter", "moneyText": "", "startDate": "2019-06-30", "ownership": "D"}, {"maxAge": 1, "shares": 153503, "filerUrl": "", "transactionText": "", "filerName": "Compucom Technologies Pvt Ltd", "filerRelation": "Promoter", "moneyText": "", "startDate": "2019-06-23", "ownership": "D"}, {"maxAge": 1, "shares": 229046, "filerUrl": "", "transactionText": "", "filerName": "Compucom Technologies Pvt Ltd", "filerRelation": "Promoter", "moneyText": "", "startDate": "2019-06-09", "ownership": "D"}, {"maxAge": 1, "shares": 123985, "filerUrl": "", "transactionText": "", "filerName": "Compucom Technologies Pvt Ltd", "filerRelation": "Promoter", "moneyText": "", "startDate": "2019-03-31", "ownership": "D"}, {"maxAge": 1, "shares": 130634, "filerUrl": "", "transactionText": "", "filerName": "Compucom Technologies Pvt Ltd", "filerRelation": "Promoter", "moneyText": "", "startDate": "2019-03-17", "ownership": "D"}, {"maxAge": 1, "shares": 310356, "filerUrl": "", "transactionText": "", "filerName": "Compucom Technologies Pvt Ltd", "filerRelation": "Promoter", "moneyText": "", "startDate": "2019-02-24", "ownership": "D"}, {"maxAge": 1, "shares": 234243, "filerUrl": "", "transactionText": "", "filerName": "Compucom Technologies Pvt Ltd", "filerRelation": "Promoter", "moneyText": "", "startDate": "2019-02-03", "ownership": "D"}, {"maxAge": 1, "shares": 170000, "filerUrl": "", "transactionText": "", "filerName": "Rishab Infotech Pvt Ltd", "filerRelation": "Promoter", "moneyText": "", "startDate": "2019-02-03", "ownership": "D"}, {"maxAge": 1, "shares": 100000, "filerUrl": "", "transactionText": "", "filerName": "Rishab Infotech Pvt Ltd", "filerRelation": "Promoter", "moneyText": "", "startDate": "2019-01-20", "ownership": "D"}, {"maxAge": 1, "shares": 248150, "filerUrl": "", "transactionText": "", "filerName": "Compucom Technologies Pvt Ltd", "filerRelation": "Promoter", "moneyText": "", "startDate": "2019-01-20", "ownership": "D"}, {"maxAge": 1, "shares": 169363, "filerUrl": "", "transactionText": "", "filerName": "Compucom Technologies Pvt Ltd", "filerRelation": "Promoter", "moneyText": "", "startDate": "2019-01-06", "ownership": "D"}, {"maxAge": 1, "shares": 100000, "filerUrl": "", "transactionText": "", "filerName": "Rishab Infotech Pvt Ltd", "filerRelation": "Promoter", "moneyText": "", "startDate": "2019-01-06", "ownership": "D"}, {"maxAge": 1, "shares": 332176, "filerUrl": "", "transactionText": "", "filerName": "Rishab Infotech Pvt Ltd", "filerRelation": "Promoter", "moneyText": "", "startDate": "2018-12-23", "ownership": "D"}, {"maxAge": 1, "shares": 103262, "filerUrl": "", "transactionText": "", "filerName": "Surana (Surendra Kumar)", "filerRelation": "Chief Executive Officer", "moneyText": "", "startDate": "2018-12-23", "ownership": "D"}, {"maxAge": 1, "shares": 87553, "filerUrl": "", "transactionText": "", "filerName": "Surana (Surendra Kumar)", "filerRelation": "Chief Executive Officer", "moneyText": "", "startDate": "2018-12-23", "ownership": "D"}, {"maxAge": 1, "shares": 179686, "filerUrl": "", "transactionText": "", "filerName": "Compucom Technologies Pvt Ltd", "filerRelation": "Promoter", "moneyText": "", "startDate": "2018-12-23", "ownership": "D"}, {"maxAge": 1, "shares": 126422, "filerUrl": "", "transactionText": "", "filerName": "Compucom Technologies Pvt Ltd", "filerRelation": "Promoter", "moneyText": "", "startDate": "2018-12-02", "ownership": "D"}, {"maxAge": 1, "shares": 386375, "filerUrl": "", "transactionText": "", "filerName": "Compucom Technologies Pvt Ltd", "filerRelation": "Promoter", "moneyText": "", "startDate": "2018-10-28", "ownership": "D"}], "maxAge": 1}, "quoteType": {"exchange": "BSE", "quoteType": "EQUITY", "symbol": "COMPUSOFT.BO", "underlyingSymbol": "COMPUSOFT.BO", "shortName": "COMPUCOM SOFTWARE LTD.", "longName": "Compucom Software Limited", "firstTradeDateEpochUtc": "2000-06-29 09:15:00", "timeZoneFullName": "Asia/Kolkata", "timeZoneShortName": "IST", "uuid": "556365c0-919d-320a-b395-6629059e3c2e", "messageBoardId": null, "gmtOffSetMilliseconds": 19800000, "maxAge": 1}, "incomeStatementHistory": {"incomeStatementHistory": [{"maxAge": 1, "endDate": "2020-03-31", "totalRevenue": 151800000, "costOfRevenue": 102706000, "grossProfit": 49094000, "researchDevelopment": {}, "sellingGeneralAdministrative": 400000, "nonRecurring": {}, "otherOperatingExpenses": 54800000, "totalOperatingExpenses": 173006000, "operatingIncome": -21206000, "totalOtherIncomeExpenseNet": 28306000, "ebit": -21206000, "interestExpense": -7700000, "incomeBeforeTax": 7100000, "incomeTaxExpense": 6300000, "minorityInterest": 33200000, "netIncomeFromContinuingOps": 800000, "discontinuedOperations": {}, "extraordinaryItems": {}, "effectOfAccountingCharges": {}, "otherItems": {}, "netIncome": 4300000, "netIncomeApplicableToCommonShares": 4300000}, {"maxAge": 1, "endDate": "2019-03-31", "totalRevenue": 681100000, "costOfRevenue": 489500000, "grossProfit": 191600000, "researchDevelopment": {}, "sellingGeneralAdministrative": 400000, "nonRecurring": {}, "otherOperatingExpenses": 69800000, "totalOperatingExpenses": 652700000, "operatingIncome": 28400000, "totalOtherIncomeExpenseNet": 23327000, "ebit": 28400000, "interestExpense": -13500000, "incomeBeforeTax": 51727000, "incomeTaxExpense": 12027000, "minorityInterest": 36700000, "netIncomeFromContinuingOps": 39700000, "discontinuedOperations": {}, "extraordinaryItems": {}, "effectOfAccountingCharges": {}, "otherItems": {}, "netIncome": 36000000, "netIncomeApplicableToCommonShares": 36000000}, {"maxAge": 1, "endDate": "2018-03-31", "totalRevenue": 517400000, "costOfRevenue": 157400000, "grossProfit": 360000000, "researchDevelopment": {}, "sellingGeneralAdministrative": 600000, "nonRecurring": {}, "otherOperatingExpenses": 199700000, "totalOperatingExpenses": 480700000, "operatingIncome": 36700000, "totalOtherIncomeExpenseNet": 36549000, "ebit": 36700000, "interestExpense": -6900000, "incomeBeforeTax": 73249000, "incomeTaxExpense": 19449000, "minorityInterest": 33000000, "netIncomeFromContinuingOps": 53800000, "discontinuedOperations": {}, "extraordinaryItems": {}, "effectOfAccountingCharges": {}, "otherItems": {}, "netIncome": 45500000, "netIncomeApplicableToCommonShares": 45500000}, {"maxAge": 1, "endDate": "2017-03-31", "totalRevenue": 567100000, "costOfRevenue": 156500000, "grossProfit": 410600000, "researchDevelopment": {}, "sellingGeneralAdministrative": 500000, "nonRecurring": {}, "otherOperatingExpenses": 234700000, "totalOperatingExpenses": 541900000, "operatingIncome": 25200000, "totalOtherIncomeExpenseNet": 6900000, "ebit": 25200000, "interestExpense": -19300000, "incomeBeforeTax": 32100000, "incomeTaxExpense": 6200000, "minorityInterest": 24700000, "netIncomeFromContinuingOps": 25900000, "discontinuedOperations": {}, "extraordinaryItems": {}, "effectOfAccountingCharges": {}, "otherItems": {}, "netIncome": 23400000, "netIncomeApplicableToCommonShares": 23400000}], "maxAge": 86400}, "fundOwnership": {"maxAge": 1, "ownershipList": []}, "summaryDetail": {"maxAge": 1, "priceHint": 2, "previousClose": 8.93, "open": 8.79, "dayLow": 8.76, "dayHigh": 9.0, "regularMarketPreviousClose": 8.93, "regularMarketOpen": 8.79, "regularMarketDayLow": 8.76, "regularMarketDayHigh": 9.0, "trailingPE": 148.47458, "volume": 5134, "regularMarketVolume": 5134, "averageVolume": 25998, "averageVolume10days": 25971, "averageDailyVolume10Day": 25971, "bid": 8.76, "ask": 8.9, "bidSize": 0, "askSize": 0, "marketCap": 693135040, "fiftyTwoWeekLow": 3.05, "fiftyTwoWeekHigh": 11.3, "fiftyDayAverage": 9.072857, "twoHundredDayAverage": 8.238687, "trailingAnnualDividendRate": 0.3, "trailingAnnualDividendYield": 0.033594623, "currency": "INR", "fromCurrency": null, "toCurrency": null, "lastMarket": null, "algorithm": null, "tradeable": false}, "incomeStatementHistoryQuarterly": {"incomeStatementHistory": [{"maxAge": 1, "endDate": "2020-06-30", "totalRevenue": 40732000, "costOfRevenue": 29398000, "grossProfit": 11334000, "researchDevelopment": {}, "sellingGeneralAdministrative": {}, "nonRecurring": {}, "otherOperatingExpenses": 13223000, "totalOperatingExpenses": 46487000, "operatingIncome": -5755000, "totalOtherIncomeExpenseNet": 7574000, "ebit": -5755000, "interestExpense": -1443000, "incomeBeforeTax": 1819000, "incomeTaxExpense": 1337000, "minorityInterest": {}, "netIncomeFromContinuingOps": 482000, "discontinuedOperations": {}, "extraordinaryItems": {}, "effectOfAccountingCharges": {}, "otherItems": {}, "netIncome": 1457000, "netIncomeApplicableToCommonShares": 1457000}, {"maxAge": 1, "endDate": "2020-03-31", "totalRevenue": 39548000, "costOfRevenue": 23119000, "grossProfit": 16429000, "researchDevelopment": {}, "sellingGeneralAdministrative": 400000, "nonRecurring": {}, "otherOperatingExpenses": 18202000, "totalOperatingExpenses": 45513000, "operatingIncome": -5965000, "totalOtherIncomeExpenseNet": 6671000, "ebit": -5965000, "interestExpense": -1443000, "incomeBeforeTax": 706000, "incomeTaxExpense": -872000, "minorityInterest": 33200000, "netIncomeFromContinuingOps": 1578000, "discontinuedOperations": {}, "extraordinaryItems": {}, "effectOfAccountingCharges": {}, "otherItems": {}, "netIncome": 1979000, "netIncomeApplicableToCommonShares": 1979000}, {"maxAge": 1, "endDate": "2019-12-31", "totalRevenue": 39083000, "costOfRevenue": 28099000, "grossProfit": 10984000, "researchDevelopment": {}, "sellingGeneralAdministrative": 400000, "nonRecurring": {}, "otherOperatingExpenses": 13839000, "totalOperatingExpenses": 45717000, "operatingIncome": -6634000, "totalOtherIncomeExpenseNet": 7307000, "ebit": -6634000, "interestExpense": -1901000, "incomeBeforeTax": 673000, "incomeTaxExpense": 1253000, "minorityInterest": 33200000, "netIncomeFromContinuingOps": -580000, "discontinuedOperations": {}, "extraordinaryItems": {}, "effectOfAccountingCharges": {}, "otherItems": {}, "netIncome": 10000, "netIncomeApplicableToCommonShares": 10000}, {"maxAge": 1, "endDate": "2019-09-30", "totalRevenue": 41641000, "costOfRevenue": 30879000, "grossProfit": 10762000, "researchDevelopment": {}, "sellingGeneralAdministrative": 400000, "nonRecurring": {}, "otherOperatingExpenses": 12693000, "totalOperatingExpenses": 47341000, "operatingIncome": -5700000, "totalOtherIncomeExpenseNet": 7935000, "ebit": -5700000, "interestExpense": -2947000, "incomeBeforeTax": 2235000, "incomeTaxExpense": 2471000, "minorityInterest": 34269000, "netIncomeFromContinuingOps": -236000, "discontinuedOperations": {}, "extraordinaryItems": {}, "effectOfAccountingCharges": {}, "otherItems": {}, "netIncome": 1426000, "netIncomeApplicableToCommonShares": 1426000}], "maxAge": 86400}, "cashflowStatementHistoryQuarterly": {"cashflowStatements": [{"maxAge": 1, "endDate": "2020-06-30", "netIncome": 1457000, "changeToLiabilities": 0}, {"maxAge": 1, "endDate": "2020-03-31", "netIncome": 1979000, "changeToLiabilities": 0}, {"maxAge": 1, "endDate": "2019-12-31", "netIncome": 10000, "changeToLiabilities": 0}, {"maxAge": 1, "endDate": "2019-09-30", "netIncome": 1426000, "changeToLiabilities": 0}], "maxAge": 86400}, "insiderHolders": {"holders": [{"maxAge": 1, "name": "Compucom Technologies Pvt Ltd", "relation": "Promoter", "url": "", "transactionDescription": "Acquisition", "latestTransDate": "2020-03-31", "positionDirect": 19629305, "positionDirectDate": "2020-03-31"}, {"maxAge": 1, "name": "Rishab Infotech Pvt Ltd", "relation": "Promoter", "url": "", "transactionDescription": "Sale", "latestTransDate": "2019-02-03", "positionDirect": 16518118, "positionDirectDate": "2019-02-03"}, {"maxAge": 1, "name": "Surana (Ajay Kumar)", "relation": "Director (Non-Executive)", "url": "", "transactionDescription": "Sale", "latestTransDate": "2020-06-15", "positionDirect": 490044, "positionDirectDate": "2020-06-15"}, {"maxAge": 1, "name": "Surana (Shubh Karan)", "relation": "Non-Independent Non-Executive Director", "url": "", "transactionDescription": "Gift", "latestTransDate": "2019-12-31", "positionDirect": 0, "positionDirectDate": "2019-12-31"}, {"maxAge": 1, "name": "Surana (Surendra Kumar)", "relation": "Chief Executive Officer", "url": "", "transactionDescription": "Acquisition", "latestTransDate": "2018-12-23", "positionDirect": 2166062, "positionDirectDate": "2018-12-23"}, {"maxAge": 1, "name": "Suranaa (Vaibhav)", "relation": "Director (Non-Executive)", "url": "", "transactionDescription": "Gift", "latestTransDate": "2019-12-31", "positionDirect": 189061, "positionDirectDate": "2019-12-31"}], "maxAge": 1}, "calendarEvents": {"maxAge": 1, "earnings": {"earningsDate": []}}, "price": {"maxAge": 1, "regularMarketChangePercent": -0.019036962, "regularMarketChange": -0.17000008, "regularMarketTime": "2021-04-30 14:54:20", "priceHint": 2, "regularMarketPrice": 8.76, "regularMarketDayHigh": 9.0, "regularMarketDayLow": 8.76, "regularMarketVolume": 5134, "averageDailyVolume10Day": 25971, "averageDailyVolume3Month": 25998, "regularMarketPreviousClose": 8.93, "regularMarketSource": "FREE_REALTIME", "regularMarketOpen": 8.79, "exchange": "BSE", "exchangeName": "BSE", "exchangeDataDelayedBy": 0, "marketState": "CLOSED", "quoteType": "EQUITY", "symbol": "COMPUSOFT.BO", "underlyingSymbol": null, "shortName": "COMPUCOM SOFTWARE LTD.", "longName": "Compucom Software Limited", "currency": "INR", "quoteSourceName": "Delayed Quote", "currencySymbol": "\u20b9", "fromCurrency": null, "toCurrency": null, "lastMarket": null, "marketCap": 693135040}, "balanceSheetHistory": {"balanceSheetStatements": [{"maxAge": 1, "endDate": "2020-03-31", "cash": 128600000, "shortTermInvestments": 309900000, "netReceivables": 596600000, "inventory": 500000, "otherCurrentAssets": 13800000, "totalCurrentAssets": 1053600000, "longTermInvestments": 118400000, "propertyPlantEquipment": 214100000, "intangibleAssets": 1600000, "otherAssets": 167400000, "deferredLongTermAssetCharges": 18100000, "totalAssets": 1555100000, "accountsPayable": 10100000, "otherCurrentLiab": 4100000, "longTermDebt": 25100000, "otherLiab": 75000000, "minorityInterest": 33200000, "totalCurrentLiabilities": 147700000, "totalLiab": 247800000, "commonStock": 158300000, "retainedEarnings": 955300000, "treasuryStock": 25200000, "capitalSurplus": 135300000, "otherStockholderEquity": 25200000, "totalStockholderEquity": 1274100000, "netTangibleAssets": 1272500000}, {"maxAge": 1, "endDate": "2019-03-31", "cash": 112600000, "shortTermInvestments": 354400000, "netReceivables": 699900000, "inventory": 500000, "otherCurrentAssets": 14400000, "totalCurrentAssets": 1186300000, "longTermInvestments": 100300000, "propertyPlantEquipment": 191800000, "intangibleAssets": 600000, "otherAssets": 159200000, "deferredLongTermAssetCharges": 21900000, "totalAssets": 1638200000, "accountsPayable": 6900000, "shortLongTermDebt": 70900000, "otherCurrentLiab": 27600000, "longTermDebt": 26500000, "otherLiab": 71300000, "minorityInterest": 36700000, "totalCurrentLiabilities": 224000000, "totalLiab": 321800000, "commonStock": 158300000, "retainedEarnings": 960700000, "treasuryStock": 25400000, "capitalSurplus": 135300000, "otherStockholderEquity": 25400000, "totalStockholderEquity": 1279700000, "netTangibleAssets": 1279100000}, {"maxAge": 1, "endDate": "2018-03-31", "cash": 149000000, "shortTermInvestments": 257100000, "netReceivables": 647500000, "inventory": 19400000, "otherCurrentAssets": 6800000, "totalCurrentAssets": 1091000000, "longTermInvestments": 41000000, "propertyPlantEquipment": 274200000, "intangibleAssets": 700000, "otherAssets": 162100000, "deferredLongTermAssetCharges": 8400000, "totalAssets": 1569000000, "accountsPayable": 13500000, "shortLongTermDebt": 2159000, "otherCurrentLiab": 40000000, "otherLiab": 71000000, "minorityInterest": 33000000, "totalCurrentLiabilities": 203500000, "totalLiab": 274500000, "commonStock": 158300000, "retainedEarnings": 934300000, "treasuryStock": 33600000, "capitalSurplus": 135300000, "otherStockholderEquity": 33600000, "totalStockholderEquity": 1261500000, "netTangibleAssets": 1260800000}, {"maxAge": 1, "endDate": "2017-03-31", "cash": 322500000, "netReceivables": 770300000, "inventory": 400000, "otherCurrentAssets": 1800000, "totalCurrentAssets": 1104500000, "longTermInvestments": 15200000, "propertyPlantEquipment": 379400000, "intangibleAssets": 800000, "otherAssets": 151200000, "totalAssets": 1651100000, "accountsPayable": 15600000, "shortLongTermDebt": 61600000, "otherCurrentLiab": 57200000, "longTermDebt": 2200000, "otherLiab": 90400000, "minorityInterest": 24700000, "totalCurrentLiabilities": 310900000, "totalLiab": 403500000, "commonStock": 158300000, "retainedEarnings": 898400000, "treasuryStock": 30900000, "capitalSurplus": 135300000, "otherStockholderEquity": 30900000, "totalStockholderEquity": 1222900000, "netTangibleAssets": 1222100000}], "maxAge": 86400}, "financialData": {"maxAge": 86400, "currentPrice": 8.76, "recommendationKey": "none", "grossProfits": 49094000, "financialCurrency": "INR"}}}