{"COMPINFO.NS": {"assetProfile": {"address1": "D-601/602 & G-601/602, Lotus Corp Park", "address2": "Graham Firth Steel Compound Western Express Highway Goregaon (East)", "city": "Mumbai", "zip": "400063", "country": "India", "phone": "91 22 6711 4444", "fax": "91 22 6711 4445", "website": "http://www.compuageindia.com", "industry": "Electronics & Computer Distribution", "sector": "Technology", "longBusinessSummary": "Compuage Infocom Limited, an information technology (IT) and mobility distribution company, trades in computer parts and peripherals, and software and telecom products in India and internationally. The company also provides products support services for IT products. Compuage Infocom Limited was founded in 1987 and is headquartered in Mumbai, India.", "fullTimeEmployees": 735, "companyOfficers": [{"maxAge": 1, "name": "Mr. Atul Harkishandas Mehta", "age": 60, "title": "Chairman & MD", "yearBorn": 1960, "fiscalYear": 2020, "totalPay": 16800000, "exercisedValue": 0, "unexercisedValue": 0}, {"maxAge": 1, "name": "Mr. Sunil Mahendrakumar Mehta", "age": 47, "title": "Chief Financial Officer", "yearBorn": 1973, "exercisedValue": 0, "unexercisedValue": 0}, {"maxAge": 1, "name": "Mr. Bhavesh Harkishandas Mehta", "age": 47, "title": "COO & Whole Time Director", "yearBorn": 1973, "fiscalYear": 2020, "totalPay": 16800000, "exercisedValue": 0, "unexercisedValue": 0}, {"maxAge": 1, "name": "Mr. Dilip  Darji", "title": "Head of Accounts", "exercisedValue": 0, "unexercisedValue": 0}, {"maxAge": 1, "name": "Ms. Anmol  Jolly", "age": 23, "title": "Company Sec. & Compliance Officer", "yearBorn": 1997, "exercisedValue": 0, "unexercisedValue": 0}, {"maxAge": 1, "name": "Mr. Deepak  Karia", "title": "VP of Sales", "exercisedValue": 0, "unexercisedValue": 0}, {"maxAge": 1, "name": "Mr. Shreyas  Vyas", "title": "Head of IT", "exercisedValue": 0, "unexercisedValue": 0}, {"maxAge": 1, "name": "Mr. Sagar  Abraham", "title": "Head of Service", "exercisedValue": 0, "unexercisedValue": 0}], "compensationAsOfEpochDate": "2020-12-31 05:30:00", "maxAge": 86400}, "cashflowStatementHistory": {"cashflowStatements": [{"maxAge": 1, "endDate": "2020-03-31", "netIncome": 305095000, "depreciation": 41905000, "changeToNetincome": 380177000, "changeToAccountReceivables": 903362000, "changeToLiabilities": -1148794000, "changeToInventory": -365624000, "changeToOperatingActivities": 63390000, "totalCashFromOperatingActivities": 179511000, "capitalExpenditures": -3777000, "investments": 51662000, "otherCashflowsFromInvestingActivities": 166388000, "totalCashflowsFromInvestingActivities": 214273000, "dividendsPaid": -25990000, "netBorrowings": -108835000, "otherCashflowsFromFinancingActivities": -613798000, "totalCashFromFinancingActivities": -748623000, "changeInCash": -354839000}, {"maxAge": 1, "endDate": "2019-03-31", "netIncome": 226890000, "depreciation": 41422000, "changeToNetincome": 364123000, "changeToAccountReceivables": -670759000, "changeToLiabilities": 29291000, "changeToInventory": -87729000, "changeToOperatingActivities": -248212000, "totalCashFromOperatingActivities": -344974000, "capitalExpenditures": -140307000, "investments": 21545000, "otherCashflowsFromInvestingActivities": 161054000, "totalCashflowsFromInvestingActivities": 42623000, "dividendsPaid": -23496000, "netBorrowings": 687621000, "otherCashflowsFromFinancingActivities": -547371000, "totalCashFromFinancingActivities": 285121000, "changeInCash": -17230000, "issuanceOfStock": 168367000}, {"maxAge": 1, "endDate": "2018-03-31", "netIncome": 202897000, "depreciation": 34214000, "changeToNetincome": 323466000, "changeToAccountReceivables": -1218071000, "changeToLiabilities": 394433000, "changeToInventory": 422687000, "changeToOperatingActivities": -377572000, "totalCashFromOperatingActivities": -217946000, "capitalExpenditures": -41347000, "investments": -171964000, "otherCashflowsFromInvestingActivities": 149902000, "totalCashflowsFromInvestingActivities": -64591000, "dividendsPaid": -23496000, "netBorrowings": 898110000, "otherCashflowsFromFinancingActivities": -499776000, "totalCashFromFinancingActivities": 374838000, "changeInCash": 92301000, "issuanceOfStock": 168367000}, {"maxAge": 1, "endDate": "2017-03-31", "netIncome": 174538000, "depreciation": 36262000, "changeToNetincome": 300189000, "changeToAccountReceivables": -1738869000, "changeToLiabilities": 2019478000, "changeToInventory": -805818000, "changeToOperatingActivities": 136362000, "totalCashFromOperatingActivities": 122142000, "capitalExpenditures": -32277000, "investments": -60706000, "otherCashflowsFromInvestingActivities": 144392000, "totalCashflowsFromInvestingActivities": 51409000, "dividendsPaid": -23512000, "netBorrowings": 315899000, "otherCashflowsFromFinancingActivities": -454172000, "totalCashFromFinancingActivities": -161785000, "changeInCash": 11766000, "issuanceOfStock": 168367000}], "maxAge": 86400}, "institutionOwnership": {"maxAge": 1, "ownershipList": []}, "majorHoldersBreakdown": {"maxAge": 1, "insidersPercentHeld": 0.66887003, "institutionsPercentHeld": 0.0, "institutionsFloatPercentHeld": 0.0, "institutionsCount": 0}, "balanceSheetHistoryQuarterly": {"balanceSheetStatements": [{"maxAge": 1, "endDate": "2020-12-31", "totalStockholderEquity": 2079324000, "netTangibleAssets": 2079241000}, {"maxAge": 1, "endDate": "2020-09-30", "cash": 781981000, "shortTermInvestments": 109757000, "netReceivables": 5176372000, "inventory": 2499078000, "otherCurrentAssets": 966760000, "totalCurrentAssets": 9533948000, "longTermInvestments": 4812000, "propertyPlantEquipment": 484168000, "intangibleAssets": 83000, "totalAssets": 10023011000, "accountsPayable": 2228761000, "otherCurrentLiab": 777159000, "longTermDebt": 398579000, "otherLiab": 59611000, "totalCurrentLiabilities": 7485497000, "totalLiab": 7943687000, "commonStock": 129952000, "treasuryStock": 1949372000, "otherStockholderEquity": 1949372000, "totalStockholderEquity": 2079324000, "netTangibleAssets": 2079241000}, {"maxAge": 1, "endDate": "2020-06-30", "totalStockholderEquity": 2020800000, "netTangibleAssets": 2020698000}, {"maxAge": 1, "endDate": "2020-03-31", "cash": 91490000, "shortTermInvestments": 772201000, "netReceivables": 5638443000, "inventory": 3379526000, "otherCurrentAssets": 904210000, "totalCurrentAssets": 10906549000, "longTermInvestments": 7494000, "propertyPlantEquipment": 500928000, "intangibleAssets": 102000, "totalAssets": 11415073000, "accountsPayable": 3926098000, "shortLongTermDebt": 115729000, "otherCurrentLiab": 349969000, "longTermDebt": 213613000, "otherLiab": 59611000, "totalCurrentLiabilities": 9121049000, "totalLiab": 9394273000, "commonStock": 129952000, "retainedEarnings": 1500085000, "treasuryStock": 23883000, "capitalSurplus": 366880000, "otherStockholderEquity": 23883000, "totalStockholderEquity": 2020800000, "netTangibleAssets": 2020698000}], "maxAge": 86400}, "indexTrend": {"maxAge": 1, "symbol": "SP5", "peRatio": 19.7411, "pegRatio": 1.34172, "estimates": [{"period": "0q", "growth": 0.549}, {"period": "+1q", "growth": 0.431}, {"period": "0y", "growth": 0.305}, {"period": "+1y", "growth": 0.109}, {"period": "+5y", "growth": 0.120865}, {"period": "-5y"}]}, "defaultKeyStatistics": {"maxAge": 1, "priceHint": 2, "enterpriseValue": 5146459648, "profitMargins": 0.00638, "floatShares": 17697776, "sharesOutstanding": 64975800, "heldPercentInsiders": 0.66887003, "heldPercentInstitutions": 0.0, "beta": 1.809502, "category": null, "bookValue": 32.055, "priceToBook": 0.542817, "fundFamily": null, "legalType": null, "lastFiscalYearEnd": "2020-03-31 05:30:00", "nextFiscalYearEnd": "2022-03-31 05:30:00", "mostRecentQuarter": "2020-12-31 05:30:00", "earningsQuarterlyGrowth": 0.127, "netIncomeToCommon": 235636992, "trailingEps": 3.627, "lastSplitFactor": "1:5", "lastSplitDate": "2017-02-16 05:30:00", "enterpriseToRevenue": 0.139, "enterpriseToEbitda": 6.726, "52WeekChange": 0.7755102, "SandP52WeekChange": 0.48148263, "lastDividendValue": 0.2, "lastDividendDate": 1596758400}, "summaryProfile": {"address1": "D-601/602 & G-601/602, Lotus Corp Park", "address2": "Graham Firth Steel Compound Western Express Highway Goregaon (East)", "city": "Mumbai", "zip": "400063", "country": "India", "phone": "91 22 6711 4444", "fax": "91 22 6711 4445", "website": "http://www.compuageindia.com", "industry": "Electronics & Computer Distribution", "sector": "Technology", "longBusinessSummary": "Compuage Infocom Limited, an information technology (IT) and mobility distribution company, trades in computer parts and peripherals, and software and telecom products in India and internationally. The company also provides products support services for IT products. Compuage Infocom Limited was founded in 1987 and is headquartered in Mumbai, India.", "fullTimeEmployees": 735, "companyOfficers": [], "maxAge": 86400}, "netSharePurchaseActivity": {"maxAge": 1, "period": "6m", "buyInfoCount": 0, "buyInfoShares": 0, "sellInfoCount": 0, "netInfoCount": 0, "netInfoShares": 0, "netPercentInsiderShares": 0.0, "totalInsiderShares": 43581152}, "insiderTransactions": {"transactions": [{"maxAge": 1, "shares": 2850886, "filerUrl": "", "transactionText": "", "filerName": "Mehta (Ajay Harkishandas)", "filerRelation": "Promoter", "moneyText": "", "startDate": "2019-03-30", "ownership": "D"}, {"maxAge": 1, "shares": 497500, "filerUrl": "", "transactionText": "", "filerName": "Mehta (Atul Harkishandas)", "filerRelation": "Executive Chairman", "moneyText": "", "startDate": "2011-08-29", "ownership": "D"}, {"maxAge": 1, "shares": 3110, "filerUrl": "", "transactionText": "", "filerName": "Mehta (Pravina M)", "filerRelation": "UNREPORTED", "moneyText": "", "startDate": "2010-08-31", "ownership": "D"}, {"maxAge": 1, "shares": 3108, "filerUrl": "", "transactionText": "", "filerName": "Mehta (Vandana K)", "filerRelation": "UNREPORTED", "moneyText": "", "startDate": "2010-08-31", "ownership": "D"}, {"maxAge": 1, "shares": 1856, "filerUrl": "", "transactionText": "", "filerName": "Mehta (Pravina M)", "filerRelation": "UNREPORTED", "moneyText": "", "startDate": "2010-07-02", "ownership": "D"}, {"maxAge": 1, "shares": 1000, "filerUrl": "", "transactionText": "", "filerName": "Mehta (Pravina M)", "filerRelation": "UNREPORTED", "moneyText": "", "startDate": "2010-06-30", "ownership": "D"}, {"maxAge": 1, "shares": 4284, "filerUrl": "", "transactionText": "", "filerName": "Mehta (Nishi Tilakraj)", "filerRelation": "UNREPORTED", "moneyText": "", "startDate": "2010-06-29", "ownership": "D"}, {"maxAge": 1, "shares": 500, "filerUrl": "", "transactionText": "", "filerName": "Mehta (Pravina M)", "filerRelation": "UNREPORTED", "moneyText": "", "startDate": "2010-06-29", "ownership": "D"}, {"maxAge": 1, "shares": 15000, "filerUrl": "", "transactionText": "", "filerName": "Mehta (Ajay Harkishandas)", "filerRelation": "Promoter", "moneyText": "", "startDate": "2010-05-27", "ownership": "D"}, {"maxAge": 1, "shares": 50000, "filerUrl": "", "transactionText": "", "filerName": "Mehta (Ajay Harkishandas)", "filerRelation": "Promoter", "moneyText": "", "startDate": "2010-05-26", "ownership": "D"}, {"maxAge": 1, "shares": 115000, "filerUrl": "", "transactionText": "", "filerName": "Mehta (Ajay Harkishandas)", "filerRelation": "Promoter", "moneyText": "", "startDate": "2010-05-25", "ownership": "D"}, {"maxAge": 1, "shares": 4076, "filerUrl": "", "transactionText": "", "filerName": "Mehta (Ajay Harkishandas)", "filerRelation": "Promoter", "moneyText": "", "startDate": "2010-05-21", "ownership": "D"}, {"maxAge": 1, "shares": 0, "filerUrl": "", "transactionText": "", "filerName": "Mehta (Ajay Harkishandas)", "filerRelation": "Promoter", "moneyText": "", "startDate": "2010-05-20", "ownership": "I"}, {"maxAge": 1, "shares": 145924, "filerUrl": "", "transactionText": "", "filerName": "Mehta (Ajay Harkishandas)", "filerRelation": "Promoter", "moneyText": "", "startDate": "2010-05-20", "ownership": "D"}], "maxAge": 1}, "quoteType": {"exchange": "NSI", "quoteType": "EQUITY", "symbol": "COMPINFO.NS", "underlyingSymbol": "COMPINFO.NS", "shortName": "COMPUAGE INFOCOM L", "longName": "Compuage Infocom Limited", "firstTradeDateEpochUtc": "2010-10-01 09:15:00", "timeZoneFullName": "Asia/Kolkata", "timeZoneShortName": "IST", "uuid": "22ffdf7f-d492-3ff3-b3ed-d4a51c175b88", "messageBoardId": "finmb_20475483", "gmtOffSetMilliseconds": 19800000, "maxAge": 1}, "incomeStatementHistory": {"incomeStatementHistory": [{"maxAge": 1, "endDate": "2020-03-31", "totalRevenue": 42325077000, "costOfRevenue": 40543719000, "grossProfit": 1781358000, "researchDevelopment": {}, "sellingGeneralAdministrative": 473992000, "nonRecurring": {}, "otherOperatingExpenses": 412339000, "totalOperatingExpenses": 41471955000, "operatingIncome": 853122000, "totalOtherIncomeExpenseNet": -453609000, "ebit": 853122000, "interestExpense": -608507000, "incomeBeforeTax": 399513000, "incomeTaxExpense": 94418000, "minorityInterest": {}, "netIncomeFromContinuingOps": 305095000, "discontinuedOperations": {}, "extraordinaryItems": {}, "effectOfAccountingCharges": {}, "otherItems": {}, "netIncome": 305095000, "netIncomeApplicableToCommonShares": 305095000}, {"maxAge": 1, "endDate": "2019-03-31", "totalRevenue": 45148337000, "costOfRevenue": 43428910000, "grossProfit": 1719427000, "researchDevelopment": {}, "sellingGeneralAdministrative": 527969000, "nonRecurring": {}, "otherOperatingExpenses": 421206000, "totalOperatingExpenses": 44419507000, "operatingIncome": 728830000, "totalOtherIncomeExpenseNet": -377288000, "ebit": 728830000, "interestExpense": -542588000, "incomeBeforeTax": 351542000, "incomeTaxExpense": 124652000, "minorityInterest": {}, "netIncomeFromContinuingOps": 226890000, "discontinuedOperations": {}, "extraordinaryItems": {}, "effectOfAccountingCharges": {}, "otherItems": {}, "netIncome": 226890000, "netIncomeApplicableToCommonShares": 226890000}, {"maxAge": 1, "endDate": "2018-03-31", "totalRevenue": 40744078000, "costOfRevenue": 39318807000, "grossProfit": 1425271000, "researchDevelopment": {}, "sellingGeneralAdministrative": 454774000, "nonRecurring": {}, "otherOperatingExpenses": 264811000, "totalOperatingExpenses": 40072606000, "operatingIncome": 671472000, "totalOtherIncomeExpenseNet": -354580000, "ebit": 671472000, "interestExpense": -494993000, "incomeBeforeTax": 316892000, "incomeTaxExpense": 113995000, "minorityInterest": {}, "netIncomeFromContinuingOps": 202897000, "discontinuedOperations": {}, "extraordinaryItems": {}, "effectOfAccountingCharges": {}, "otherItems": {}, "netIncome": 202897000, "netIncomeApplicableToCommonShares": 202897000}, {"maxAge": 1, "endDate": "2017-03-31", "totalRevenue": 35513298000, "costOfRevenue": 34280088000, "grossProfit": 1233210000, "researchDevelopment": {}, "sellingGeneralAdministrative": 328476000, "nonRecurring": {}, "otherOperatingExpenses": 334394000, "totalOperatingExpenses": 34979220000, "operatingIncome": 534078000, "totalOtherIncomeExpenseNet": -257667000, "ebit": 534078000, "interestExpense": -449389000, "incomeBeforeTax": 276411000, "incomeTaxExpense": 101873000, "minorityInterest": {}, "netIncomeFromContinuingOps": 174538000, "discontinuedOperations": {}, "extraordinaryItems": {}, "effectOfAccountingCharges": {}, "otherItems": {}, "netIncome": 174538000, "netIncomeApplicableToCommonShares": 174538000}], "maxAge": 86400}, "fundOwnership": {"maxAge": 1, "ownershipList": []}, "summaryDetail": {"maxAge": 1, "priceHint": 2, "previousClose": 17.85, "open": 17.5, "dayLow": 17.3, "dayHigh": 18.0, "regularMarketPreviousClose": 17.85, "regularMarketOpen": 17.5, "regularMarketDayLow": 17.3, "regularMarketDayHigh": 18.0, "dividendRate": 0.2, "dividendYield": 0.0112, "exDividendDate": "2020-08-07 05:30:00", "payoutRatio": 0.0552, "beta": 1.809502, "trailingPE": 4.797353, "volume": 177906, "regularMarketVolume": 177906, "averageVolume": 490834, "averageVolume10days": 501089, "averageDailyVolume10Day": 501089, "bid": 0.0, "ask": 0.0, "bidSize": 0, "askSize": 0, "marketCap": 1130578944, "fiftyTwoWeekLow": 8.4, "fiftyTwoWeekHigh": 21.4, "priceToSalesTrailing12Months": 0.03061006, "fiftyDayAverage": 17.051428, "twoHundredDayAverage": 15.798264, "trailingAnnualDividendRate": 0.2, "trailingAnnualDividendYield": 0.011204482, "currency": "INR", "fromCurrency": null, "toCurrency": null, "lastMarket": null, "algorithm": null, "tradeable": false}, "incomeStatementHistoryQuarterly": {"incomeStatementHistory": [{"maxAge": 1, "endDate": "2020-12-31", "totalRevenue": 10082610000, "costOfRevenue": 9686744000, "grossProfit": 395866000, "researchDevelopment": {}, "sellingGeneralAdministrative": 83374000, "nonRecurring": {}, "otherOperatingExpenses": 131738000, "totalOperatingExpenses": 9910817000, "operatingIncome": 171793000, "totalOtherIncomeExpenseNet": -91194000, "ebit": 171793000, "interestExpense": -138890000, "incomeBeforeTax": 80599000, "incomeTaxExpense": 19352000, "minorityInterest": {}, "netIncomeFromContinuingOps": 61247000, "discontinuedOperations": {}, "extraordinaryItems": {}, "effectOfAccountingCharges": {}, "otherItems": {}, "netIncome": 61247000, "netIncomeApplicableToCommonShares": 61247000}, {"maxAge": 1, "endDate": "2020-09-30", "totalRevenue": 10876902000, "costOfRevenue": 10449787000, "grossProfit": 427115000, "researchDevelopment": {}, "sellingGeneralAdministrative": 84660000, "nonRecurring": {}, "otherOperatingExpenses": 114414000, "totalOperatingExpenses": 10657915000, "operatingIncome": 218987000, "totalOtherIncomeExpenseNet": -129306000, "ebit": 218987000, "interestExpense": -154463000, "incomeBeforeTax": 89681000, "incomeTaxExpense": 21570000, "minorityInterest": {}, "netIncomeFromContinuingOps": 68111000, "discontinuedOperations": {}, "extraordinaryItems": {}, "effectOfAccountingCharges": {}, "otherItems": {}, "netIncome": 68111000, "netIncomeApplicableToCommonShares": 68111000}, {"maxAge": 1, "endDate": "2020-06-30", "totalRevenue": 5541285000, "costOfRevenue": 5316786000, "grossProfit": 224499000, "researchDevelopment": {}, "sellingGeneralAdministrative": 90231000, "nonRecurring": {}, "otherOperatingExpenses": 69200000, "totalOperatingExpenses": 5485400000, "operatingIncome": 55885000, "totalOtherIncomeExpenseNet": -53570000, "ebit": 55885000, "interestExpense": -122500000, "incomeBeforeTax": 2315000, "incomeTaxExpense": 555000, "minorityInterest": {}, "netIncomeFromContinuingOps": 1760000, "discontinuedOperations": {}, "extraordinaryItems": {}, "effectOfAccountingCharges": {}, "otherItems": {}, "netIncome": 1760000, "netIncomeApplicableToCommonShares": 1760000}, {"maxAge": 1, "endDate": "2020-03-31", "totalRevenue": 10434083000, "costOfRevenue": 9935787000, "grossProfit": 498296000, "researchDevelopment": {}, "sellingGeneralAdministrative": 184554000, "nonRecurring": {}, "otherOperatingExpenses": 27984000, "totalOperatingExpenses": 10157896000, "operatingIncome": 276187000, "totalOtherIncomeExpenseNet": -144109000, "ebit": 276187000, "interestExpense": -181419000, "incomeBeforeTax": 132078000, "incomeTaxExpense": 27559000, "minorityInterest": {}, "netIncomeFromContinuingOps": 104519000, "discontinuedOperations": {}, "extraordinaryItems": {}, "effectOfAccountingCharges": {}, "otherItems": {}, "netIncome": 104519000, "netIncomeApplicableToCommonShares": 104519000}], "maxAge": 86400}, "cashflowStatementHistoryQuarterly": {"cashflowStatements": [{"maxAge": 1, "endDate": "2020-12-31", "netIncome": 61247000, "changeToLiabilities": 0}, {"maxAge": 1, "endDate": "2020-09-30", "netIncome": 68111000, "changeToLiabilities": 0}, {"maxAge": 1, "endDate": "2020-06-30", "netIncome": 1760000, "changeToLiabilities": 0}, {"maxAge": 1, "endDate": "2020-03-31", "netIncome": 104519000, "changeToLiabilities": 0}], "maxAge": 86400}, "insiderHolders": {"holders": [{"maxAge": 1, "name": "Mehta (Ajay Harkishandas)", "relation": "Promoter", "url": "", "transactionDescription": "Other", "latestTransDate": "2019-03-30", "positionDirect": 3803870, "positionDirectDate": "2019-03-30"}, {"maxAge": 1, "name": "Mehta (Atul Harkishandas)", "relation": "Executive Chairman", "url": "", "transactionDescription": "Acquisition", "latestTransDate": "2011-08-29", "positionDirect": 1780484, "positionDirectDate": "2011-08-29"}, {"maxAge": 1, "name": "Mehta (Nishi Tilakraj)", "relation": "UNREPORTED", "url": "", "transactionDescription": "Sale", "latestTransDate": "2010-06-29", "positionDirect": 4075, "positionDirectDate": "2010-06-29"}, {"maxAge": 1, "name": "Mehta (Pravina M)", "relation": "UNREPORTED", "url": "", "transactionDescription": "Sale", "latestTransDate": "2010-08-31", "positionDirect": 0, "positionDirectDate": "2010-08-31"}, {"maxAge": 1, "name": "Mehta (Vandana K)", "relation": "UNREPORTED", "url": "", "transactionDescription": "Sale", "latestTransDate": "2010-08-31", "positionDirect": 0, "positionDirectDate": "2010-08-31"}], "maxAge": 1}, "calendarEvents": {"maxAge": 1, "earnings": {"earningsDate": []}, "exDividendDate": "2020-08-07 05:30:00"}, "price": {"maxAge": 1, "regularMarketChangePercent": -0.025210125, "regularMarketChange": -0.45000076, "regularMarketTime": "2021-04-30 15:29:53", "priceHint": 2, "regularMarketPrice": 17.4, "regularMarketDayHigh": 18.0, "regularMarketDayLow": 17.3, "regularMarketVolume": 177906, "averageDailyVolume10Day": 501089, "averageDailyVolume3Month": 490834, "regularMarketPreviousClose": 17.85, "regularMarketSource": "FREE_REALTIME", "regularMarketOpen": 17.5, "exchange": "NSI", "exchangeName": "NSE", "exchangeDataDelayedBy": 15, "marketState": "CLOSED", "quoteType": "EQUITY", "symbol": "COMPINFO.NS", "underlyingSymbol": null, "shortName": "COMPUAGE INFOCOM L", "longName": "Compuage Infocom Limited", "currency": "INR", "quoteSourceName": "Delayed Quote", "currencySymbol": "\u20b9", "fromCurrency": null, "toCurrency": null, "lastMarket": null, "marketCap": 1130578944}, "balanceSheetHistory": {"balanceSheetStatements": [{"maxAge": 1, "endDate": "2020-03-31", "cash": 91490000, "shortTermInvestments": 772201000, "netReceivables": 5638443000, "inventory": 3379526000, "otherCurrentAssets": 904210000, "totalCurrentAssets": 10906549000, "longTermInvestments": 7494000, "propertyPlantEquipment": 500928000, "intangibleAssets": 102000, "totalAssets": 11415073000, "accountsPayable": 3926098000, "shortLongTermDebt": 115729000, "otherCurrentLiab": 349969000, "longTermDebt": 213613000, "otherLiab": 59611000, "totalCurrentLiabilities": 9121049000, "totalLiab": 9394273000, "commonStock": 129952000, "retainedEarnings": 1500085000, "treasuryStock": 23883000, "capitalSurplus": 366880000, "otherStockholderEquity": 23883000, "totalStockholderEquity": 2020800000, "netTangibleAssets": 2020698000}, {"maxAge": 1, "endDate": "2019-03-31", "cash": 446329000, "shortTermInvestments": 801365000, "netReceivables": 6506681000, "inventory": 3013902000, "otherCurrentAssets": 969606000, "totalCurrentAssets": 11868074000, "longTermInvestments": 4900000, "propertyPlantEquipment": 538682000, "intangibleAssets": 476000, "totalAssets": 12412132000, "accountsPayable": 5074892000, "shortLongTermDebt": 132441000, "otherCurrentLiab": 472235000, "longTermDebt": 228709000, "otherLiab": 84565000, "totalCurrentLiabilities": 10330895000, "totalLiab": 10644169000, "commonStock": 129952000, "retainedEarnings": 1247570000, "treasuryStock": 23561000, "capitalSurplus": 366880000, "otherStockholderEquity": 23561000, "totalStockholderEquity": 1767963000, "netTangibleAssets": 1767487000}, {"maxAge": 1, "endDate": "2018-03-31", "cash": 463559000, "shortTermInvestments": 826874000, "netReceivables": 5837658000, "inventory": 2926173000, "otherCurrentAssets": 688850000, "totalCurrentAssets": 10788136000, "longTermInvestments": 3828000, "propertyPlantEquipment": 439798000, "intangibleAssets": 830000, "totalAssets": 11232592000, "accountsPayable": 5045601000, "shortLongTermDebt": 66973000, "otherCurrentLiab": 340391000, "longTermDebt": 136569000, "otherLiab": 62316000, "totalCurrentLiabilities": 9610123000, "totalLiab": 9809008000, "commonStock": 117480000, "retainedEarnings": 1071810000, "treasuryStock": 23309000, "capitalSurplus": 210985000, "otherStockholderEquity": 23309000, "totalStockholderEquity": 1423584000, "netTangibleAssets": 1422754000}, {"maxAge": 1, "endDate": "2017-03-31", "cash": 371258000, "shortTermInvestments": 650521000, "netReceivables": 4633754000, "inventory": 3348860000, "otherCurrentAssets": 215012000, "totalCurrentAssets": 9270183000, "longTermInvestments": 8740000, "propertyPlantEquipment": 432313000, "totalAssets": 9711236000, "accountsPayable": 4651168000, "shortLongTermDebt": 51344000, "otherCurrentLiab": 415807000, "longTermDebt": 177292000, "otherLiab": 60788000, "totalCurrentLiabilities": 8224187000, "totalLiab": 8462267000, "commonStock": 117480000, "retainedEarnings": 897195000, "treasuryStock": 23309000, "capitalSurplus": 210985000, "otherStockholderEquity": 23309000, "totalStockholderEquity": 1248969000, "netTangibleAssets": 1248969000}], "maxAge": 86400}, "financialData": {"maxAge": 86400, "currentPrice": 17.4, "recommendationKey": "none", "totalCash": 891737984, "totalCashPerShare": 13.686, "ebitda": 765119232, "totalDebt": 4875155968, "totalRevenue": 36934881280, "debtToEquity": 234.459, "revenuePerShare": 568.45, "grossProfits": 1781358000, "earningsGrowth": 0.119, "revenueGrowth": 0.035, "grossMargins": 0.04185, "ebitdaMargins": 0.02071, "operatingMargins": 0.01957, "profitMargins": 0.00638, "financialCurrency": "INR"}}}