{"CONCOR.NS": {"assetProfile": {"address1": "CONCOR Bhawan", "address2": "C-3 Mathura Road Opposite Apollo Hospital", "city": "New Delhi", "zip": "110076", "country": "India", "phone": "91 11 4167 3093", "fax": "91 11 4167 3112", "website": "http://www.concorindia.com", "industry": "Railroads", "sector": "Industrials", "longBusinessSummary": "Container Corporation of India Limited engages in handling, transportation, and warehousing activities in India. It operates through two segments, EXIM and Domestic. The company provides inland transport by rail for containers; manages ports and air cargo complexes; engages in the cold-chain business for fruits and vegetables; and develops multimodal logistics support for containerization and trade. It also offers road transportation services for door-to-door services; operates logistics facilities, including dry ports, container freight stations, and private freight terminals; and develops freight terminals comprising railway goods sheds, and intermodal and multimodal logistics parks. In addition, the company provides value added services, such as transit warehousing for import and export cargo; bonded warehousing; less than container load (LCL); and air cargo clearance using bonded trucking.As of March 31, 2020, the company had 30,994 owned and leased containers; 111 reach stackers; 16 gantry cranes; and 15,578 wagons. It also operates 63 terminals, including 9 EXIM terminals, 33 combined container terminals, and 17 domestic terminals. Container Corporation of India Limited was incorporated in 1988 and is based in New Delhi, India.", "fullTimeEmployees": 1426, "companyOfficers": [{"maxAge": 1, "name": "Mr. Vennelakanti Kalyana Rama", "age": 57, "title": "Chairman & MD", "yearBorn": 1963, "fiscalYear": 2020, "totalPay": 7854000, "exercisedValue": 0, "unexercisedValue": 0}, {"maxAge": 1, "name": "Mr. Manoj Kumar Dubey", "age": 50, "title": "Director of Fin., CFO & Whole Time Director", "yearBorn": 1970, "fiscalYear": 2020, "totalPay": 4185000, "exercisedValue": 0, "unexercisedValue": 0}, {"maxAge": 1, "name": "Mr. Sanjay  Swarup", "age": 54, "title": "Director of International Marketing & Operations and Whole Time Director", "yearBorn": 1966, "fiscalYear": 2020, "totalPay": 5549000, "exercisedValue": 0, "unexercisedValue": 0}, {"maxAge": 1, "name": "Mr. Harish  Chandra", "title": "Exec. Director of Fin., Compliance Officer & Company Sec.", "fiscalYear": 2020, "totalPay": 6361000, "exercisedValue": 0, "unexercisedValue": 0}, {"maxAge": 1, "name": "Mr. Pradip Kumar Agrawal", "age": 57, "title": "Director of Domestic Division & Whole Time Director", "yearBorn": 1963, "fiscalYear": 2020, "totalPay": 8140000, "exercisedValue": 0, "unexercisedValue": 0}, {"maxAge": 1, "name": "Mr. Rahul  Mithal", "title": "Director of Projects & Services and Whole Time Director", "fiscalYear": 2020, "totalPay": 5835000, "exercisedValue": 0, "unexercisedValue": 0}, {"maxAge": 1, "name": "Anuj  Kumar", "title": "Group Gen. Mang. of F&A", "exercisedValue": 0, "unexercisedValue": 0}, {"maxAge": 1, "name": "Mr. Manish  Thaplyal", "age": 48, "title": "Group Gen. Mang. of Tech", "yearBorn": 1972, "exercisedValue": 0, "unexercisedValue": 0}, {"maxAge": 1, "name": "Mr. Ravi  Khandelwal B.Com, LLB, AICWA, FCS, MBA (Finance)", "age": 62, "title": "Exec. Director of Legal & Fin.", "yearBorn": 1958, "fiscalYear": 2010, "exercisedValue": 0, "unexercisedValue": 0}, {"maxAge": 1, "name": "Mr. G. Ravi Kumar", "age": 55, "title": "Chief Gen. Mang.-SCR", "yearBorn": 1965, "exercisedValue": 0, "unexercisedValue": 0}], "auditRisk": 6, "boardRisk": 9, "compensationRisk": 1, "shareHolderRightsRisk": 4, "overallRisk": 5, "governanceEpochDate": "2021-04-01 05:30:00", "compensationAsOfEpochDate": "2020-12-31 05:30:00", "maxAge": 86400}, "recommendationTrend": {"trend": [{"period": "0m", "strongBuy": 0, "buy": 0, "hold": 0, "sell": 0, "strongSell": 0}, {"period": "-1m", "strongBuy": 5, "buy": 8, "hold": 10, "sell": 6, "strongSell": 1}, {"period": "-2m", "strongBuy": 4, "buy": 7, "hold": 10, "sell": 6, "strongSell": 1}, {"period": "-3m", "strongBuy": 5, "buy": 7, "hold": 9, "sell": 7, "strongSell": 1}], "maxAge": 86400}, "cashflowStatementHistory": {"cashflowStatements": [{"maxAge": 1, "endDate": "2020-03-31", "netIncome": 4044700000, "depreciation": 5415700000, "changeToNetincome": 6623800000, "changeToAccountReceivables": -694200000, "changeToLiabilities": -1978200000, "changeToInventory": -26200000, "changeToOperatingActivities": 29388700000, "totalCashFromOperatingActivities": 42857800000, "capitalExpenditures": -10685700000, "investments": -20399400000, "otherCashflowsFromInvestingActivities": 1561100000, "totalCashflowsFromInvestingActivities": -28796400000, "dividendsPaid": -5666100000, "netBorrowings": -7725100000, "otherCashflowsFromFinancingActivities": -1310300000, "totalCashFromFinancingActivities": -14701500000, "changeInCash": -640100000}, {"maxAge": 1, "endDate": "2019-03-31", "netIncome": 12293700000, "depreciation": 4486900000, "changeToNetincome": -4088200000, "changeToAccountReceivables": -51600000, "changeToLiabilities": 772700000, "changeToInventory": 41900000, "changeToOperatingActivities": -33093600000, "totalCashFromOperatingActivities": -19413800000, "capitalExpenditures": -7857700000, "investments": 17538900000, "otherCashflowsFromInvestingActivities": 4056800000, "totalCashflowsFromInvestingActivities": 13814700000, "dividendsPaid": -1827700000, "netBorrowings": 7086500000, "otherCashflowsFromFinancingActivities": -452300000, "totalCashFromFinancingActivities": 4806500000, "changeInCash": -792600000}, {"maxAge": 1, "endDate": "2018-03-31", "netIncome": 10689400000, "depreciation": 4153400000, "changeToNetincome": -2839700000, "changeToAccountReceivables": -296500000, "changeToLiabilities": 166500000, "changeToInventory": -46900000, "changeToOperatingActivities": 1091800000, "totalCashFromOperatingActivities": 13132900000, "capitalExpenditures": -8817600000, "investments": -1671900000, "otherCashflowsFromInvestingActivities": 3022800000, "totalCashflowsFromInvestingActivities": -7452000000, "dividendsPaid": -4167700000, "netBorrowings": 7086500000, "otherCashflowsFromFinancingActivities": -756600000, "totalCashFromFinancingActivities": -4924300000, "changeInCash": 756600000}, {"maxAge": 1, "endDate": "2017-04-01", "netIncome": 8346400000, "depreciation": 3621300000, "changeToNetincome": -3459300000, "changeToAccountReceivables": -40800000, "changeToLiabilities": 649700000, "changeToInventory": -49600000, "changeToOperatingActivities": 10790700000, "totalCashFromOperatingActivities": 20293900000, "capitalExpenditures": -10931600000, "investments": 87200000, "otherCashflowsFromInvestingActivities": 1962200000, "totalCashflowsFromInvestingActivities": -8819700000, "dividendsPaid": -2943800000, "netBorrowings": 520000000, "otherCashflowsFromFinancingActivities": -501200000, "totalCashFromFinancingActivities": -2925000000, "changeInCash": 8549200000}], "maxAge": 86400}, "indexTrend": {"maxAge": 1, "symbol": "SP5", "peRatio": 19.7411, "pegRatio": 1.34172, "estimates": [{"period": "0q", "growth": 0.549}, {"period": "+1q", "growth": 0.431}, {"period": "0y", "growth": 0.305}, {"period": "+1y", "growth": 0.109}, {"period": "+5y", "growth": 0.120865}, {"period": "-5y"}]}, "defaultKeyStatistics": {"maxAge": 1, "priceHint": 2, "enterpriseValue": 318027235328, "profitMargins": 0.13065, "floatShares": 267175572, "sharesOutstanding": 609294016, "heldPercentInsiders": 0.55669, "heldPercentInstitutions": 0.34075, "beta": 0.8328, "category": null, "bookValue": 168.81, "priceToBook": 3.4944615, "fundFamily": null, "legalType": null, "lastFiscalYearEnd": "2020-03-31 05:30:00", "nextFiscalYearEnd": "2022-03-31 05:30:00", "mostRecentQuarter": "2020-12-31 05:30:00", "earningsQuarterlyGrowth": 0.295, "netIncomeToCommon": 7910199808, "trailingEps": 12.982, "forwardEps": 28.27, "lastSplitFactor": "5:4", "lastSplitDate": "2019-02-04 05:30:00", "enterpriseToRevenue": 5.253, "enterpriseToEbitda": 22.615, "52WeekChange": 0.6934118, "SandP52WeekChange": 0.48148263, "lastDividendValue": 3.0, "lastDividendDate": 1605657600}, "industryTrend": {"maxAge": 1, "symbol": null, "estimates": []}, "quoteType": {"exchange": "NSI", "quoteType": "EQUITY", "symbol": "CONCOR.NS", "underlyingSymbol": "CONCOR.NS", "shortName": "CONTAINER CORP", "longName": "Container Corporation of India Limited", "firstTradeDateEpochUtc": "2002-07-01 09:15:00", "timeZoneFullName": "Asia/Kolkata", "timeZoneShortName": "IST", "uuid": "98123732-bee2-3bef-acb4-80d2977db1e5", "messageBoardId": "finmb_8910896", "gmtOffSetMilliseconds": 19800000, "maxAge": 1}, "incomeStatementHistory": {"incomeStatementHistory": [{"maxAge": 1, "endDate": "2020-03-31", "totalRevenue": 65394200000, "costOfRevenue": 45944400000, "grossProfit": 19449800000, "researchDevelopment": {}, "sellingGeneralAdministrative": 78900000, "nonRecurring": {}, "otherOperatingExpenses": 2260900000, "totalOperatingExpenses": 53728300000, "operatingIncome": 11665900000, "totalOtherIncomeExpenseNet": -6218500000, "ebit": 11665900000, "interestExpense": -442400000, "incomeBeforeTax": 5447400000, "incomeTaxExpense": 1380900000, "minorityInterest": 1085200000, "netIncomeFromContinuingOps": 4066500000, "discontinuedOperations": {}, "extraordinaryItems": {}, "effectOfAccountingCharges": {}, "otherItems": {}, "netIncome": 4044700000, "netIncomeApplicableToCommonShares": 4044700000}, {"maxAge": 1, "endDate": "2019-03-31", "totalRevenue": 69560600000, "costOfRevenue": 49016700000, "grossProfit": 20543900000, "researchDevelopment": {}, "sellingGeneralAdministrative": 224200000, "nonRecurring": {}, "otherOperatingExpenses": 2244100000, "totalOperatingExpenses": 56008900000, "operatingIncome": 13551700000, "totalOtherIncomeExpenseNet": 3415700000, "ebit": 13551700000, "interestExpense": -65400000, "incomeBeforeTax": 16967400000, "incomeTaxExpense": 4744000000, "minorityInterest": 1063400000, "netIncomeFromContinuingOps": 12223400000, "discontinuedOperations": {}, "extraordinaryItems": {}, "effectOfAccountingCharges": {}, "otherItems": {}, "netIncome": 12293700000, "netIncomeApplicableToCommonShares": 12293700000}, {"maxAge": 1, "endDate": "2018-03-31", "totalRevenue": 66124900000, "costOfRevenue": 48182900000, "grossProfit": 17942000000, "researchDevelopment": {}, "sellingGeneralAdministrative": 191500000, "nonRecurring": {}, "otherOperatingExpenses": 2689200000, "totalOperatingExpenses": 55263400000, "operatingIncome": 10861500000, "totalOtherIncomeExpenseNet": 3225500000, "ebit": 10861500000, "interestExpense": -900000, "incomeBeforeTax": 14087000000, "incomeTaxExpense": 3485900000, "minorityInterest": 1133700000, "netIncomeFromContinuingOps": 10601100000, "discontinuedOperations": {}, "extraordinaryItems": {}, "effectOfAccountingCharges": {}, "otherItems": {}, "netIncome": 10689400000, "netIncomeApplicableToCommonShares": 10689400000}, {"maxAge": 1, "endDate": "2017-04-01", "totalRevenue": 58897200000, "costOfRevenue": 44018000000, "grossProfit": 14879200000, "researchDevelopment": {}, "sellingGeneralAdministrative": 183300000, "nonRecurring": {}, "otherOperatingExpenses": 2472100000, "totalOperatingExpenses": 50345100000, "operatingIncome": 8552100000, "totalOtherIncomeExpenseNet": 2934600000, "ebit": 8552100000, "interestExpense": -1200000, "incomeBeforeTax": 11486700000, "incomeTaxExpense": 3173600000, "minorityInterest": 1075000000, "netIncomeFromContinuingOps": 8313100000, "discontinuedOperations": {}, "extraordinaryItems": {}, "effectOfAccountingCharges": {}, "otherItems": {}, "netIncome": 8346400000, "netIncomeApplicableToCommonShares": 8346400000}], "maxAge": 86400}, "fundOwnership": {"maxAge": 1, "ownershipList": [{"maxAge": 1, "reportDate": "2020-12-31", "organization": "Matthews International Fds-Matthews Pacific Tiger Fund", "pctHeld": 0.013300001, "position": 8081457, "value": 3226925780}, {"maxAge": 1, "reportDate": "2020-12-31", "organization": "Calvert World Values Emerging Markets Equity Fund", "pctHeld": 0.0091, "position": 5549681, "value": 2215987623}, {"maxAge": 1, "reportDate": "2021-02-28", "organization": "Aberdeen Standard SICAV I-Indian Equity Fd", "pctHeld": 0.0074, "position": 4498622, "value": 2509556282}, {"maxAge": 1, "reportDate": "2021-01-31", "organization": "Vanguard International Stock Index-Emerging Markets Stk", "pctHeld": 0.0052, "position": 3148805, "value": 1365006967}, {"maxAge": 1, "reportDate": "2021-01-31", "organization": "Vanguard International Stock Index-Total Intl Stock Indx", "pctHeld": 0.005, "position": 3042350, "value": 1318858725}, {"maxAge": 1, "reportDate": "2021-03-31", "organization": "iShares Core MSCI Emerging Markets ETF", "pctHeld": 0.004, "position": 2411688, "value": 1442189424}, {"maxAge": 1, "reportDate": "2020-12-31", "organization": "India Fund, Inc., The", "pctHeld": 0.0034, "position": 2067950, "value": 825732435}, {"maxAge": 1, "reportDate": "2021-03-31", "organization": "iShares MSCI India ETF", "pctHeld": 0.0032, "position": 1920651, "value": 1148549298}, {"maxAge": 1, "reportDate": "2021-02-28", "organization": "Aberdeen Standard SICAV I-Asian Smaller Companies Fd", "pctHeld": 0.0026, "position": 1582303, "value": 882687728}, {"maxAge": 1, "reportDate": "2020-12-31", "organization": "Advisers Investment Tr-JOHCM Emerging Markets Opportunities Fd", "pctHeld": 0.0018000001, "position": 1092043, "value": 436052769}]}, "summaryDetail": {"maxAge": 1, "priceHint": 2, "previousClose": 557.3, "open": 557.85, "dayLow": 551.3, "dayHigh": 605.0, "regularMarketPreviousClose": 557.3, "regularMarketOpen": 557.85, "regularMarketDayLow": 551.3, "regularMarketDayHigh": 605.0, "dividendRate": 5.85, "dividendYield": 0.0105, "exDividendDate": "2020-11-18 05:30:00", "payoutRatio": 0.5084, "fiveYearAvgDividendYield": 1.25, "beta": 0.8328, "trailingPE": 45.439842, "forwardPE": 20.866644, "volume": 6492599, "regularMarketVolume": 6492599, "averageVolume": 3627211, "averageVolume10days": 1888418, "averageDailyVolume10Day": 1888418, "bid": 0.0, "ask": 0.0, "bidSize": 0, "askSize": 0, "marketCap": 359584169984, "fiftyTwoWeekLow": 325.85, "fiftyTwoWeekHigh": 643.95, "priceToSalesTrailing12Months": 5.938926, "fiftyDayAverage": 569.225, "twoHundredDayAverage": 473.44345, "trailingAnnualDividendRate": 5.85, "trailingAnnualDividendYield": 0.010497039, "currency": "INR", "fromCurrency": null, "toCurrency": null, "lastMarket": null, "algorithm": null, "tradeable": false}, "insiderHolders": {"holders": [{"maxAge": 1, "name": "Aberdeen Global Asian Smaller Companies Fund", "relation": "Investment Management Company", "url": "", "transactionDescription": "Sale", "latestTransDate": "2014-05-19", "positionDirect": 20120299, "positionDirectDate": "2014-05-19"}, {"maxAge": 1, "name": "Life Insurance Corporation of India", "relation": "Institution- Corporation", "url": "", "transactionDescription": "Acquisition", "latestTransDate": "2020-11-04", "positionDirect": 30545977, "positionDirectDate": "2020-11-04"}, {"maxAge": 1, "name": "President of India", "relation": "Promoter", "url": "", "transactionDescription": "Sale", "latestTransDate": "2016-10-07", "positionDirect": 110654702, "positionDirectDate": "2016-10-07"}], "maxAge": 1}, "calendarEvents": {"maxAge": 1, "earnings": {"earningsDate": ["2021-06-23 05:30:S", "2021-06-28 05:30:S"], "revenueAverage": 18354800000, "revenueLow": 18354800000, "revenueHigh": 18354800000}, "exDividendDate": "2020-11-18 05:30:00"}, "price": {"maxAge": 1, "regularMarketChangePercent": 0.05849639, "regularMarketChange": 32.600037, "regularMarketTime": "2021-04-30 15:30:00", "priceHint": 2, "regularMarketPrice": 589.9, "regularMarketDayHigh": 605.0, "regularMarketDayLow": 551.3, "regularMarketVolume": 6492599, "averageDailyVolume10Day": 1888418, "averageDailyVolume3Month": 3627211, "regularMarketPreviousClose": 557.3, "regularMarketSource": "FREE_REALTIME", "regularMarketOpen": 557.85, "exchange": "NSI", "exchangeName": "NSE", "exchangeDataDelayedBy": 15, "marketState": "CLOSED", "quoteType": "EQUITY", "symbol": "CONCOR.NS", "underlyingSymbol": null, "shortName": "CONTAINER CORP", "longName": "Container Corporation of India Limited", "currency": "INR", "quoteSourceName": "Delayed Quote", "currencySymbol": "\u20b9", "fromCurrency": null, "toCurrency": null, "lastMarket": null, "marketCap": 359584169984}, "balanceSheetHistory": {"balanceSheetStatements": [{"maxAge": 1, "endDate": "2020-03-31", "cash": 676700000, "shortTermInvestments": 20711600000, "netReceivables": 4318300000, "inventory": 262600000, "otherCurrentAssets": 3274000000, "totalCurrentAssets": 29279300000, "longTermInvestments": 12132500000, "propertyPlantEquipment": 62861200000, "intangibleAssets": 47600000, "otherAssets": 13574600000, "deferredLongTermAssetCharges": 266800000, "totalAssets": 117895200000, "accountsPayable": 1553900000, "shortLongTermDebt": 63600000, "otherCurrentLiab": 8532000000, "longTermDebt": 636400000, "otherLiab": 675800000, "deferredLongTermLiab": 140900000, "minorityInterest": 1085200000, "totalCurrentLiabilities": 11769900000, "totalLiab": 16340200000, "commonStock": 3046500000, "retainedEarnings": 97423300000, "totalStockholderEquity": 100469800000, "netTangibleAssets": 100422200000}, {"maxAge": 1, "endDate": "2019-03-31", "cash": 1316800000, "shortTermInvestments": 239100000, "netReceivables": 12091700000, "inventory": 236400000, "otherCurrentAssets": 33547900000, "totalCurrentAssets": 47468900000, "longTermInvestments": 11813000000, "propertyPlantEquipment": 51825000000, "intangibleAssets": 79000000, "otherAssets": 16817300000, "deferredLongTermAssetCharges": 28200000, "totalAssets": 128003200000, "accountsPayable": 3532100000, "shortLongTermDebt": 7006500000, "otherCurrentLiab": 8756300000, "longTermDebt": 700000000, "otherLiab": 2529300000, "deferredLongTermLiab": 105100000, "minorityInterest": 1063400000, "totalCurrentLiabilities": 20436400000, "totalLiab": 23665700000, "commonStock": 3046500000, "retainedEarnings": 100227600000, "totalStockholderEquity": 103274100000, "netTangibleAssets": 103195100000}, {"maxAge": 1, "endDate": "2018-03-31", "cash": 2109400000, "shortTermInvestments": 17729500000, "netReceivables": 10369800000, "inventory": 278300000, "otherCurrentAssets": 2114800000, "totalCurrentAssets": 32636300000, "longTermInvestments": 11563700000, "propertyPlantEquipment": 46997000000, "intangibleAssets": 113600000, "otherAssets": 17885400000, "deferredLongTermAssetCharges": 20200000, "totalAssets": 109196000000, "accountsPayable": 2759400000, "otherCurrentLiab": 7713400000, "longTermDebt": 620000000, "otherLiab": 2587400000, "deferredLongTermLiab": 74000000, "minorityInterest": 1133700000, "totalCurrentLiabilities": 11637200000, "totalLiab": 14844600000, "commonStock": 2437200000, "retainedEarnings": 90780500000, "totalStockholderEquity": 93217700000, "netTangibleAssets": 93104100000}, {"maxAge": 1, "endDate": "2017-04-01", "cash": 1352800000, "shortTermInvestments": 15959800000, "netReceivables": 8144700000, "inventory": 231400000, "otherCurrentAssets": 1642900000, "totalCurrentAssets": 27373800000, "longTermInvestments": 12989400000, "propertyPlantEquipment": 42625100000, "intangibleAssets": 120200000, "otherAssets": 18712700000, "deferredLongTermAssetCharges": 16000000, "totalAssets": 101821200000, "accountsPayable": 2592900000, "otherCurrentLiab": 6337300000, "longTermDebt": 620000000, "otherLiab": 3260000000, "deferredLongTermLiab": 197800000, "minorityInterest": 1075000000, "totalCurrentLiabilities": 9382900000, "totalLiab": 13262900000, "commonStock": 1949700000, "retainedEarnings": 85533600000, "totalStockholderEquity": 87483300000, "netTangibleAssets": 87363100000}], "maxAge": 86400}, "earningsTrend": {"trend": [{"maxAge": 1, "period": "0q", "endDate": "2018-12-31", "growth": {}, "earningsEstimate": {"avg": 0.0, "low": 0.0, "high": 0.0, "yearAgoEps": 5.93, "numberOfAnalysts": 0, "growth": {}}, "revenueEstimate": {"avg": 18354800000, "low": 18354800000, "high": 18354800000, "numberOfAnalysts": 1, "yearAgoRevenue": 16395500000, "growth": 0.12}, "epsTrend": {"current": 0.0, "7daysAgo": 6.69, "30daysAgo": 6.69, "60daysAgo": 6.69, "90daysAgo": 6.69}, "epsRevisions": {"upLast7days": 0, "upLast30days": 0, "downLast30days": 0, "downLast90days": {}}}, {"maxAge": 1, "period": "+1q", "endDate": "2019-03-31", "growth": {}, "earningsEstimate": {"avg": 0.0, "low": 0.0, "high": 0.0, "yearAgoEps": 6.03, "numberOfAnalysts": 0, "growth": {}}, "revenueEstimate": {"avg": 19065900000, "low": 19065900000, "high": 19065900000, "numberOfAnalysts": 1, "yearAgoRevenue": 16405900000, "growth": 0.162}, "epsTrend": {"current": 0.0, "7daysAgo": 7.55, "30daysAgo": 7.55, "60daysAgo": 7.55, "90daysAgo": 7.55}, "epsRevisions": {"upLast7days": 0, "upLast30days": 0, "downLast30days": 0, "downLast90days": {}}}, {"maxAge": 1, "period": "0y", "endDate": "2019-03-31", "growth": {}, "earningsEstimate": {"avg": 0.0, "low": 0.0, "high": 0.0, "yearAgoEps": {}, "numberOfAnalysts": 0, "growth": {}}, "revenueEstimate": {"avg": 72184600000, "low": 67098000000, "high": 78108000000, "numberOfAnalysts": 10, "yearAgoRevenue": 61671200000, "growth": 0.17}, "epsTrend": {"current": 0.0, "7daysAgo": 24.41, "30daysAgo": 24.41, "60daysAgo": 24.41, "90daysAgo": 24.41}, "epsRevisions": {"upLast7days": 0, "upLast30days": 1, "downLast30days": 0, "downLast90days": {}}}, {"maxAge": 1, "period": "+1y", "endDate": "2020-03-31", "growth": {}, "earningsEstimate": {"avg": 0.0, "low": 0.0, "high": 0.0, "yearAgoEps": {}, "numberOfAnalysts": 0, "growth": {}}, "revenueEstimate": {"avg": 82661400000, "low": 75166000000, "high": 89817000000, "numberOfAnalysts": 10, "yearAgoRevenue": 72184600000, "growth": 0.145}, "epsTrend": {"current": 0.0, "7daysAgo": 28.27, "30daysAgo": 28.27, "60daysAgo": 28.27, "90daysAgo": 28.27}, "epsRevisions": {"upLast7days": 0, "upLast30days": 1, "downLast30days": 0, "downLast90days": {}}}, {"maxAge": 1, "period": "+5y", "endDate": null, "growth": 0.262, "earningsEstimate": {"avg": {}, "low": {}, "high": {}, "yearAgoEps": {}, "numberOfAnalysts": {}, "growth": {}}, "revenueEstimate": {"avg": {}, "low": {}, "high": {}, "numberOfAnalysts": {}, "yearAgoRevenue": {}, "growth": {}}, "epsTrend": {"current": {}, "7daysAgo": {}, "30daysAgo": {}, "60daysAgo": {}, "90daysAgo": {}}, "epsRevisions": {"upLast7days": {}, "upLast30days": {}, "downLast30days": {}, "downLast90days": {}}}, {"maxAge": 1, "period": "-5y", "endDate": null, "growth": {}, "earningsEstimate": {"avg": {}, "low": {}, "high": {}, "yearAgoEps": {}, "numberOfAnalysts": {}, "growth": {}}, "revenueEstimate": {"avg": {}, "low": {}, "high": {}, "numberOfAnalysts": {}, "yearAgoRevenue": {}, "growth": {}}, "epsTrend": {"current": {}, "7daysAgo": {}, "30daysAgo": {}, "60daysAgo": {}, "90daysAgo": {}}, "epsRevisions": {"upLast7days": {}, "upLast30days": {}, "downLast30days": {}, "downLast90days": {}}}], "maxAge": 1}, "institutionOwnership": {"maxAge": 1, "ownershipList": []}, "majorHoldersBreakdown": {"maxAge": 1, "insidersPercentHeld": 0.55669, "institutionsPercentHeld": 0.34075, "institutionsFloatPercentHeld": 0.76865995, "institutionsCount": 140}, "balanceSheetHistoryQuarterly": {"balanceSheetStatements": [{"maxAge": 1, "endDate": "2020-12-31", "totalStockholderEquity": 102854900000, "netTangibleAssets": 102757500000}, {"maxAge": 1, "endDate": "2020-09-30", "cash": 24989400000, "shortTermInvestments": 1616400000, "netReceivables": 1946800000, "inventory": 217800000, "otherCurrentAssets": 2630200000, "totalCurrentAssets": 31400600000, "longTermInvestments": 12900700000, "propertyPlantEquipment": 62071300000, "intangibleAssets": 97400000, "otherAssets": 13620900000, "deferredLongTermAssetCharges": 949200000, "totalAssets": 120090900000, "accountsPayable": 4013000000, "otherCurrentLiab": 7344100000, "longTermDebt": 604500000, "otherLiab": 464200000, "minorityInterest": 1058700000, "totalCurrentLiabilities": 11698500000, "totalLiab": 16177300000, "commonStock": 3046500000, "retainedEarnings": 99808400000, "totalStockholderEquity": 102854900000, "netTangibleAssets": 102757500000}, {"maxAge": 1, "endDate": "2020-06-30", "totalStockholderEquity": 100469800000, "netTangibleAssets": 100422200000}, {"maxAge": 1, "endDate": "2020-03-31", "cash": 676700000, "shortTermInvestments": 20711600000, "netReceivables": 4318300000, "inventory": 262600000, "otherCurrentAssets": 3274000000, "totalCurrentAssets": 29279300000, "longTermInvestments": 12132500000, "propertyPlantEquipment": 62861200000, "intangibleAssets": 47600000, "otherAssets": 13574600000, "deferredLongTermAssetCharges": 266800000, "totalAssets": 117895200000, "accountsPayable": 1553900000, "shortLongTermDebt": 63600000, "otherCurrentLiab": 8532000000, "longTermDebt": 636400000, "otherLiab": 675800000, "deferredLongTermLiab": 140900000, "minorityInterest": 1085200000, "totalCurrentLiabilities": 11769900000, "totalLiab": 16340200000, "commonStock": 3046500000, "retainedEarnings": 97423300000, "totalStockholderEquity": 100469800000, "netTangibleAssets": 100422200000}], "maxAge": 86400}, "earningsHistory": {"history": [{"maxAge": 1, "epsActual": 5.93, "epsEstimate": 4.56, "epsDifference": 1.37, "surprisePercent": 0.3, "quarter": "2017-12-31", "period": "-4q"}, {"maxAge": 1, "epsActual": 6.03, "epsEstimate": 5.34, "epsDifference": 0.69, "surprisePercent": 0.129, "quarter": "2018-03-31", "period": "-3q"}, {"maxAge": 1, "epsActual": 5.18, "epsEstimate": 6.39, "epsDifference": -1.21, "surprisePercent": -0.189, "quarter": "2018-06-30", "period": "-2q"}, {"maxAge": 1, "epsActual": 6.89, "epsEstimate": 6.09, "epsDifference": 0.8, "surprisePercent": 0.131, "quarter": "2018-09-30", "period": "-1q"}], "maxAge": 86400}, "summaryProfile": {"address1": "CONCOR Bhawan", "address2": "C-3 Mathura Road Opposite Apollo Hospital", "city": "New Delhi", "zip": "110076", "country": "India", "phone": "91 11 4167 3093", "fax": "91 11 4167 3112", "website": "http://www.concorindia.com", "industry": "Railroads", "sector": "Industrials", "longBusinessSummary": "Container Corporation of India Limited engages in handling, transportation, and warehousing activities in India. It operates through two segments, EXIM and Domestic. The company provides inland transport by rail for containers; manages ports and air cargo complexes; engages in the cold-chain business for fruits and vegetables; and develops multimodal logistics support for containerization and trade. It also offers road transportation services for door-to-door services; operates logistics facilities, including dry ports, container freight stations, and private freight terminals; and develops freight terminals comprising railway goods sheds, and intermodal and multimodal logistics parks. In addition, the company provides value added services, such as transit warehousing for import and export cargo; bonded warehousing; less than container load (LCL); and air cargo clearance using bonded trucking.As of March 31, 2020, the company had 30,994 owned and leased containers; 111 reach stackers; 16 gantry cranes; and 15,578 wagons. It also operates 63 terminals, including 9 EXIM terminals, 33 combined container terminals, and 17 domestic terminals. Container Corporation of India Limited was incorporated in 1988 and is based in New Delhi, India.", "fullTimeEmployees": 1426, "companyOfficers": [], "maxAge": 86400}, "netSharePurchaseActivity": {"maxAge": 1, "period": "6m", "buyInfoCount": 0, "buyInfoShares": 0, "sellInfoCount": 0, "netInfoCount": 0, "netInfoShares": 0, "netPercentInsiderShares": 0.0, "totalInsiderShares": 339188064}, "insiderTransactions": {"transactions": [{"maxAge": 1, "shares": 26623017, "filerUrl": "", "transactionText": "", "filerName": "Life Insurance Corporation of India", "filerRelation": "Institution- Corporation", "moneyText": "", "startDate": "2020-11-04", "ownership": "D"}, {"maxAge": 1, "shares": 79083, "filerUrl": "", "transactionText": "", "filerName": "President of India", "filerRelation": "Promoter", "moneyText": "", "startDate": "2016-10-07", "ownership": "D"}, {"maxAge": 1, "shares": 1949742, "filerUrl": "", "transactionText": "", "filerName": "President of India", "filerRelation": "Promoter", "moneyText": "", "startDate": "2016-03-10", "ownership": "D"}, {"maxAge": 1, "shares": 112677514, "filerUrl": "", "transactionText": "", "filerName": "President of India", "filerRelation": "Promoter", "moneyText": "", "startDate": "2016-03-09", "ownership": "D"}, {"maxAge": 1, "shares": 120482495, "filerUrl": "", "transactionText": "", "filerName": "President of India", "filerRelation": "Promoter", "moneyText": "", "startDate": "2015-04-09", "ownership": "D"}, {"maxAge": 1, "shares": 4090868, "filerUrl": "", "transactionText": "", "filerName": "Aberdeen Global Asian Smaller Companies Fund", "filerRelation": "Investment Management Company", "moneyText": "", "startDate": "2014-05-19", "ownership": "D"}, {"maxAge": 1, "shares": 2511195, "filerUrl": "", "transactionText": "", "filerName": "President of India", "filerRelation": "Promoter", "moneyText": "", "startDate": "2014-03-27", "ownership": "D"}, {"maxAge": 1, "shares": 9055913, "filerUrl": "", "transactionText": "", "filerName": "Aberdeen Global Asian Smaller Companies Fund", "filerRelation": "Investment Management Company", "moneyText": "", "startDate": "2013-09-24", "ownership": "D"}, {"maxAge": 1, "shares": 2641224, "filerUrl": "", "transactionText": "", "filerName": "Aberdeen Global Asian Smaller Companies Fund", "filerRelation": "Investment Management Company", "moneyText": "", "startDate": "2013-08-01", "ownership": "D"}, {"maxAge": 1, "shares": 2617042, "filerUrl": "", "transactionText": "", "filerName": "Life Insurance Corporation of India", "filerRelation": "Institution- Corporation", "moneyText": "", "startDate": "2013-06-28", "ownership": "D"}, {"maxAge": 1, "shares": 3240909, "filerUrl": "", "transactionText": "", "filerName": "Aberdeen Global Asian Smaller Companies Fund", "filerRelation": "Investment Management Company", "moneyText": "", "startDate": "2013-03-28", "ownership": "D"}, {"maxAge": 1, "shares": 2712653, "filerUrl": "", "transactionText": "", "filerName": "Aberdeen Global Asian Smaller Companies Fund", "filerRelation": "Investment Management Company", "moneyText": "", "startDate": "2013-02-27", "ownership": "D"}, {"maxAge": 1, "shares": 348776, "filerUrl": "", "transactionText": "", "filerName": "Aberdeen Global Asian Smaller Companies Fund", "filerRelation": "Investment Management Company", "moneyText": "", "startDate": "2012-04-03", "ownership": "D"}], "maxAge": 1}, "sectorTrend": {"maxAge": 1, "symbol": null, "estimates": []}, "incomeStatementHistoryQuarterly": {"incomeStatementHistory": [{"maxAge": 1, "endDate": "2020-12-31", "totalRevenue": 17668900000, "costOfRevenue": 10659100000, "grossProfit": 7009800000, "researchDevelopment": {}, "sellingGeneralAdministrative": {}, "nonRecurring": {}, "otherOperatingExpenses": 3249100000, "totalOperatingExpenses": 15352000000, "operatingIncome": 2316900000, "totalOtherIncomeExpenseNet": 720400000, "ebit": 2316900000, "interestExpense": -105900000, "incomeBeforeTax": 3037300000, "incomeTaxExpense": 706600000, "minorityInterest": {}, "netIncomeFromContinuingOps": 2330700000, "discontinuedOperations": {}, "extraordinaryItems": {}, "effectOfAccountingCharges": {}, "otherItems": {}, "netIncome": 2342700000, "netIncomeApplicableToCommonShares": 2342700000}, {"maxAge": 1, "endDate": "2020-09-30", "totalRevenue": 15093000000, "costOfRevenue": 9053700000, "grossProfit": 6039300000, "researchDevelopment": {}, "sellingGeneralAdministrative": {}, "nonRecurring": {}, "otherOperatingExpenses": 2879700000, "totalOperatingExpenses": 13283200000, "operatingIncome": 1809800000, "totalOtherIncomeExpenseNet": 624000000, "ebit": 1809800000, "interestExpense": -108100000, "incomeBeforeTax": 2433800000, "incomeTaxExpense": 590700000, "minorityInterest": 1058700000, "netIncomeFromContinuingOps": 1843100000, "discontinuedOperations": {}, "extraordinaryItems": {}, "effectOfAccountingCharges": {}, "otherItems": {}, "netIncome": 1846200000, "netIncomeApplicableToCommonShares": 1846200000}, {"maxAge": 1, "endDate": "2020-06-30", "totalRevenue": 11942000000, "costOfRevenue": 7328800000, "grossProfit": 4613200000, "researchDevelopment": {}, "sellingGeneralAdministrative": {}, "nonRecurring": {}, "otherOperatingExpenses": 3022300000, "totalOperatingExpenses": 11689500000, "operatingIncome": 252500000, "totalOtherIncomeExpenseNet": 555100000, "ebit": 252500000, "interestExpense": -107600000, "incomeBeforeTax": 807600000, "incomeTaxExpense": 225000000, "minorityInterest": 1058700000, "netIncomeFromContinuingOps": 582600000, "discontinuedOperations": {}, "extraordinaryItems": {}, "effectOfAccountingCharges": {}, "otherItems": {}, "netIncome": 606100000, "netIncomeApplicableToCommonShares": 606100000}, {"maxAge": 1, "endDate": "2020-03-31", "totalRevenue": 15843100000, "costOfRevenue": 16522400000, "grossProfit": -679300000, "researchDevelopment": {}, "sellingGeneralAdministrative": 78900000, "nonRecurring": {}, "otherOperatingExpenses": -5741300000, "totalOperatingExpenses": 12272200000, "operatingIncome": 3570900000, "totalOtherIncomeExpenseNet": 578300000, "ebit": 3570900000, "interestExpense": -114000000, "incomeBeforeTax": 4149200000, "incomeTaxExpense": 974100000, "minorityInterest": 1085200000, "netIncomeFromContinuingOps": 3175100000, "discontinuedOperations": {}, "extraordinaryItems": {}, "effectOfAccountingCharges": {}, "otherItems": {}, "netIncome": 3115200000, "netIncomeApplicableToCommonShares": 3115200000}], "maxAge": 86400}, "cashflowStatementHistoryQuarterly": {"cashflowStatements": [{"maxAge": 1, "endDate": "2020-12-31", "netIncome": 2342700000, "changeToLiabilities": 0}, {"maxAge": 1, "endDate": "2020-09-30", "netIncome": 1846200000, "changeToLiabilities": 0}, {"maxAge": 1, "endDate": "2020-06-30", "netIncome": 606100000, "changeToLiabilities": 0}, {"maxAge": 1, "endDate": "2020-03-31", "netIncome": 3115200000, "changeToLiabilities": 0}], "maxAge": 86400}, "earnings": {"maxAge": 86400, "earningsChart": {"quarterly": [{"date": "4Q2017", "actual": 5.93, "estimate": 4.56}, {"date": "1Q2018", "actual": 6.03, "estimate": 5.34}, {"date": "2Q2018", "actual": 5.18, "estimate": 6.39}, {"date": "3Q2018", "actual": 6.89, "estimate": 6.09}], "currentQuarterEstimateDate": "4Q", "currentQuarterEstimateYear": 2018, "earningsDate": ["2021-06-23 05:30:S", "2021-06-28 05:30:S"]}, "financialsChart": {"yearly": [{"date": 2017, "revenue": 58897200000, "earnings": 8346400000}, {"date": 2018, "revenue": 66124900000, "earnings": 10689400000}, {"date": 2019, "revenue": 69560600000, "earnings": 12293700000}, {"date": 2020, "revenue": 65394200000, "earnings": 4044700000}], "quarterly": [{"date": "1Q2020", "revenue": 15843100000, "earnings": 3115200000}, {"date": "2Q2020", "revenue": 11942000000, "earnings": 606100000}, {"date": "3Q2020", "revenue": 15093000000, "earnings": 1846200000}, {"date": "4Q2020", "revenue": 17668900000, "earnings": 2342700000}]}, "financialCurrency": "INR"}, "financialData": {"maxAge": 86400, "currentPrice": 589.9, "targetHighPrice": 930.0, "targetLowPrice": 528.0, "targetMeanPrice": 731.5, "targetMedianPrice": 743.0, "recommendationKey": "none", "numberOfAnalystOpinions": 28, "totalCash": 26605799424, "totalCashPerShare": 43.667, "ebitda": 14062399488, "totalDebt": 4014599936, "totalRevenue": 60546998272, "debtToEquity": 3.863, "revenuePerShare": 99.371, "grossProfits": 19449800000, "earningsGrowth": 0.295, "revenueGrowth": 0.144, "grossMargins": 0.28049, "ebitdaMargins": 0.23226, "operatingMargins": 0.1313, "profitMargins": 0.13065, "financialCurrency": "INR"}}}