{"CONCORD.BO": {"cashflowStatementHistory": {"cashflowStatements": [{"maxAge": 1, "endDate": "2020-03-31", "netIncome": 3282600, "changeToLiabilities": 0}, {"maxAge": 1, "endDate": "2019-03-31", "netIncome": 4070000, "depreciation": 17118000, "changeToNetincome": 14032000, "changeToAccountReceivables": 227376000, "changeToLiabilities": -237310000, "changeToInventory": -222000, "changeToOperatingActivities": -17531000, "totalCashFromOperatingActivities": 11940000, "capitalExpenditures": -3400000, "investments": -110000, "otherCashflowsFromInvestingActivities": 71000, "totalCashflowsFromInvestingActivities": -3439000, "netBorrowings": -25872000, "otherCashflowsFromFinancingActivities": 18553000, "totalCashFromFinancingActivities": -7319000, "changeInCash": 1182000}, {"maxAge": 1, "endDate": "2018-03-31", "netIncome": 3241000, "depreciation": 24014000, "changeToNetincome": 17322000, "changeToAccountReceivables": -254408000, "changeToLiabilities": 305037000, "changeToInventory": -75924000, "changeToOperatingActivities": 44896000, "totalCashFromOperatingActivities": 68798000, "capitalExpenditures": -22761000, "investments": 480000, "otherCashflowsFromInvestingActivities": 159000, "totalCashflowsFromInvestingActivities": -22122000, "netBorrowings": -30230000, "otherCashflowsFromFinancingActivities": -47416000, "totalCashFromFinancingActivities": -47982000, "changeInCash": -1307000, "issuanceOfStock": 29664000}, {"maxAge": 1, "endDate": "2017-03-31", "netIncome": 1595000, "depreciation": 25840000, "changeToNetincome": 22137000, "changeToAccountReceivables": -202524000, "changeToLiabilities": 260473000, "changeToInventory": -28784000, "changeToOperatingActivities": -29685000, "totalCashFromOperatingActivities": 33952000, "capitalExpenditures": -10437000, "investments": 480000, "otherCashflowsFromInvestingActivities": 37000, "totalCashflowsFromInvestingActivities": -10400000, "netBorrowings": -45519000, "otherCashflowsFromFinancingActivities": 23325000, "totalCashFromFinancingActivities": -22194000, "changeInCash": 1358000, "issuanceOfStock": 29664000}], "maxAge": 86400}, "institutionOwnership": {"ownershipList": [], "maxAge": 1}, "balanceSheetHistoryQuarterly": {"balanceSheetStatements": [{"maxAge": 1, "endDate": "2020-06-30", "totalStockholderEquity": 234884500, "netTangibleAssets": 234884500}, {"maxAge": 1, "endDate": "2020-03-31", "cash": 380200, "netReceivables": 254459600, "inventory": 164312600, "otherCurrentAssets": 36488100, "totalCurrentAssets": 455640500, "propertyPlantEquipment": 107363700, "otherAssets": 17150400, "totalAssets": 580154600, "accountsPayable": 127961700, "otherCurrentLiab": 94864700, "longTermDebt": 8772300, "otherLiab": 26761300, "totalCurrentLiabilities": 309736500, "totalLiab": 345270100, "commonStock": 87437500, "treasuryStock": 147447000, "otherStockholderEquity": 147447000, "totalStockholderEquity": 234884500, "netTangibleAssets": 234884500}, {"maxAge": 1, "endDate": "2019-12-31", "totalStockholderEquity": 233472000, "netTangibleAssets": 233472000}, {"maxAge": 1, "endDate": "2019-09-30", "cash": 557000, "netReceivables": 408444000, "inventory": 174109000, "otherCurrentAssets": 21691000, "totalCurrentAssets": 604801000, "propertyPlantEquipment": 109109000, "otherAssets": 17112000, "totalAssets": 731022000, "accountsPayable": 328450000, "otherCurrentLiab": 43686000, "longTermDebt": 7000000, "otherLiab": 27139000, "totalCurrentLiabilities": 463411000, "totalLiab": 497550000, "commonStock": 87438000, "treasuryStock": 146034000, "otherStockholderEquity": 146034000, "totalStockholderEquity": 233472000, "netTangibleAssets": 233472000}], "maxAge": 86400}, "indexTrend": {"maxAge": 1, "symbol": "SP5", "peRatio": 19.7411, "pegRatio": 1.34172, "estimates": [{"period": "0q", "growth": 0.549}, {"period": "+1q", "growth": 0.431}, {"period": "0y", "growth": 0.305}, {"period": "+1y", "growth": 0.109}, {"period": "+5y", "growth": 0.120859005}, {"period": "-5y"}]}, "insiderTransactions": {"transactions": [{"maxAge": 1, "shares": 797000, "filerUrl": "", "transactionText": "", "filerName": "Reddy (Koni Seelam)", "filerRelation": "Promoter", "moneyText": "", "startDate": "2019-05-14", "ownership": "D"}, {"maxAge": 1, "shares": 178000, "filerUrl": "", "transactionText": "", "filerName": "Reddy (Koni Seelam)", "filerRelation": "Promoter", "moneyText": "", "startDate": "2019-05-14", "ownership": "D"}, {"maxAge": 1, "shares": 451000, "filerUrl": "", "transactionText": "", "filerName": "Reddy (Manoj Kumar S)", "filerRelation": "Promoter", "moneyText": "", "startDate": "2019-05-14", "ownership": "D"}, {"maxAge": 1, "shares": 214000, "filerUrl": "", "transactionText": "", "filerName": "Reddy (Manoj Kumar S)", "filerRelation": "Promoter", "moneyText": "", "startDate": "2019-05-14", "ownership": "D"}, {"maxAge": 1, "shares": 290000, "filerUrl": "", "transactionText": "", "filerName": "Reddy (Nagi Seelam)", "filerRelation": "Promoter", "moneyText": "", "startDate": "2019-05-14", "ownership": "D"}, {"maxAge": 1, "shares": 290000, "filerUrl": "", "transactionText": "", "filerName": "Reddy (Nagi Seelam)", "filerRelation": "Promoter", "moneyText": "", "startDate": "2019-05-14", "ownership": "D"}, {"maxAge": 1, "shares": 1123000, "filerUrl": "", "transactionText": "", "filerName": "Reddy (Nagi Seelam)", "filerRelation": "Managing Director", "moneyText": "", "startDate": "2018-02-19", "ownership": "D"}, {"maxAge": 1, "shares": 172000, "filerUrl": "", "transactionText": "", "filerName": "Reddy (Koni Seelam)", "filerRelation": "Director", "moneyText": "", "startDate": "2017-11-15", "ownership": "D"}, {"maxAge": 1, "shares": 619000, "filerUrl": "", "transactionText": "", "filerName": "Reddy (Koni Seelam)", "filerRelation": "Director", "moneyText": "", "startDate": "2017-11-15", "ownership": "D"}, {"maxAge": 1, "shares": 136000, "filerUrl": "", "transactionText": "", "filerName": "Reddy (Manoj Kumar S)", "filerRelation": "Promoter", "moneyText": "", "startDate": "2017-11-15", "ownership": "D"}, {"maxAge": 1, "shares": 237000, "filerUrl": "", "transactionText": "", "filerName": "Reddy (Manoj Kumar S)", "filerRelation": "Promoter", "moneyText": "", "startDate": "2017-11-15", "ownership": "D"}, {"maxAge": 1, "shares": 310000, "filerUrl": "", "transactionText": "", "filerName": "Reddy (Nagi Seelam)", "filerRelation": "Managing Director", "moneyText": "", "startDate": "2017-11-15", "ownership": "D"}, {"maxAge": 1, "shares": 718600, "filerUrl": "", "transactionText": "", "filerName": "Reddy (Nagi Seelam)", "filerRelation": "Managing Director", "moneyText": "", "startDate": "2017-11-15", "ownership": "D"}, {"maxAge": 1, "shares": 194300, "filerUrl": "", "transactionText": "", "filerName": "Reddy (Raja Sekhar Vundela)", "filerRelation": "UNREPORTED", "moneyText": "", "startDate": "2015-04-01", "ownership": "D"}, {"maxAge": 1, "shares": 159100, "filerUrl": "", "transactionText": "", "filerName": "Jhansipu (Sanivara)", "filerRelation": "UNREPORTED", "moneyText": "", "startDate": "2015-02-28", "ownership": "D"}, {"maxAge": 1, "shares": 260500, "filerUrl": "", "transactionText": "", "filerName": "Reddy (Ramachandra Maligi)", "filerRelation": "External Director", "moneyText": "", "startDate": "2015-02-20", "ownership": "D"}], "maxAge": 1}, "quoteType": {"exchange": "BSE", "quoteType": "EQUITY", "symbol": "CONCORD.BO", "underlyingSymbol": "CONCORD.BO", "shortName": "Concord Drugs Limited", "longName": "Concord Drugs Limited", "firstTradeDateEpochUtc": "2015-02-23 09:15:00", "timeZoneFullName": "Asia/Kolkata", "timeZoneShortName": "IST", "uuid": "fb9ad447-ff43-3ca9-ba65-3856cc1f35a4", "gmtOffSetMilliseconds": 19800000, "maxAge": 1}, "incomeStatementHistory": {"incomeStatementHistory": [{"maxAge": 1, "endDate": "2020-03-31", "totalRevenue": 514589500, "costOfRevenue": 425773500, "grossProfit": 88816000, "researchDevelopment": {}, "sellingGeneralAdministrative": 35071600, "nonRecurring": {}, "otherOperatingExpenses": 19103400, "totalOperatingExpenses": 494587500, "operatingIncome": 20002000, "totalOtherIncomeExpenseNet": -15437200, "ebit": 20002000, "interestExpense": -15437300, "incomeBeforeTax": 4564800, "incomeTaxExpense": 1282200, "minorityInterest": {}, "netIncomeFromContinuingOps": 3282600, "discontinuedOperations": {}, "extraordinaryItems": {}, "effectOfAccountingCharges": {}, "otherItems": {}, "netIncome": 3282600, "netIncomeApplicableToCommonShares": 3282600}, {"maxAge": 1, "endDate": "2019-03-31", "totalRevenue": 481561000, "costOfRevenue": 399785000, "grossProfit": 81776000, "researchDevelopment": {}, "sellingGeneralAdministrative": 26425000, "nonRecurring": {}, "otherOperatingExpenses": 17976000, "totalOperatingExpenses": 461304000, "operatingIncome": 20257000, "totalOtherIncomeExpenseNet": -15859000, "ebit": 20257000, "interestExpense": -15714000, "incomeBeforeTax": 4398000, "incomeTaxExpense": 328000, "minorityInterest": {}, "netIncomeFromContinuingOps": 4070000, "discontinuedOperations": {}, "extraordinaryItems": {}, "effectOfAccountingCharges": {}, "otherItems": {}, "netIncome": 4070000, "netIncomeApplicableToCommonShares": 4070000}, {"maxAge": 1, "endDate": "2018-03-31", "totalRevenue": 519172000, "costOfRevenue": 435236000, "grossProfit": 83936000, "researchDevelopment": {}, "sellingGeneralAdministrative": 20774000, "nonRecurring": {}, "otherOperatingExpenses": 14080000, "totalOperatingExpenses": 494104000, "operatingIncome": 25068000, "totalOtherIncomeExpenseNet": -18682000, "ebit": 25068000, "interestExpense": -17905000, "incomeBeforeTax": 6386000, "incomeTaxExpense": 3145000, "minorityInterest": {}, "netIncomeFromContinuingOps": 3241000, "discontinuedOperations": {}, "extraordinaryItems": {}, "effectOfAccountingCharges": {}, "otherItems": {}, "netIncome": 3241000, "netIncomeApplicableToCommonShares": 3241000}, {"maxAge": 1, "endDate": "2017-03-31", "totalRevenue": 576357000, "costOfRevenue": 464236000, "grossProfit": 112121000, "researchDevelopment": {}, "sellingGeneralAdministrative": 28440000, "nonRecurring": {}, "otherOperatingExpenses": 27164000, "totalOperatingExpenses": 545680000, "operatingIncome": 30677000, "totalOtherIncomeExpenseNet": -24203000, "ebit": 30677000, "interestExpense": -21846000, "incomeBeforeTax": 6474000, "incomeTaxExpense": 4879000, "minorityInterest": {}, "netIncomeFromContinuingOps": 1595000, "discontinuedOperations": {}, "extraordinaryItems": {}, "effectOfAccountingCharges": {}, "otherItems": {}, "netIncome": 1595000, "netIncomeApplicableToCommonShares": 1595000}], "maxAge": 86400}, "fundOwnership": {"ownershipList": [], "maxAge": 1}, "summaryDetail": {"maxAge": 1, "priceHint": 2, "previousClose": 33.3, "open": 31.65, "dayLow": 31.65, "dayHigh": 31.65, "regularMarketPreviousClose": 33.3, "regularMarketOpen": 31.65, "regularMarketDayLow": 31.65, "regularMarketDayHigh": 31.65, "trailingPE": 76.634384, "volume": 3972, "regularMarketVolume": 3972, "averageVolume": 3955, "averageVolume10days": 3927, "averageDailyVolume10Day": 3927, "bid": 0.0, "ask": 40.75, "bidSize": 0, "askSize": 0, "marketCap": 248824384, "fiftyTwoWeekLow": 11.68, "fiftyTwoWeekHigh": 32.8, "fiftyDayAverage": 22.98182, "twoHundredDayAverage": 20.974926, "currency": "INR", "fromCurrency": null, "lastMarket": null, "algorithm": null, "tradeable": false}, "incomeStatementHistoryQuarterly": {"incomeStatementHistory": [{"maxAge": 1, "endDate": "2020-06-30", "totalRevenue": 182248000, "costOfRevenue": 159429000, "grossProfit": 22819000, "researchDevelopment": {}, "sellingGeneralAdministrative": 8700000, "nonRecurring": {}, "otherOperatingExpenses": 4320000, "totalOperatingExpenses": 175622000, "operatingIncome": 6626000, "totalOtherIncomeExpenseNet": -4390000, "ebit": 6626000, "interestExpense": -4391000, "incomeBeforeTax": 2236000, "incomeTaxExpense": 582000, "minorityInterest": {}, "netIncomeFromContinuingOps": 1654000, "discontinuedOperations": {}, "extraordinaryItems": {}, "effectOfAccountingCharges": {}, "otherItems": {}, "netIncome": 1654000, "netIncomeApplicableToCommonShares": 1654000}, {"maxAge": 1, "endDate": "2020-03-31", "totalRevenue": 130737400, "costOfRevenue": 109617000, "grossProfit": 21120400, "researchDevelopment": {}, "sellingGeneralAdministrative": 8478200, "nonRecurring": {}, "otherOperatingExpenses": 4818800, "totalOperatingExpenses": 126541900, "operatingIncome": 4195500, "totalOtherIncomeExpenseNet": -2696100, "ebit": 4195500, "interestExpense": -2695900, "incomeBeforeTax": 1499400, "incomeTaxExpense": 327900, "minorityInterest": {}, "netIncomeFromContinuingOps": 1171500, "discontinuedOperations": {}, "extraordinaryItems": {}, "effectOfAccountingCharges": {}, "otherItems": {}, "netIncome": 1171500, "netIncomeApplicableToCommonShares": 1171500}, {"maxAge": 1, "endDate": "2019-12-31", "totalRevenue": 109271000, "costOfRevenue": 87496000, "grossProfit": 21775000, "researchDevelopment": {}, "sellingGeneralAdministrative": 8959000, "nonRecurring": {}, "otherOperatingExpenses": 4482000, "totalOperatingExpenses": 104626000, "operatingIncome": 4645000, "totalOtherIncomeExpenseNet": -4009000, "ebit": 4645000, "interestExpense": -4010000, "incomeBeforeTax": 636000, "incomeTaxExpense": 193000, "minorityInterest": {}, "netIncomeFromContinuingOps": 443000, "discontinuedOperations": {}, "extraordinaryItems": {}, "effectOfAccountingCharges": {}, "otherItems": {}, "netIncome": 443000, "netIncomeApplicableToCommonShares": 443000}, {"maxAge": 1, "endDate": "2019-09-30", "totalRevenue": 141159000, "costOfRevenue": 117041000, "grossProfit": 24118000, "researchDevelopment": {}, "sellingGeneralAdministrative": 9499000, "nonRecurring": {}, "otherOperatingExpenses": 5633000, "totalOperatingExpenses": 135857000, "operatingIncome": 5302000, "totalOtherIncomeExpenseNet": -4462000, "ebit": 5302000, "interestExpense": -4462000, "incomeBeforeTax": 840000, "incomeTaxExpense": 275000, "minorityInterest": {}, "netIncomeFromContinuingOps": 565000, "discontinuedOperations": {}, "extraordinaryItems": {}, "effectOfAccountingCharges": {}, "otherItems": {}, "netIncome": 565000, "netIncomeApplicableToCommonShares": 565000}], "maxAge": 86400}, "cashflowStatementHistoryQuarterly": {"cashflowStatements": [{"maxAge": 1, "endDate": "2020-06-30", "netIncome": 1654000, "changeToLiabilities": 0}, {"maxAge": 1, "endDate": "2020-03-31", "netIncome": 1171500, "changeToLiabilities": 0}, {"maxAge": 1, "endDate": "2019-12-31", "netIncome": 443000, "changeToLiabilities": 0}, {"maxAge": 1, "endDate": "2019-09-30", "netIncome": 565000, "changeToLiabilities": 0}], "maxAge": 86400}, "insiderHolders": {"holders": [{"maxAge": 1, "name": "Jhansipu (Sanivara)", "relation": "UNREPORTED", "url": "", "transactionDescription": "Purchase", "latestTransDate": "2015-02-28", "positionDirect": 344200, "positionDirectDate": "2015-02-28"}, {"maxAge": 1, "name": "Reddy (Koni Seelam)", "relation": "Promoter", "url": "", "transactionDescription": "Other", "latestTransDate": "2019-05-14", "positionDirect": 975000, "positionDirectDate": "2019-05-14"}, {"maxAge": 1, "name": "Reddy (Manoj Kumar S)", "relation": "Promoter", "url": "", "transactionDescription": "Other", "latestTransDate": "2019-05-14", "positionDirect": 665000, "positionDirectDate": "2019-05-14"}, {"maxAge": 1, "name": "Reddy (Nagi Seelam)", "relation": "Promoter", "url": "", "transactionDescription": "Other", "latestTransDate": "2019-05-14", "positionDirect": 1703000, "positionDirectDate": "2019-05-14"}, {"maxAge": 1, "name": "Reddy (Raja Sekhar Vundela)", "relation": "UNREPORTED", "url": "", "transactionDescription": "Sale", "latestTransDate": "2015-04-01", "positionDirect": 438050, "positionDirectDate": "2015-04-01"}, {"maxAge": 1, "name": "Reddy (Ramachandra Maligi)", "relation": "External Director", "url": "", "transactionDescription": "Sale", "latestTransDate": "2015-02-20", "positionDirect": 125000, "positionDirectDate": "2015-02-20"}], "maxAge": 1}, "calendarEvents": {"maxAge": 1, "earnings": {"earningsDate": ["2020-09-14 05:30:S"]}}, "upgradeDowngradeHistory": {"history": [], "maxAge": 86400}, "price": {"maxAge": 1, "regularMarketChangePercent": -0.049549535, "regularMarketChange": -1.6499996, "regularMarketTime": "2021-04-30 15:27:40", "priceHint": 2, "regularMarketPrice": 31.65, "regularMarketDayHigh": 31.65, "regularMarketDayLow": 31.65, "regularMarketVolume": 3972, "averageDailyVolume10Day": 3927, "averageDailyVolume3Month": 3955, "regularMarketPreviousClose": 33.3, "regularMarketSource": "FREE_REALTIME", "regularMarketOpen": 31.65, "exchange": "BSE", "exchangeName": "BSE", "exchangeDataDelayedBy": 0, "marketState": "CLOSED", "quoteType": "EQUITY", "symbol": "CONCORD.BO", "underlyingSymbol": null, "shortName": "Concord Drugs Limited", "longName": "Concord Drugs Limited", "currency": "INR", "quoteSourceName": "Delayed Quote", "currencySymbol": "\u20b9", "fromCurrency": null, "lastMarket": null, "marketCap": 248824384}, "balanceSheetHistory": {"balanceSheetStatements": [{"maxAge": 1, "endDate": "2020-03-31", "cash": 380200, "netReceivables": 254459600, "inventory": 164312600, "otherCurrentAssets": 36488000, "totalCurrentAssets": 455640400, "propertyPlantEquipment": 107363700, "otherAssets": 17150500, "totalAssets": 580154600, "accountsPayable": 127961700, "otherCurrentLiab": 94864700, "longTermDebt": 8772300, "otherLiab": 26761300, "totalCurrentLiabilities": 309736500, "totalLiab": 345270100, "commonStock": 87437500, "treasuryStock": 147447000, "otherStockholderEquity": 147447000, "totalStockholderEquity": 234884500, "netTangibleAssets": 234884500}, {"maxAge": 1, "endDate": "2019-03-31", "cash": 1848000, "shortTermInvestments": 413000, "netReceivables": 484347000, "inventory": 186415000, "otherCurrentAssets": 24767000, "totalCurrentAssets": 697377000, "propertyPlantEquipment": 113521000, "otherAssets": 16787000, "totalAssets": 827685000, "accountsPayable": 426373000, "otherCurrentLiab": 12861000, "longTermDebt": 6897000, "otherLiab": 28416000, "totalCurrentLiabilities": 560809000, "totalLiab": 596122000, "commonStock": 78618000, "retainedEarnings": 83026000, "treasuryStock": 46435000, "capitalSurplus": 23484000, "otherStockholderEquity": 46435000, "totalStockholderEquity": 231563000, "netTangibleAssets": 231563000}, {"maxAge": 1, "endDate": "2018-03-31", "cash": 557000, "netReceivables": 711723000, "inventory": 186194000, "otherCurrentAssets": 21717000, "totalCurrentAssets": 920191000, "propertyPlantEquipment": 127238000, "otherAssets": 16710000, "totalAssets": 1064139000, "accountsPayable": 663683000, "shortLongTermDebt": 12106000, "otherCurrentLiab": 12993000, "longTermDebt": 34085000, "otherLiab": 29734000, "totalCurrentLiabilities": 807088000, "totalLiab": 870907000, "commonStock": 78618000, "retainedEarnings": 78955000, "treasuryStock": 12175000, "capitalSurplus": 23484000, "otherStockholderEquity": 12175000, "totalStockholderEquity": 193232000, "netTangibleAssets": 193232000}, {"maxAge": 1, "endDate": "2017-03-31", "cash": 2344000, "netReceivables": 460508000, "inventory": 110270000, "otherCurrentAssets": 29331000, "totalCurrentAssets": 602453000, "propertyPlantEquipment": 128492000, "otherAssets": 19315000, "deferredLongTermAssetCharges": -2736328, "totalAssets": 750260000, "accountsPayable": 358647000, "otherCurrentLiab": 12665000, "longTermDebt": 61758000, "otherLiab": 10513000, "totalCurrentLiabilities": 488062000, "totalLiab": 560333000, "commonStock": 72438000, "retainedEarnings": 75713000, "treasuryStock": 41776000, "otherStockholderEquity": 41776000, "totalStockholderEquity": 189927000, "netTangibleAssets": 189927000}], "maxAge": 86400}, "financialData": {"maxAge": 86400, "currentPrice": 31.65, "recommendationKey": "none", "grossProfits": 88816000, "financialCurrency": "INR"}}}