{"CONFIPET.BO": {"recommendationTrend": {"trend": [{"period": "0m", "strongBuy": 0, "buy": 0, "hold": 0, "sell": 0, "strongSell": 0}, {"period": "-1m", "strongBuy": 0, "buy": 0, "hold": 0, "sell": 0, "strongSell": 0}, {"period": "-2m", "strongBuy": 0, "buy": 0, "hold": 0, "sell": 0, "strongSell": 0}, {"period": "-3m", "strongBuy": 0, "buy": 0, "hold": 0, "sell": 0, "strongSell": 0}], "maxAge": 86400}, "cashflowStatementHistory": {"cashflowStatements": [{"maxAge": 1, "endDate": "2020-03-31", "netIncome": 524129000, "depreciation": 512087000, "changeToNetincome": 70752000, "changeToAccountReceivables": -449263000, "changeToLiabilities": 0, "changeToInventory": 29329000, "changeToOperatingActivities": -24832000, "totalCashFromOperatingActivities": 662777000, "capitalExpenditures": -842038000, "investments": 146297000, "otherCashflowsFromInvestingActivities": 29429000, "totalCashflowsFromInvestingActivities": -925898000, "netBorrowings": 234943000, "otherCashflowsFromFinancingActivities": -116081000, "totalCashFromFinancingActivities": 251162000, "changeInCash": -12459000, "issuanceOfStock": 132300000}, {"maxAge": 1, "endDate": "2019-03-31", "netIncome": 668027000, "depreciation": 297954000, "changeToNetincome": 53345000, "changeToAccountReceivables": 44919000, "changeToLiabilities": 0, "changeToInventory": -153622000, "changeToOperatingActivities": -228611000, "totalCashFromOperatingActivities": 682587000, "capitalExpenditures": -1386534000, "investments": -146297000, "otherCashflowsFromInvestingActivities": 3623000, "totalCashflowsFromInvestingActivities": -1516068000, "dividendsPaid": -27383000, "netBorrowings": 224689000, "otherCashflowsFromFinancingActivities": -127600000, "totalCashFromFinancingActivities": 874008000, "changeInCash": 40526000, "issuanceOfStock": 804302000}, {"maxAge": 1, "endDate": "2018-03-31", "netIncome": 268159662, "depreciation": 245017506, "changeToNetincome": 98063643, "changeToAccountReceivables": -20353342, "changeToLiabilities": 0, "changeToInventory": -72850784, "changeToOperatingActivities": 135838585, "totalCashFromOperatingActivities": 654450270, "capitalExpenditures": -632790154, "investments": -146297000, "otherCashflowsFromInvestingActivities": 19977019, "totalCashflowsFromInvestingActivities": -243465028, "dividendsPaid": -12941750, "netBorrowings": -195052491, "otherCashflowsFromFinancingActivities": -123483627, "totalCashFromFinancingActivities": -331477868, "changeInCash": 79507374, "issuanceOfStock": 804302000}, {"maxAge": 1, "endDate": "2017-03-31", "netIncome": 50041693, "depreciation": 241597823, "changeToNetincome": 105526224, "changeToAccountReceivables": -109180396, "changeToLiabilities": 0, "changeToInventory": 5808261, "changeToOperatingActivities": 4173403, "totalCashFromOperatingActivities": 297967008, "capitalExpenditures": -467341037, "investments": -146297000, "otherCashflowsFromInvestingActivities": -448763896, "totalCashflowsFromInvestingActivities": -967937710, "dividendsPaid": -12941750, "netBorrowings": 761752475, "otherCashflowsFromFinancingActivities": -119568930, "totalCashFromFinancingActivities": 642183545, "changeInCash": -41216085, "issuanceOfStock": 804302000}], "maxAge": 86400}, "institutionOwnership": {"maxAge": 1, "ownershipList": []}, "balanceSheetHistoryQuarterly": {"balanceSheetStatements": [{"maxAge": 1, "endDate": "2020-06-30", "totalStockholderEquity": 4476400000, "netTangibleAssets": 4476400000}, {"maxAge": 1, "endDate": "2020-03-31", "cash": 103868000, "shortTermInvestments": 436883000, "netReceivables": 760541000, "inventory": 738301000, "otherCurrentAssets": 229643000, "totalCurrentAssets": 2269236000, "longTermInvestments": 160352000, "propertyPlantEquipment": 4083077000, "otherAssets": 537079000, "totalAssets": 7049744000, "accountsPayable": 244133000, "shortLongTermDebt": 22696000, "otherCurrentLiab": 70134000, "longTermDebt": 344688000, "otherLiab": 1294759000, "minorityInterest": 213391000, "totalCurrentLiabilities": 720502000, "totalLiab": 2359949000, "commonStock": 273835000, "treasuryStock": 4202569000, "otherStockholderEquity": 4202569000, "totalStockholderEquity": 4476404000, "netTangibleAssets": 4476404000}, {"maxAge": 1, "endDate": "2019-12-31", "totalStockholderEquity": 4342800000, "netTangibleAssets": 4342800000}, {"maxAge": 1, "endDate": "2019-09-30", "cash": 185102000, "shortTermInvestments": 504274000, "netReceivables": 635637000, "inventory": 713796000, "otherCurrentAssets": 76791000, "totalCurrentAssets": 2115600000, "longTermInvestments": 166845000, "propertyPlantEquipment": 3978656000, "otherAssets": 466899000, "totalAssets": 6728000000, "accountsPayable": 185846000, "shortLongTermDebt": 9052000, "otherCurrentLiab": 23584000, "longTermDebt": 407597000, "otherLiab": 1210852000, "minorityInterest": 211751000, "totalCurrentLiabilities": 555000000, "totalLiab": 2173449000, "commonStock": 273835000, "treasuryStock": 4068965000, "otherStockholderEquity": 4068965000, "totalStockholderEquity": 4342800000, "netTangibleAssets": 4342800000}], "maxAge": 86400}, "earningsHistory": {"history": [{"maxAge": 1, "epsActual": {}, "epsEstimate": {}, "epsDifference": {}, "surprisePercent": {}, "quarter": {}, "period": "-4q"}, {"maxAge": 1, "epsActual": {}, "epsEstimate": {}, "epsDifference": {}, "surprisePercent": {}, "quarter": {}, "period": "-3q"}, {"maxAge": 1, "epsActual": {}, "epsEstimate": {}, "epsDifference": {}, "surprisePercent": {}, "quarter": {}, "period": "-2q"}, {"maxAge": 1, "epsActual": 0.27, "epsEstimate": 0.24, "epsDifference": 0.03, "surprisePercent": 0.125, "quarter": "2017-12-31", "period": "-1q"}], "maxAge": 86400}, "indexTrend": {"maxAge": 1, "symbol": "SP5", "peRatio": 19.7411, "pegRatio": 1.34172, "estimates": [{"period": "0q", "growth": 0.549}, {"period": "+1q", "growth": 0.431}, {"period": "0y", "growth": 0.305}, {"period": "+1y", "growth": 0.109}, {"period": "+5y", "growth": 0.120865}, {"period": "-5y"}]}, "industryTrend": {"maxAge": 1, "symbol": null, "estimates": []}, "insiderTransactions": {"transactions": [{"maxAge": 1, "shares": 236803, "filerUrl": "", "transactionText": "", "filerName": "Essenn Lpg Bottling Pvt. Ltd.", "filerRelation": "Promoter", "moneyText": "", "startDate": "2020-08-25", "ownership": "D"}, {"maxAge": 1, "shares": 152000, "filerUrl": "", "transactionText": "", "filerName": "Essenn Lpg Bottling Pvt. Ltd.", "filerRelation": "Promoter", "moneyText": "", "startDate": "2020-08-06", "ownership": "D"}, {"maxAge": 1, "shares": 1349640, "filerUrl": "", "transactionText": "", "filerName": "Confidence LPG Bottling Pvt. Ltd.", "filerRelation": "Promoter", "moneyText": "", "startDate": "2020-08-03", "ownership": "D"}, {"maxAge": 1, "shares": 75665, "filerUrl": "", "transactionText": "", "filerName": "Essenn Lpg Bottling Pvt. Ltd.", "filerRelation": "Promoter", "moneyText": "", "startDate": "2020-07-28", "ownership": "D"}, {"maxAge": 1, "shares": 1050454, "filerUrl": "", "transactionText": "", "filerName": "Essenn Lpg Bottling Pvt. Ltd.", "filerRelation": "Promoter", "moneyText": "", "startDate": "2020-06-29", "ownership": "D"}, {"maxAge": 1, "shares": 151816, "filerUrl": "", "transactionText": "", "filerName": "Confidence LPG Bottling Pvt. Ltd.", "filerRelation": "Promoter", "moneyText": "", "startDate": "2020-02-20", "ownership": "D"}, {"maxAge": 1, "shares": 84370, "filerUrl": "", "transactionText": "", "filerName": "Essenn Lpg Bottling Pvt. Ltd.", "filerRelation": "Promoter", "moneyText": "", "startDate": "2020-02-19", "ownership": "D"}, {"maxAge": 1, "shares": 40000, "filerUrl": "", "transactionText": "", "filerName": "Essenn Lpg Bottling Pvt. Ltd.", "filerRelation": "Promoter", "moneyText": "", "startDate": "2019-12-06", "ownership": "D"}, {"maxAge": 1, "shares": 110000, "filerUrl": "", "transactionText": "", "filerName": "Confidence LPG Bottling Pvt. Ltd.", "filerRelation": "Promoter", "moneyText": "", "startDate": "2019-12-05", "ownership": "D"}, {"maxAge": 1, "shares": 40194, "filerUrl": "", "transactionText": "", "filerName": "Essenn Lpg Bottling Pvt. Ltd.", "filerRelation": "Promoter", "moneyText": "", "startDate": "2019-11-22", "ownership": "D"}, {"maxAge": 1, "shares": 104460, "filerUrl": "", "transactionText": "", "filerName": "Confidence LPG Bottling Pvt. Ltd.", "filerRelation": "Promoter", "moneyText": "", "startDate": "2019-11-19", "ownership": "D"}, {"maxAge": 1, "shares": 18009, "filerUrl": "", "transactionText": "", "filerName": "Essenn Lpg Bottling Pvt. Ltd.", "filerRelation": "Promoter", "moneyText": "", "startDate": "2019-09-30", "ownership": "D"}, {"maxAge": 1, "shares": 80000, "filerUrl": "", "transactionText": "", "filerName": "Confidence LPG Bottling Pvt. Ltd.", "filerRelation": "Promoter", "moneyText": "", "startDate": "2019-09-27", "ownership": "D"}, {"maxAge": 1, "shares": 72854, "filerUrl": "", "transactionText": "", "filerName": "Confidence LPG Bottling Pvt. Ltd.", "filerRelation": "Promoter", "moneyText": "", "startDate": "2019-09-25", "ownership": "D"}, {"maxAge": 1, "shares": 107754, "filerUrl": "", "transactionText": "", "filerName": "Confidence LPG Bottling Pvt. Ltd.", "filerRelation": "Promoter", "moneyText": "", "startDate": "2019-09-24", "ownership": "D"}, {"maxAge": 1, "shares": 59922, "filerUrl": "", "transactionText": "", "filerName": "Essenn Lpg Bottling Pvt. Ltd.", "filerRelation": "Promoter", "moneyText": "", "startDate": "2019-09-24", "ownership": "D"}, {"maxAge": 1, "shares": 98000, "filerUrl": "", "transactionText": "", "filerName": "Confidence LPG Bottling Pvt. Ltd.", "filerRelation": "Promoter", "moneyText": "", "startDate": "2019-09-05", "ownership": "D"}, {"maxAge": 1, "shares": 181100, "filerUrl": "", "transactionText": "", "filerName": "Essenn Lpg Bottling Pvt. Ltd.", "filerRelation": "Promoter", "moneyText": "", "startDate": "2019-09-05", "ownership": "D"}, {"maxAge": 1, "shares": 1033674, "filerUrl": "", "transactionText": "", "filerName": "Confidence LPG Bottling Pvt. Ltd.", "filerRelation": "Promoter", "moneyText": "", "startDate": "2019-08-22", "ownership": "D"}, {"maxAge": 1, "shares": 303937, "filerUrl": "", "transactionText": "", "filerName": "Essenn Lpg Bottling Pvt. Ltd.", "filerRelation": "Promoter", "moneyText": "", "startDate": "2019-08-05", "ownership": "D"}, {"maxAge": 1, "shares": 10273, "filerUrl": "", "transactionText": "", "filerName": "Essenn Lpg Bottling Pvt. Ltd.", "filerRelation": "Promoter", "moneyText": "", "startDate": "2019-02-21", "ownership": "D"}, {"maxAge": 1, "shares": 25834, "filerUrl": "", "transactionText": "", "filerName": "Essenn Lpg Bottling Pvt. Ltd.", "filerRelation": "Promoter", "moneyText": "", "startDate": "2019-02-18", "ownership": "D"}, {"maxAge": 1, "shares": 24434, "filerUrl": "", "transactionText": "", "filerName": "Essenn Lpg Bottling Pvt. Ltd.", "filerRelation": "Promoter", "moneyText": "", "startDate": "2019-02-12", "ownership": "D"}, {"maxAge": 1, "shares": 15540, "filerUrl": "", "transactionText": "", "filerName": "Essenn Lpg Bottling Pvt. Ltd.", "filerRelation": "Promoter", "moneyText": "", "startDate": "2019-02-11", "ownership": "D"}, {"maxAge": 1, "shares": 9198, "filerUrl": "", "transactionText": "", "filerName": "Essenn Lpg Bottling Pvt. Ltd.", "filerRelation": "Promoter", "moneyText": "", "startDate": "2019-02-08", "ownership": "D"}, {"maxAge": 1, "shares": 24500, "filerUrl": "", "transactionText": "", "filerName": "Essenn Lpg Bottling Pvt. Ltd.", "filerRelation": "Promoter", "moneyText": "", "startDate": "2019-02-01", "ownership": "D"}, {"maxAge": 1, "shares": 203630, "filerUrl": "", "transactionText": "", "filerName": "Confidence LPG Bottling Pvt. Ltd.", "filerRelation": "Promoter", "moneyText": "", "startDate": "2019-01-29", "ownership": "D"}, {"maxAge": 1, "shares": 64550, "filerUrl": "", "transactionText": "", "filerName": "Confidence LPG Bottling Pvt. Ltd.", "filerRelation": "Promoter", "moneyText": "", "startDate": "2019-01-28", "ownership": "D"}, {"maxAge": 1, "shares": 62300, "filerUrl": "", "transactionText": "", "filerName": "Essenn Lpg Bottling Pvt. Ltd.", "filerRelation": "Promoter", "moneyText": "", "startDate": "2019-01-28", "ownership": "D"}, {"maxAge": 1, "shares": 121693, "filerUrl": "", "transactionText": "", "filerName": "Confidence LPG Bottling Pvt. Ltd.", "filerRelation": "Promoter", "moneyText": "", "startDate": "2019-01-25", "ownership": "D"}, {"maxAge": 1, "shares": 55996, "filerUrl": "", "transactionText": "", "filerName": "Confidence LPG Bottling Pvt. Ltd.", "filerRelation": "Promoter", "moneyText": "", "startDate": "2019-01-11", "ownership": "D"}, {"maxAge": 1, "shares": 25152, "filerUrl": "", "transactionText": "", "filerName": "Essenn Lpg Bottling Pvt. Ltd.", "filerRelation": "Promoter", "moneyText": "", "startDate": "2019-01-11", "ownership": "D"}, {"maxAge": 1, "shares": 75435, "filerUrl": "", "transactionText": "", "filerName": "Confidence LPG Bottling Pvt. Ltd.", "filerRelation": "Promoter", "moneyText": "", "startDate": "2019-01-10", "ownership": "D"}, {"maxAge": 1, "shares": 19931, "filerUrl": "", "transactionText": "", "filerName": "Essenn Lpg Bottling Pvt. Ltd.", "filerRelation": "Promoter", "moneyText": "", "startDate": "2019-01-08", "ownership": "D"}, {"maxAge": 1, "shares": 54000, "filerUrl": "", "transactionText": "", "filerName": "Confidence LPG Bottling Pvt. Ltd.", "filerRelation": "Institution- Corporation", "moneyText": "", "startDate": "2019-01-04", "ownership": "D"}, {"maxAge": 1, "shares": 22500, "filerUrl": "", "transactionText": "", "filerName": "Essenn Lpg Bottling Pvt. Ltd.", "filerRelation": "Promoter", "moneyText": "", "startDate": "2019-01-04", "ownership": "D"}, {"maxAge": 1, "shares": 68913, "filerUrl": "", "transactionText": "", "filerName": "Confidence LPG Bottling Pvt. Ltd.", "filerRelation": "Institution- Corporation", "moneyText": "", "startDate": "2019-01-03", "ownership": "D"}, {"maxAge": 1, "shares": 68000, "filerUrl": "", "transactionText": "", "filerName": "Essenn Lpg Bottling Pvt. Ltd.", "filerRelation": "Promoter", "moneyText": "", "startDate": "2019-01-03", "ownership": "D"}, {"maxAge": 1, "shares": 58800, "filerUrl": "", "transactionText": "", "filerName": "Confidence LPG Bottling Pvt. Ltd.", "filerRelation": "Institution- Corporation", "moneyText": "", "startDate": "2019-01-02", "ownership": "D"}, {"maxAge": 1, "shares": 24600, "filerUrl": "", "transactionText": "", "filerName": "Essenn Lpg Bottling Pvt. Ltd.", "filerRelation": "Promoter", "moneyText": "", "startDate": "2019-01-02", "ownership": "D"}, {"maxAge": 1, "shares": 25050, "filerUrl": "", "transactionText": "", "filerName": "Confidence LPG Bottling Pvt. Ltd.", "filerRelation": "Institution- Corporation", "moneyText": "", "startDate": "2019-01-01", "ownership": "D"}, {"maxAge": 1, "shares": 83302, "filerUrl": "", "transactionText": "", "filerName": "Confidence LPG Bottling Pvt. Ltd.", "filerRelation": "Institution- Corporation", "moneyText": "", "startDate": "2018-12-31", "ownership": "D"}, {"maxAge": 1, "shares": 49559, "filerUrl": "", "transactionText": "", "filerName": "Confidence LPG Bottling Pvt. Ltd.", "filerRelation": "Institution- Corporation", "moneyText": "", "startDate": "2018-12-28", "ownership": "D"}, {"maxAge": 1, "shares": 13956, "filerUrl": "", "transactionText": "", "filerName": "Confidence LPG Bottling Pvt. Ltd.", "filerRelation": "Institution- Corporation", "moneyText": "", "startDate": "2018-12-27", "ownership": "D"}, {"maxAge": 1, "shares": 52550, "filerUrl": "", "transactionText": "", "filerName": "Confidence LPG Bottling Pvt. Ltd.", "filerRelation": "Institution- Corporation", "moneyText": "", "startDate": "2018-12-26", "ownership": "D"}, {"maxAge": 1, "shares": 35562, "filerUrl": "", "transactionText": "", "filerName": "Confidence LPG Bottling Pvt. Ltd.", "filerRelation": "Institution- Corporation", "moneyText": "", "startDate": "2018-12-24", "ownership": "D"}, {"maxAge": 1, "shares": 33054, "filerUrl": "", "transactionText": "", "filerName": "Confidence LPG Bottling Pvt. Ltd.", "filerRelation": "Institution- Corporation", "moneyText": "", "startDate": "2018-12-21", "ownership": "D"}, {"maxAge": 1, "shares": 13903, "filerUrl": "", "transactionText": "", "filerName": "Confidence LPG Bottling Pvt. Ltd.", "filerRelation": "Institution- Corporation", "moneyText": "", "startDate": "2018-12-17", "ownership": "D"}, {"maxAge": 1, "shares": 42000, "filerUrl": "", "transactionText": "", "filerName": "Confidence LPG Bottling Pvt. Ltd.", "filerRelation": "Institution- Corporation", "moneyText": "", "startDate": "2018-12-10", "ownership": "D"}, {"maxAge": 1, "shares": 67000, "filerUrl": "", "transactionText": "", "filerName": "Confidence LPG Bottling Pvt. Ltd.", "filerRelation": "Institution- Corporation", "moneyText": "", "startDate": "2018-12-03", "ownership": "D"}, {"maxAge": 1, "shares": 30000, "filerUrl": "", "transactionText": "", "filerName": "Essenn Lpg Bottling Pvt. Ltd.", "filerRelation": "Promoter", "moneyText": "", "startDate": "2018-12-03", "ownership": "D"}, {"maxAge": 1, "shares": 11500, "filerUrl": "", "transactionText": "", "filerName": "Essenn Lpg Bottling Pvt. Ltd.", "filerRelation": "Promoter", "moneyText": "", "startDate": "2018-11-22", "ownership": "D"}, {"maxAge": 1, "shares": 27000, "filerUrl": "", "transactionText": "", "filerName": "Essenn Lpg Bottling Pvt. Ltd.", "filerRelation": "Promoter", "moneyText": "", "startDate": "2018-11-05", "ownership": "D"}, {"maxAge": 1, "shares": 199921, "filerUrl": "", "transactionText": "", "filerName": "Essenn Lpg Bottling Pvt. Ltd.", "filerRelation": "Promoter", "moneyText": "", "startDate": "2018-11-02", "ownership": "D"}, {"maxAge": 1, "shares": 74675, "filerUrl": "", "transactionText": "", "filerName": "Essenn Lpg Bottling Pvt. Ltd.", "filerRelation": "Promoter", "moneyText": "", "startDate": "2018-10-31", "ownership": "D"}, {"maxAge": 1, "shares": 121773, "filerUrl": "", "transactionText": "", "filerName": "Essenn Lpg Bottling Pvt. Ltd.", "filerRelation": "Promoter", "moneyText": "", "startDate": "2018-10-29", "ownership": "D"}], "maxAge": 1}, "quoteType": {"exchange": "BSE", "quoteType": "EQUITY", "symbol": "CONFIPET.BO", "underlyingSymbol": "CONFIPET.BO", "shortName": "CONFIDENCE PETROLEUM INDIA LTD", "longName": "Confidence Petroleum India Limited", "firstTradeDateEpochUtc": "2002-01-14 09:15:00", "timeZoneFullName": "Asia/Kolkata", "timeZoneShortName": "IST", "uuid": "69f5e1be-d780-3c88-90f3-86fd36ca3cac", "messageBoardId": null, "gmtOffSetMilliseconds": 19800000, "maxAge": 1}, "incomeStatementHistory": {"incomeStatementHistory": [{"maxAge": 1, "endDate": "2020-03-31", "totalRevenue": 10788388000, "costOfRevenue": 8186597000, "grossProfit": 2601791000, "researchDevelopment": {}, "sellingGeneralAdministrative": 505970000, "nonRecurring": {}, "otherOperatingExpenses": 821592000, "totalOperatingExpenses": 10023829000, "operatingIncome": 764559000, "totalOtherIncomeExpenseNet": -70331000, "ebit": 764559000, "interestExpense": -103094000, "incomeBeforeTax": 694228000, "incomeTaxExpense": 169688000, "minorityInterest": 213391000, "netIncomeFromContinuingOps": 524540000, "discontinuedOperations": {}, "extraordinaryItems": {}, "effectOfAccountingCharges": {}, "otherItems": {}, "netIncome": 524129000, "netIncomeApplicableToCommonShares": 524129000}, {"maxAge": 1, "endDate": "2019-03-31", "totalRevenue": 10045300000, "costOfRevenue": 7430042000, "grossProfit": 2615258000, "researchDevelopment": {}, "sellingGeneralAdministrative": 415901000, "nonRecurring": {}, "otherOperatingExpenses": 933485000, "totalOperatingExpenses": 9077381000, "operatingIncome": 967919000, "totalOtherIncomeExpenseNet": -38765000, "ebit": 967919000, "interestExpense": -95460000, "incomeBeforeTax": 929154000, "incomeTaxExpense": 260767000, "minorityInterest": 211727000, "netIncomeFromContinuingOps": 668387000, "discontinuedOperations": {}, "extraordinaryItems": {}, "effectOfAccountingCharges": {}, "otherItems": {}, "netIncome": 668027000, "netIncomeApplicableToCommonShares": 668027000}, {"maxAge": 1, "endDate": "2018-03-31", "totalRevenue": 6067491511, "costOfRevenue": 4453855709, "grossProfit": 1613635802, "researchDevelopment": {}, "sellingGeneralAdministrative": 229497580, "nonRecurring": {}, "otherOperatingExpenses": 670152512, "totalOperatingExpenses": 5598523307, "operatingIncome": 468968204, "totalOtherIncomeExpenseNet": -82659826, "ebit": 468968204, "interestExpense": -113428646, "incomeBeforeTax": 378751310, "incomeTaxExpense": 110231406, "minorityInterest": 193911897, "netIncomeFromContinuingOps": 268519904, "discontinuedOperations": {}, "extraordinaryItems": {}, "effectOfAccountingCharges": {}, "otherItems": {}, "netIncome": 268159662, "netIncomeApplicableToCommonShares": 268159662}, {"maxAge": 1, "endDate": "2017-03-31", "totalRevenue": 4968969893, "costOfRevenue": 3610486885, "grossProfit": 1358483008, "researchDevelopment": {}, "sellingGeneralAdministrative": 215201216, "nonRecurring": {}, "otherOperatingExpenses": 725461603, "totalOperatingExpenses": 4792747527, "operatingIncome": 176222366, "totalOtherIncomeExpenseNet": -105365595, "ebit": 176222366, "interestExpense": -105128994, "incomeBeforeTax": 70856771, "incomeTaxExpense": 20682366, "minorityInterest": 169848285, "netIncomeFromContinuingOps": 50174405, "discontinuedOperations": {}, "extraordinaryItems": {}, "effectOfAccountingCharges": {}, "otherItems": {}, "netIncome": 50041693, "netIncomeApplicableToCommonShares": 50041693}], "maxAge": 86400}, "fundOwnership": {"maxAge": 1, "ownershipList": [{"maxAge": 1, "reportDate": "2020-06-30", "organization": "Alps Series Tr-Seven Canyons World Innovators Fd", "pctHeld": 0.0037, "position": 1000000, "value": 19450000}, {"maxAge": 1, "reportDate": "2020-06-30", "organization": "Alps Series Tr-Seven Canyons Strategic Income Fd", "pctHeld": 0.0022, "position": 607000, "value": 11806150}]}, "summaryDetail": {"maxAge": 1, "priceHint": 2, "previousClose": 53.8, "open": 55.75, "dayLow": 54.95, "dayHigh": 63.8, "regularMarketPreviousClose": 53.8, "regularMarketOpen": 55.75, "regularMarketDayLow": 54.95, "regularMarketDayHigh": 63.8, "trailingPE": 58.356808, "forwardPE": 69.83147, "volume": 1780172, "regularMarketVolume": 1780172, "averageVolume": 364087, "averageVolume10days": 89176, "averageDailyVolume10Day": 89176, "bid": 61.8, "ask": 62.15, "bidSize": 0, "askSize": 0, "marketCap": 17018846208, "fiftyTwoWeekLow": 12.85, "fiftyTwoWeekHigh": 63.8, "fiftyDayAverage": 41.764286, "twoHundredDayAverage": 29.731752, "trailingAnnualDividendRate": 0.0, "trailingAnnualDividendYield": 0.0, "currency": "INR", "fromCurrency": null, "toCurrency": null, "lastMarket": null, "algorithm": null, "tradeable": false}, "sectorTrend": {"maxAge": 1, "symbol": null, "estimates": []}, "incomeStatementHistoryQuarterly": {"incomeStatementHistory": [{"maxAge": 1, "endDate": "2020-06-30", "totalRevenue": 928300000, "costOfRevenue": 674000000, "grossProfit": 254300000, "researchDevelopment": {}, "sellingGeneralAdministrative": 76100000, "nonRecurring": {}, "otherOperatingExpenses": 137000000, "totalOperatingExpenses": 1008800000, "operatingIncome": -80500000, "totalOtherIncomeExpenseNet": -13400000, "ebit": -80500000, "interestExpense": -22200000, "incomeBeforeTax": -93900000, "incomeTaxExpense": -23800000, "minorityInterest": {}, "netIncomeFromContinuingOps": -70100000, "discontinuedOperations": {}, "extraordinaryItems": {}, "effectOfAccountingCharges": {}, "otherItems": {}, "netIncome": -70200000, "netIncomeApplicableToCommonShares": -70200000}, {"maxAge": 1, "endDate": "2020-03-31", "totalRevenue": 2657960000, "costOfRevenue": 2075913000, "grossProfit": 582047000, "researchDevelopment": {}, "sellingGeneralAdministrative": 174167000, "nonRecurring": {}, "otherOperatingExpenses": 184053000, "totalOperatingExpenses": 2572998000, "operatingIncome": 84962000, "totalOtherIncomeExpenseNet": -26834000, "ebit": 84962000, "interestExpense": -20406000, "incomeBeforeTax": 58128000, "incomeTaxExpense": 12438000, "minorityInterest": 213391000, "netIncomeFromContinuingOps": 45690000, "discontinuedOperations": {}, "extraordinaryItems": {}, "effectOfAccountingCharges": {}, "otherItems": {}, "netIncome": 45635000, "netIncomeApplicableToCommonShares": 45635000}, {"maxAge": 1, "endDate": "2019-12-31", "totalRevenue": 2561936000, "costOfRevenue": 1834575000, "grossProfit": 727361000, "researchDevelopment": {}, "sellingGeneralAdministrative": 128966000, "nonRecurring": {}, "otherOperatingExpenses": 211612000, "totalOperatingExpenses": 2305504000, "operatingIncome": 256432000, "totalOtherIncomeExpenseNet": -16072000, "ebit": 256432000, "interestExpense": -26724000, "incomeBeforeTax": 240360000, "incomeTaxExpense": 59797000, "minorityInterest": 213391000, "netIncomeFromContinuingOps": 180563000, "discontinuedOperations": {}, "extraordinaryItems": {}, "effectOfAccountingCharges": {}, "otherItems": {}, "netIncome": 180439000, "netIncomeApplicableToCommonShares": 180439000}, {"maxAge": 1, "endDate": "2019-09-30", "totalRevenue": 2769563000, "costOfRevenue": 2125781000, "grossProfit": 643782000, "researchDevelopment": {}, "sellingGeneralAdministrative": 113770000, "nonRecurring": {}, "otherOperatingExpenses": 215327000, "totalOperatingExpenses": 2575224000, "operatingIncome": 194339000, "totalOtherIncomeExpenseNet": -14456000, "ebit": 194339000, "interestExpense": -27878000, "incomeBeforeTax": 179883000, "incomeTaxExpense": 34826000, "minorityInterest": 211751000, "netIncomeFromContinuingOps": 145057000, "discontinuedOperations": {}, "extraordinaryItems": {}, "effectOfAccountingCharges": {}, "otherItems": {}, "netIncome": 144935000, "netIncomeApplicableToCommonShares": 144935000}], "maxAge": 86400}, "cashflowStatementHistoryQuarterly": {"cashflowStatements": [{"maxAge": 1, "endDate": "2020-06-30", "netIncome": -70200000, "changeToLiabilities": 0}, {"maxAge": 1, "endDate": "2020-03-31", "netIncome": 45635000, "changeToLiabilities": 0}, {"maxAge": 1, "endDate": "2019-12-31", "netIncome": 180439000, "changeToLiabilities": 0}, {"maxAge": 1, "endDate": "2019-09-30", "netIncome": 144935000, "changeToLiabilities": 0}], "maxAge": 86400}, "insiderHolders": {"holders": [{"maxAge": 1, "name": "Confidence LPG Bottling Pvt. Ltd.", "relation": "Promoter", "url": "", "transactionDescription": "Acquisition", "latestTransDate": "2020-08-03", "positionDirect": 4227151, "positionDirectDate": "2020-08-03"}, {"maxAge": 1, "name": "Essenn Lpg Bottling Pvt. Ltd.", "relation": "Promoter", "url": "", "transactionDescription": "Purchase", "latestTransDate": "2020-08-25", "positionDirect": 3854936, "positionDirectDate": "2020-08-25"}], "maxAge": 1}, "earnings": {"maxAge": 86400, "earningsChart": {"quarterly": [{"date": "4Q2017", "actual": 0.27, "estimate": 0.24}], "currentQuarterEstimateDate": "1Q", "currentQuarterEstimateYear": 2018, "earningsDate": []}, "financialsChart": {"yearly": [{"date": 2017, "revenue": 4968969893, "earnings": 50041693}, {"date": 2018, "revenue": 6067491511, "earnings": 268159662}, {"date": 2019, "revenue": 10045300000, "earnings": 668027000}, {"date": 2020, "revenue": 10788388000, "earnings": 524129000}], "quarterly": [{"date": "3Q2019", "revenue": 2769563000, "earnings": 144935000}, {"date": "4Q2019", "revenue": 2561936000, "earnings": 180439000}, {"date": "1Q2020", "revenue": 2657960000, "earnings": 45635000}, {"date": "2Q2020", "revenue": 928300000, "earnings": -70200000}]}, "financialCurrency": "INR"}, "calendarEvents": {"maxAge": 1, "earnings": {"earningsDate": []}}, "price": {"maxAge": 1, "regularMarketChangePercent": 0.1552045, "regularMarketChange": 8.350002, "regularMarketTime": "2021-04-30 15:52:26", "priceHint": 2, "regularMarketPrice": 62.15, "regularMarketDayHigh": 63.8, "regularMarketDayLow": 54.95, "regularMarketVolume": 1780172, "averageDailyVolume10Day": 89176, "averageDailyVolume3Month": 364087, "regularMarketPreviousClose": 53.8, "regularMarketSource": "FREE_REALTIME", "regularMarketOpen": 55.75, "exchange": "BSE", "exchangeName": "BSE", "exchangeDataDelayedBy": 0, "marketState": "CLOSED", "quoteType": "EQUITY", "symbol": "CONFIPET.BO", "underlyingSymbol": null, "shortName": "CONFIDENCE PETROLEUM INDIA LTD", "longName": "Confidence Petroleum India Limited", "currency": "INR", "quoteSourceName": "Delayed Quote", "currencySymbol": "\u20b9", "fromCurrency": null, "toCurrency": null, "lastMarket": null, "marketCap": 17018846208}, "balanceSheetHistory": {"balanceSheetStatements": [{"maxAge": 1, "endDate": "2020-03-31", "cash": 103868000, "shortTermInvestments": 436883000, "netReceivables": 760541000, "inventory": 738301000, "otherCurrentAssets": 229643000, "totalCurrentAssets": 2269236000, "longTermInvestments": 160352000, "propertyPlantEquipment": 4083077000, "otherAssets": 537079000, "totalAssets": 7049744000, "accountsPayable": 244133000, "shortLongTermDebt": 22696000, "otherCurrentLiab": 70134000, "longTermDebt": 344688000, "otherLiab": 1294759000, "minorityInterest": 213391000, "totalCurrentLiabilities": 720502000, "totalLiab": 2359949000, "commonStock": 273835000, "treasuryStock": 4202569000, "otherStockholderEquity": 4202569000, "totalStockholderEquity": 4476404000, "netTangibleAssets": 4476404000}, {"maxAge": 1, "endDate": "2019-03-31", "cash": 102567406, "shortTermInvestments": 403969000, "netReceivables": 576864000, "inventory": 767630000, "otherCurrentAssets": 157083594, "totalCurrentAssets": 2008114000, "longTermInvestments": 146845000, "propertyPlantEquipment": 3753125000, "otherAssets": 291016000, "totalAssets": 6199100000, "accountsPayable": 216782000, "shortLongTermDebt": 18344000, "otherCurrentLiab": 44640000, "longTermDebt": 370076000, "otherLiab": 1018280000, "minorityInterest": 211727000, "totalCurrentLiabilities": 679517000, "totalLiab": 2067873000, "commonStock": 273835000, "treasuryStock": 3645665000, "otherStockholderEquity": 3645665000, "totalStockholderEquity": 3919500000, "netTangibleAssets": 3919500000}, {"maxAge": 1, "endDate": "2018-03-31", "cash": 91624659, "shortTermInvestments": 187098761, "netReceivables": 621782656, "inventory": 614008299, "otherCurrentAssets": 129650388, "totalCurrentAssets": 1644164763, "longTermInvestments": 128043178, "propertyPlantEquipment": 2664545912, "otherAssets": 322956937, "totalAssets": 4759710790, "accountsPayable": 285282506, "shortLongTermDebt": 4284193, "otherCurrentLiab": 125544980, "longTermDebt": 308200794, "otherLiab": 707797805, "minorityInterest": 193911897, "totalCurrentLiabilities": 1019926008, "totalLiab": 2035924607, "commonStock": 258835000, "treasuryStock": 2271039286, "otherStockholderEquity": 2271039286, "totalStockholderEquity": 2529874286, "netTangibleAssets": 2529874286}, {"maxAge": 1, "endDate": "2017-03-31", "cash": 32475295, "shortTermInvestments": 183078081, "netReceivables": 614159055, "inventory": 541157515, "otherCurrentAssets": 100583317, "totalCurrentAssets": 1471453263, "longTermInvestments": 98330441, "propertyPlantEquipment": 2276773265, "otherAssets": 225601358, "totalAssets": 4072158327, "accountsPayable": 287522336, "shortLongTermDebt": 3111111, "otherCurrentLiab": 53046858, "longTermDebt": 671514246, "otherLiab": 584428136, "minorityInterest": 169848285, "totalCurrentLiabilities": 828500033, "totalLiab": 2084442415, "commonStock": 258835000, "treasuryStock": 1559032627, "otherStockholderEquity": 1559032627, "totalStockholderEquity": 1817867627, "netTangibleAssets": 1817867627}], "maxAge": 86400}, "earningsTrend": {"trend": [{"maxAge": 1, "period": "0q", "endDate": "2018-03-31", "growth": {}, "earningsEstimate": {"avg": 0.0, "low": 0.0, "high": 0.0, "yearAgoEps": {}, "numberOfAnalysts": 0, "growth": {}}, "revenueEstimate": {"avg": 0, "low": 0, "high": 0, "numberOfAnalysts": 0, "yearAgoRevenue": {}, "growth": {}}, "epsTrend": {"current": 0.0, "7daysAgo": 0.0, "30daysAgo": 0.0, "60daysAgo": 0.0, "90daysAgo": 0.0}, "epsRevisions": {"upLast7days": 0, "upLast30days": 0, "downLast30days": 0, "downLast90days": {}}}, {"maxAge": 1, "period": "+1q", "endDate": "2018-06-30", "growth": {}, "earningsEstimate": {"avg": 0.0, "low": 0.0, "high": 0.0, "yearAgoEps": {}, "numberOfAnalysts": 0, "growth": {}}, "revenueEstimate": {"avg": 0, "low": 0, "high": 0, "numberOfAnalysts": 0, "yearAgoRevenue": {}, "growth": {}}, "epsTrend": {"current": 0.0, "7daysAgo": 0.0, "30daysAgo": 0.0, "60daysAgo": 0.0, "90daysAgo": 0.0}, "epsRevisions": {"upLast7days": 0, "upLast30days": 0, "downLast30days": 0, "downLast90days": {}}}, {"maxAge": 1, "period": "0y", "endDate": "2018-03-31", "growth": {}, "earningsEstimate": {"avg": 0.0, "low": 0.0, "high": 0.0, "yearAgoEps": {}, "numberOfAnalysts": 0, "growth": {}}, "revenueEstimate": {"avg": 6067490000, "low": 5664630000, "high": 5664630000, "numberOfAnalysts": 1, "yearAgoRevenue": {}, "growth": {}}, "epsTrend": {"current": 0.0, "7daysAgo": 0.7, "30daysAgo": 0.7, "60daysAgo": 0.7, "90daysAgo": 0.7}, "epsRevisions": {"upLast7days": 0, "upLast30days": 0, "downLast30days": 0, "downLast90days": {}}}, {"maxAge": 1, "period": "+1y", "endDate": "2019-03-31", "growth": {}, "earningsEstimate": {"avg": 0.0, "low": 0.0, "high": 0.0, "yearAgoEps": {}, "numberOfAnalysts": 0, "growth": {}}, "revenueEstimate": {"avg": 6514320000, "low": 6514320000, "high": 6514320000, "numberOfAnalysts": 1, "yearAgoRevenue": 6067490000, "growth": 0.074}, "epsTrend": {"current": 0.0, "7daysAgo": 0.89, "30daysAgo": 0.89, "60daysAgo": 0.89, "90daysAgo": 0.89}, "epsRevisions": {"upLast7days": 0, "upLast30days": 0, "downLast30days": 0, "downLast90days": {}}}, {"maxAge": 1, "period": "+5y", "endDate": null, "growth": {}, "earningsEstimate": {"avg": {}, "low": {}, "high": {}, "yearAgoEps": {}, "numberOfAnalysts": {}, "growth": {}}, "revenueEstimate": {"avg": {}, "low": {}, "high": {}, "numberOfAnalysts": {}, "yearAgoRevenue": {}, "growth": {}}, "epsTrend": {"current": {}, "7daysAgo": {}, "30daysAgo": {}, "60daysAgo": {}, "90daysAgo": {}}, "epsRevisions": {"upLast7days": {}, "upLast30days": {}, "downLast30days": {}, "downLast90days": {}}}, {"maxAge": 1, "period": "-5y", "endDate": null, "growth": {}, "earningsEstimate": {"avg": {}, "low": {}, "high": {}, "yearAgoEps": {}, "numberOfAnalysts": {}, "growth": {}}, "revenueEstimate": {"avg": {}, "low": {}, "high": {}, "numberOfAnalysts": {}, "yearAgoRevenue": {}, "growth": {}}, "epsTrend": {"current": {}, "7daysAgo": {}, "30daysAgo": {}, "60daysAgo": {}, "90daysAgo": {}}, "epsRevisions": {"upLast7days": {}, "upLast30days": {}, "downLast30days": {}, "downLast90days": {}}}], "maxAge": 1}, "financialData": {"maxAge": 86400, "currentPrice": 62.15, "targetHighPrice": 20.0, "targetLowPrice": 20.0, "targetMeanPrice": 20.0, "targetMedianPrice": 20.0, "recommendationKey": "none", "numberOfAnalystOpinions": 1, "grossProfits": 2601791000, "financialCurrency": "INR"}}}