{"CONSOFINVT.NS": {"assetProfile": {"address1": "Local Shopping Complex", "address2": "Plot No. 12 Sector B-1 Vasant Kunj", "city": "New Delhi", "zip": "110070", "country": "India", "phone": "91 11 4032 2100", "website": "http://www.consofinvest.com", "industry": "Capital Markets", "sector": "Financial Services", "longBusinessSummary": "Consolidated Finvest & Holdings Limited operates as a non-banking financial company in India. The company invests in shares, stocks, bonds, debentures, mutual funds, and inter corporate deposits and loans. It also provides loans. The company was incorporated in 1993 and is headquartered in New Delhi, India.", "fullTimeEmployees": 2, "companyOfficers": [{"maxAge": 1, "name": "Mr. Sanjiv Kumar Agarwal", "age": 56, "title": "MD & Exec. Director", "yearBorn": 1964, "fiscalYear": 2020, "totalPay": 9000, "exercisedValue": 0, "unexercisedValue": 0}, {"maxAge": 1, "name": "Mr. Sumit Kumar Parundiya", "age": 34, "title": "Chief Financial Officer", "yearBorn": 1986, "exercisedValue": 0, "unexercisedValue": 0}, {"maxAge": 1, "name": "Mr. Anil  Kaushal", "age": 59, "title": "Compliance Officer & Company Sec.", "yearBorn": 1961, "exercisedValue": 0, "unexercisedValue": 0}, {"maxAge": 1, "name": "Mr. Vinod Kumar Gupta", "age": 56, "title": "Gen. Mang. of Accounts", "yearBorn": 1964, "exercisedValue": 0, "unexercisedValue": 0}], "compensationAsOfEpochDate": "2020-12-31 05:30:00", "maxAge": 86400}, "cashflowStatementHistory": {"cashflowStatements": [{"maxAge": 1, "endDate": "2020-03-31", "netIncome": 1222159000, "depreciation": 183000, "changeToNetincome": -1215810000, "changeToLiabilities": 143000, "changeToOperatingActivities": 352227000, "totalCashFromOperatingActivities": 358902000, "investments": 127348000, "otherCashflowsFromInvestingActivities": 13060000, "totalCashflowsFromInvestingActivities": 141708000, "otherCashflowsFromFinancingActivities": -473000, "totalCashFromFinancingActivities": -473000, "changeInCash": 500137000}, {"maxAge": 1, "endDate": "2019-03-31", "netIncome": -1622479000, "depreciation": 256000, "changeToNetincome": 1685305000, "changeToLiabilities": -124000, "changeToOperatingActivities": -113387000, "totalCashFromOperatingActivities": -50429000, "capitalExpenditures": -330000, "investments": 10560000, "otherCashflowsFromInvestingActivities": 13067000, "totalCashflowsFromInvestingActivities": 38543000, "otherCashflowsFromFinancingActivities": -283000, "totalCashFromFinancingActivities": -283000, "changeInCash": -12170000}, {"maxAge": 1, "endDate": "2018-03-31", "netIncome": 15581203, "depreciation": 279245, "changeToNetincome": 11170161, "changeToLiabilities": -55330, "changeToOperatingActivities": 449788485, "totalCashFromOperatingActivities": 476763764, "capitalExpenditures": -330000, "investments": -500694579, "otherCashflowsFromInvestingActivities": 13067008, "totalCashflowsFromInvestingActivities": -469071779, "otherCashflowsFromFinancingActivities": -283000, "totalCashFromFinancingActivities": -283000, "changeInCash": 7691985}, {"maxAge": 1, "endDate": "2017-03-31", "netIncome": 691802402, "depreciation": 449676, "changeToNetincome": -761162371, "changeToLiabilities": 171317, "changeToOperatingActivities": 86962745, "totalCashFromOperatingActivities": 18223769, "capitalExpenditures": -330000, "investments": -63250571, "otherCashflowsFromInvestingActivities": 16256998, "totalCashflowsFromInvestingActivities": -25353573, "netBorrowings": -893697, "otherCashflowsFromFinancingActivities": -283000, "totalCashFromFinancingActivities": -893697, "changeInCash": -8023501}], "maxAge": 86400}, "institutionOwnership": {"maxAge": 1, "ownershipList": []}, "majorHoldersBreakdown": {"maxAge": 1}, "balanceSheetHistoryQuarterly": {"balanceSheetStatements": [{"maxAge": 1, "endDate": "2020-12-31", "totalStockholderEquity": 12091200000, "netTangibleAssets": 12091200000}, {"maxAge": 1, "endDate": "2020-09-30", "cash": 1145200000, "netReceivables": 107400000, "otherCurrentAssets": 127700000, "totalCurrentAssets": 1380300000, "longTermInvestments": 10922200000, "propertyPlantEquipment": 10500000, "otherAssets": 183300000, "deferredLongTermAssetCharges": 182100000, "totalAssets": 12496300000, "accountsPayable": 200000, "otherCurrentLiab": 46400000, "longTermDebt": 5300000, "otherLiab": 52100000, "minorityInterest": 301100000, "totalCurrentLiabilities": 46600000, "totalLiab": 104000000, "commonStock": 323300000, "treasuryStock": 11767900000, "otherStockholderEquity": 11767900000, "totalStockholderEquity": 12091200000, "netTangibleAssets": 12091200000}, {"maxAge": 1, "endDate": "2020-06-30", "totalStockholderEquity": 10901400000, "netTangibleAssets": 10901400000}, {"maxAge": 1, "endDate": "2020-03-31", "cash": 501308000, "netReceivables": 146639000, "otherCurrentAssets": 126849000, "totalCurrentAssets": 2171768000, "longTermInvestments": 8920087000, "propertyPlantEquipment": 8652000, "otherAssets": 209949000, "deferredLongTermAssetCharges": 207902000, "totalAssets": 11310456000, "accountsPayable": 205000, "otherCurrentLiab": 38183000, "longTermDebt": 5300000, "otherLiab": 52370000, "minorityInterest": 312806000, "totalCurrentLiabilities": 38610000, "totalLiab": 96280000, "commonStock": 323264000, "retainedEarnings": 7793993000, "treasuryStock": 953208000, "capitalSurplus": 1830905000, "otherStockholderEquity": 953208000, "totalStockholderEquity": 10901370000, "netTangibleAssets": 10901370000}], "maxAge": 86400}, "indexTrend": {"maxAge": 1, "symbol": "SP5", "peRatio": 19.7411, "pegRatio": 1.34172, "estimates": [{"period": "0q", "growth": 0.549}, {"period": "+1q", "growth": 0.431}, {"period": "0y", "growth": 0.305}, {"period": "+1y", "growth": 0.109}, {"period": "+5y", "growth": 0.120865}, {"period": "-5y"}]}, "defaultKeyStatistics": {"maxAge": 1, "priceHint": 2, "enterpriseValue": 1006965568, "profitMargins": 6.98867, "floatShares": 4948979, "sharesOutstanding": 32326400, "beta": 0.941525, "category": null, "bookValue": 374.023, "priceToBook": 0.1526644, "fundFamily": null, "legalType": null, "lastFiscalYearEnd": "2020-03-31 05:30:00", "nextFiscalYearEnd": "2022-03-31 05:30:00", "mostRecentQuarter": "2020-12-31 05:30:00", "earningsQuarterlyGrowth": 0.555, "netIncomeToCommon": 1874670976, "trailingEps": 57.991, "lastSplitFactor": null, "enterpriseToRevenue": 3.754, "enterpriseToEbitda": 11.578, "52WeekChange": 1.3211381, "SandP52WeekChange": 0.48148263, "lastDividendValue": 0.5, "lastDividendDate": 1347580800}, "summaryProfile": {"address1": "Local Shopping Complex", "address2": "Plot No. 12 Sector B-1 Vasant Kunj", "city": "New Delhi", "zip": "110070", "country": "India", "phone": "91 11 4032 2100", "website": "http://www.consofinvest.com", "industry": "Capital Markets", "sector": "Financial Services", "longBusinessSummary": "Consolidated Finvest & Holdings Limited operates as a non-banking financial company in India. The company invests in shares, stocks, bonds, debentures, mutual funds, and inter corporate deposits and loans. It also provides loans. The company was incorporated in 1993 and is headquartered in New Delhi, India.", "fullTimeEmployees": 2, "companyOfficers": [], "maxAge": 86400}, "netSharePurchaseActivity": {"maxAge": 1, "period": "6m", "buyInfoCount": 0, "buyInfoShares": 0, "sellInfoCount": 0, "netInfoCount": 0, "netInfoShares": 0, "totalInsiderShares": 0}, "quoteType": {"exchange": "NSI", "quoteType": "EQUITY", "symbol": "CONSOFINVT.NS", "underlyingSymbol": "CONSOFINVT.NS", "shortName": "CONSOLIDATED FINVE", "longName": "Consolidated Finvest & Holdings Limited", "firstTradeDateEpochUtc": "2002-07-01 09:15:00", "timeZoneFullName": "Asia/Kolkata", "timeZoneShortName": "IST", "uuid": "abbdfc71-a15a-301c-9430-1e8d9ac00e70", "messageBoardId": "finmb_22820652", "gmtOffSetMilliseconds": 19800000, "maxAge": 1}, "incomeStatementHistory": {"incomeStatementHistory": [{"maxAge": 1, "endDate": "2020-03-31", "totalRevenue": 214714000, "costOfRevenue": 0, "grossProfit": 214714000, "researchDevelopment": {}, "sellingGeneralAdministrative": 1953000, "nonRecurring": {}, "otherOperatingExpenses": 2632000, "totalOperatingExpenses": 4769000, "operatingIncome": 209945000, "totalOtherIncomeExpenseNet": 1066870000, "ebit": 209945000, "interestExpense": -8000, "incomeBeforeTax": 1276815000, "incomeTaxExpense": 50018000, "minorityInterest": 312806000, "netIncomeFromContinuingOps": 1226797000, "discontinuedOperations": -212000, "extraordinaryItems": {}, "effectOfAccountingCharges": {}, "otherItems": {}, "netIncome": 1222159000, "netIncomeApplicableToCommonShares": 1222159000}, {"maxAge": 1, "endDate": "2019-03-31", "totalRevenue": 161009000, "costOfRevenue": 31000, "grossProfit": 160978000, "researchDevelopment": {}, "sellingGeneralAdministrative": 2233000, "nonRecurring": {}, "otherOperatingExpenses": 56862000, "totalOperatingExpenses": 59389000, "operatingIncome": 101620000, "totalOtherIncomeExpenseNet": -1739830000, "ebit": 101620000, "interestExpense": -117000, "incomeBeforeTax": -1638210000, "incomeTaxExpense": 31647000, "minorityInterest": 308380000, "netIncomeFromContinuingOps": -1669857000, "discontinuedOperations": -212000, "extraordinaryItems": {}, "effectOfAccountingCharges": {}, "otherItems": {}, "netIncome": -1622479000, "netIncomeApplicableToCommonShares": -1622479000}, {"maxAge": 1, "endDate": "2018-03-31", "totalRevenue": 76483562, "costOfRevenue": -1378865, "grossProfit": 77862427, "researchDevelopment": {}, "sellingGeneralAdministrative": 6562396, "nonRecurring": {}, "otherOperatingExpenses": 337511, "totalOperatingExpenses": 5800288, "operatingIncome": 70683274, "totalOtherIncomeExpenseNet": -62626672, "ebit": 70683274, "interestExpense": -17547, "incomeBeforeTax": 8056602, "incomeTaxExpense": 22043002, "minorityInterest": 396460185, "netIncomeFromContinuingOps": -13986400, "discontinuedOperations": -196150, "extraordinaryItems": {}, "effectOfAccountingCharges": {}, "otherItems": {}, "netIncome": 15581203, "netIncomeApplicableToCommonShares": 15581202}, {"maxAge": 1, "endDate": "2017-03-31", "totalRevenue": 265605073, "costOfRevenue": 246192, "grossProfit": 265358881, "researchDevelopment": {}, "sellingGeneralAdministrative": 10461997, "nonRecurring": {}, "otherOperatingExpenses": 416886, "totalOperatingExpenses": 11574751, "operatingIncome": 254030322, "totalOtherIncomeExpenseNet": 540308948, "ebit": 254030322, "interestExpense": -2089261, "incomeBeforeTax": 794339270, "incomeTaxExpense": 84007317, "minorityInterest": 426223937, "netIncomeFromContinuingOps": 710331953, "discontinuedOperations": -196150, "extraordinaryItems": {}, "effectOfAccountingCharges": {}, "otherItems": {}, "netIncome": 691802402, "netIncomeApplicableToCommonShares": 691802402}], "maxAge": 86400}, "fundOwnership": {"maxAge": 1, "ownershipList": []}, "summaryDetail": {"maxAge": 1, "priceHint": 2, "previousClose": 57.05, "open": 56.0, "dayLow": 55.65, "dayHigh": 59.15, "regularMarketPreviousClose": 57.05, "regularMarketOpen": 56.0, "regularMarketDayLow": 55.65, "regularMarketDayHigh": 59.15, "exDividendDate": "2012-09-14 05:30:00", "payoutRatio": 0.0, "beta": 0.941525, "trailingPE": 0.9846355, "volume": 24467, "regularMarketVolume": 24467, "averageVolume": 16208, "averageVolume10days": 17540, "averageDailyVolume10Day": 17540, "bid": 0.0, "ask": 0.0, "bidSize": 0, "askSize": 0, "marketCap": 1845837440, "fiftyTwoWeekLow": 22.5, "fiftyTwoWeekHigh": 63.0, "priceToSalesTrailing12Months": 6.881958, "fiftyDayAverage": 56.316666, "twoHundredDayAverage": 43.79468, "currency": "INR", "fromCurrency": null, "toCurrency": null, "lastMarket": null, "algorithm": null, "tradeable": false}, "incomeStatementHistoryQuarterly": {"incomeStatementHistory": [{"maxAge": 1, "endDate": "2020-12-31", "totalRevenue": 78200000, "costOfRevenue": 0, "grossProfit": 78200000, "researchDevelopment": {}, "sellingGeneralAdministrative": 400000, "nonRecurring": {}, "otherOperatingExpenses": 1100000, "totalOperatingExpenses": 1500000, "operatingIncome": 76700000, "totalOtherIncomeExpenseNet": 452200000, "ebit": 76700000, "interestExpense": {}, "incomeBeforeTax": 528900000, "incomeTaxExpense": 12100000, "minorityInterest": {}, "netIncomeFromContinuingOps": 516800000, "discontinuedOperations": -100000, "extraordinaryItems": {}, "effectOfAccountingCharges": {}, "otherItems": {}, "netIncome": 513000000, "netIncomeApplicableToCommonShares": 513000000}, {"maxAge": 1, "endDate": "2020-09-30", "totalRevenue": 55000000, "costOfRevenue": 0, "grossProfit": 55000000, "researchDevelopment": {}, "sellingGeneralAdministrative": 400000, "nonRecurring": {}, "otherOperatingExpenses": 1000000, "totalOperatingExpenses": 1400000, "operatingIncome": 53600000, "totalOtherIncomeExpenseNet": 707500000, "ebit": 53600000, "interestExpense": {}, "incomeBeforeTax": 761100000, "incomeTaxExpense": 14600000, "minorityInterest": 301100000, "netIncomeFromContinuingOps": 746500000, "discontinuedOperations": -100000, "extraordinaryItems": {}, "effectOfAccountingCharges": {}, "otherItems": {}, "netIncome": 744500000, "netIncomeApplicableToCommonShares": 744500000}, {"maxAge": 1, "endDate": "2020-06-30", "totalRevenue": 69000000, "costOfRevenue": 0, "grossProfit": 69000000, "researchDevelopment": {}, "sellingGeneralAdministrative": 400000, "nonRecurring": {}, "otherOperatingExpenses": 177700000, "totalOperatingExpenses": 178200000, "operatingIncome": -109200000, "totalOtherIncomeExpenseNet": 566500000, "ebit": -109200000, "interestExpense": {}, "incomeBeforeTax": 457300000, "incomeTaxExpense": 26200000, "minorityInterest": 301100000, "netIncomeFromContinuingOps": 431100000, "discontinuedOperations": -100000, "extraordinaryItems": {}, "effectOfAccountingCharges": {}, "otherItems": {}, "netIncome": 431000000, "netIncomeApplicableToCommonShares": 431000000}, {"maxAge": 1, "endDate": "2020-03-31", "totalRevenue": 66014000, "costOfRevenue": 0, "grossProfit": 66014000, "researchDevelopment": {}, "sellingGeneralAdministrative": 753000, "nonRecurring": {}, "otherOperatingExpenses": -568000, "totalOperatingExpenses": 269000, "operatingIncome": 65745000, "totalOtherIncomeExpenseNet": 130870000, "ebit": 65745000, "interestExpense": -8000, "incomeBeforeTax": 196615000, "incomeTaxExpense": 28118000, "minorityInterest": 312806000, "netIncomeFromContinuingOps": 168497000, "discontinuedOperations": -12000, "extraordinaryItems": {}, "effectOfAccountingCharges": {}, "otherItems": {}, "netIncome": 164059000, "netIncomeApplicableToCommonShares": 164059000}], "maxAge": 86400}, "cashflowStatementHistoryQuarterly": {"cashflowStatements": [{"maxAge": 1, "endDate": "2020-12-31", "netIncome": 513000000, "changeToLiabilities": 0}, {"maxAge": 1, "endDate": "2020-09-30", "netIncome": 744500000, "changeToLiabilities": 0}, {"maxAge": 1, "endDate": "2020-06-30", "netIncome": 431000000, "changeToLiabilities": 0}, {"maxAge": 1, "endDate": "2020-03-31", "netIncome": 164059000, "changeToLiabilities": 0}], "maxAge": 86400}, "insiderHolders": {"holders": [], "maxAge": 1}, "calendarEvents": {"maxAge": 1, "earnings": {"earningsDate": []}, "exDividendDate": "2012-09-14 05:30:00"}, "price": {"maxAge": 1, "regularMarketChangePercent": 0.0008764108, "regularMarketChange": 0.049999237, "regularMarketTime": "2021-04-30 15:27:35", "priceHint": 2, "regularMarketPrice": 57.1, "regularMarketDayHigh": 59.15, "regularMarketDayLow": 55.65, "regularMarketVolume": 24467, "averageDailyVolume10Day": 17540, "averageDailyVolume3Month": 16208, "regularMarketPreviousClose": 57.05, "regularMarketSource": "FREE_REALTIME", "regularMarketOpen": 56.0, "exchange": "NSI", "exchangeName": "NSE", "exchangeDataDelayedBy": 15, "marketState": "CLOSED", "quoteType": "EQUITY", "symbol": "CONSOFINVT.NS", "underlyingSymbol": null, "shortName": "CONSOLIDATED FINVE", "longName": "Consolidated Finvest & Holdings Limited", "currency": "INR", "quoteSourceName": "Delayed Quote", "currencySymbol": "\u20b9", "fromCurrency": null, "toCurrency": null, "lastMarket": null, "marketCap": 1845837440}, "balanceSheetHistory": {"balanceSheetStatements": [{"maxAge": 1, "endDate": "2020-03-31", "cash": 501308000, "netReceivables": 146639000, "otherCurrentAssets": 126849000, "totalCurrentAssets": 2171768000, "longTermInvestments": 8920087000, "propertyPlantEquipment": 8652000, "otherAssets": 209949000, "deferredLongTermAssetCharges": 207902000, "totalAssets": 11310456000, "accountsPayable": 205000, "otherCurrentLiab": 38183000, "longTermDebt": 5300000, "otherLiab": 52370000, "minorityInterest": 312806000, "totalCurrentLiabilities": 38610000, "totalLiab": 96280000, "commonStock": 323264000, "retainedEarnings": 7793993000, "treasuryStock": 953208000, "capitalSurplus": 1830905000, "otherStockholderEquity": 953208000, "totalStockholderEquity": 10901370000, "netTangibleAssets": 10901370000}, {"maxAge": 1, "endDate": "2019-03-31", "cash": 1171000, "netReceivables": 499598000, "otherCurrentAssets": 180260000, "totalCurrentAssets": 1419237000, "longTermInvestments": 9583187000, "propertyPlantEquipment": 8935000, "otherAssets": 250355000, "deferredLongTermAssetCharges": 248016000, "totalAssets": 11261714000, "accountsPayable": 63000, "otherCurrentLiab": 86872000, "longTermDebt": 5300000, "otherLiab": 52958000, "minorityInterest": 308380000, "totalCurrentLiabilities": 87266000, "totalLiab": 145524000, "commonStock": 323264000, "retainedEarnings": 7698190000, "treasuryStock": 955451000, "capitalSurplus": 1830905000, "otherStockholderEquity": 955451000, "totalStockholderEquity": 10807810000, "netTangibleAssets": 10807810000}, {"maxAge": 1, "endDate": "2018-03-31", "cash": 14097225, "shortTermInvestments": 604121438, "netReceivables": 125990748, "otherCurrentAssets": 186393242, "totalCurrentAssets": 930605714, "longTermInvestments": 11969902949, "propertyPlantEquipment": 12883621, "goodWill": 1338826352, "otherAssets": 219616912, "deferredLongTermAssetCharges": 4897971, "totalAssets": 14471835548, "accountsPayable": 186088, "otherCurrentLiab": 97585391, "longTermDebt": 5300000, "otherLiab": 329576, "minorityInterest": 396460185, "totalCurrentLiabilities": 97777889, "totalLiab": 103407465, "commonStock": 323263660, "retainedEarnings": 10056694781, "treasuryStock": 1761104957, "capitalSurplus": 1830904500, "otherStockholderEquity": 1761104957, "totalStockholderEquity": 13971967898, "netTangibleAssets": 12633141546}, {"maxAge": 1, "endDate": "2017-03-31", "cash": 6405240, "shortTermInvestments": 586111737, "netReceivables": 319305141, "otherCurrentAssets": 260428099, "totalCurrentAssets": 1172250217, "longTermInvestments": 11536995238, "propertyPlantEquipment": 21754340, "goodWill": 1345654229, "otherAssets": 474938974, "deferredLongTermAssetCharges": 5211284, "totalAssets": 14551592998, "accountsPayable": 241418, "otherCurrentLiab": 163905109, "longTermDebt": 5300000, "otherLiab": 410663, "minorityInterest": 426223937, "totalCurrentLiabilities": 164155330, "totalLiab": 169865993, "commonStock": 323263660, "retainedEarnings": 10040229951, "treasuryStock": 1761104957, "capitalSurplus": 1830904500, "otherStockholderEquity": 1761104957, "totalStockholderEquity": 13955503068, "netTangibleAssets": 12609848839}], "maxAge": 86400}, "financialData": {"maxAge": 86400, "currentPrice": 57.1, "recommendationKey": "none", "totalCash": 1145200000, "totalCashPerShare": 35.428, "ebitda": 86973248, "totalDebt": 5300000, "totalRevenue": 268214000, "debtToEquity": 0.043, "revenuePerShare": 8.298, "grossProfits": 214714000, "earningsGrowth": 0.554, "revenueGrowth": 0.704, "grossMargins": 1.0, "ebitdaMargins": 0.32426998, "operatingMargins": 0.32379, "profitMargins": 6.98867, "financialCurrency": "INR"}}}