{"CONTPTR.BO": {"cashflowStatementHistory": {"cashflowStatements": [{"maxAge": 1, "endDate": "2020-03-31", "netIncome": 13506379, "depreciation": 2968998, "changeToNetincome": 11859727, "changeToAccountReceivables": 13660122, "changeToLiabilities": -19304834, "changeToInventory": 32874100, "changeToOperatingActivities": -20550495, "totalCashFromOperatingActivities": 35013996, "capitalExpenditures": -35786290, "totalCashflowsFromInvestingActivities": -35786290, "otherCashflowsFromFinancingActivities": -11740156, "totalCashFromFinancingActivities": -11740156, "changeInCash": -12512450}, {"maxAge": 1, "endDate": "2019-03-31", "netIncome": 7155016, "depreciation": 3387602, "changeToNetincome": 20639188, "changeToAccountReceivables": 34019946, "changeToLiabilities": 10099735, "changeToInventory": -29900395, "changeToOperatingActivities": -8858387, "totalCashFromOperatingActivities": 36542705, "capitalExpenditures": -14029245, "totalCashflowsFromInvestingActivities": -13215039, "otherCashflowsFromFinancingActivities": -20418427, "totalCashFromFinancingActivities": -20418427, "changeInCash": 2909239}, {"maxAge": 1, "endDate": "2018-03-31", "netIncome": 9443629, "depreciation": 3096712, "changeToNetincome": 7629451, "changeToAccountReceivables": -58130343, "changeToLiabilities": 58420276, "changeToInventory": -30150998, "changeToOperatingActivities": 25075774, "totalCashFromOperatingActivities": 15384501, "capitalExpenditures": -4860915, "totalCashflowsFromInvestingActivities": -4002112, "otherCashflowsFromFinancingActivities": -7521408, "totalCashFromFinancingActivities": -7521408, "changeInCash": 3860981}, {"maxAge": 1, "endDate": "2017-03-31", "netIncome": 4720601, "depreciation": 2320979, "changeToNetincome": -1873994, "changeToAccountReceivables": -5714447, "changeToLiabilities": 75712464, "changeToInventory": -57395406, "changeToOperatingActivities": -6254373, "totalCashFromOperatingActivities": 11515824, "capitalExpenditures": -6617998, "totalCashflowsFromInvestingActivities": -6617998, "netBorrowings": 10363926, "otherCashflowsFromFinancingActivities": 1803213, "totalCashFromFinancingActivities": 12167139, "changeInCash": 17064965}], "maxAge": 86400}, "institutionOwnership": {"maxAge": 1, "ownershipList": []}, "balanceSheetHistoryQuarterly": {"balanceSheetStatements": [{"maxAge": 1, "endDate": "2020-06-30", "totalStockholderEquity": 111214990, "netTangibleAssets": 111214990}, {"maxAge": 1, "endDate": "2020-03-31", "cash": 730091, "shortTermInvestments": 13829866, "netReceivables": 93920604, "inventory": 145879609, "otherCurrentAssets": 24703870, "totalCurrentAssets": 279064040, "propertyPlantEquipment": 71838094, "otherAssets": 677520, "totalAssets": 351579654, "accountsPayable": 132232152, "otherCurrentLiab": 16150490, "longTermDebt": 19558352, "otherLiab": 2540045, "totalCurrentLiabilities": 218266269, "totalLiab": 240364666, "commonStock": 27803120, "retainedEarnings": 79149370, "treasuryStock": 35200, "capitalSurplus": 4227300, "otherStockholderEquity": 35200, "totalStockholderEquity": 111214990, "netTangibleAssets": 111214990}, {"maxAge": 1, "endDate": "2019-12-31", "totalStockholderEquity": 100728000, "netTangibleAssets": 100728000}, {"maxAge": 1, "endDate": "2019-09-30", "cash": 16508000, "netReceivables": 149131000, "inventory": 112101000, "otherCurrentAssets": 54167000, "totalCurrentAssets": 331907000, "propertyPlantEquipment": 56715000, "otherAssets": 663000, "totalAssets": 389285000, "accountsPayable": 197058000, "otherCurrentLiab": 18370000, "longTermDebt": 18217000, "otherLiab": 5197000, "totalCurrentLiabilities": 265143000, "totalLiab": 288557000, "commonStock": 27803000, "treasuryStock": 72925000, "otherStockholderEquity": 72925000, "totalStockholderEquity": 100728000, "netTangibleAssets": 100728000}], "maxAge": 86400}, "indexTrend": {"maxAge": 1, "symbol": "SP5", "peRatio": 19.7411, "pegRatio": 1.34172, "estimates": [{"period": "0q", "growth": 0.549}, {"period": "+1q", "growth": 0.431}, {"period": "0y", "growth": 0.305}, {"period": "+1y", "growth": 0.109}, {"period": "+5y", "growth": 0.120859005}, {"period": "-5y"}]}, "quoteType": {"exchange": "BSE", "quoteType": "EQUITY", "symbol": "CONTPTR.BO", "underlyingSymbol": "CONTPTR.BO", "shortName": "CONTINENTAL PETROLEUMS LTD.", "longName": "Continental Petroleums Limited", "firstTradeDateEpochUtc": "2000-01-03 09:15:00", "timeZoneFullName": "Asia/Kolkata", "timeZoneShortName": "IST", "uuid": "18330eab-d9dc-343d-8b03-6bd0c0a40c98", "messageBoardId": null, "gmtOffSetMilliseconds": 19800000, "maxAge": 1}, "incomeStatementHistory": {"incomeStatementHistory": [{"maxAge": 1, "endDate": "2020-03-31", "totalRevenue": 422860609, "costOfRevenue": 368772562, "grossProfit": 54088047, "researchDevelopment": {}, "sellingGeneralAdministrative": 10703025, "nonRecurring": {}, "otherOperatingExpenses": 12850911, "totalOperatingExpenses": 395295496, "operatingIncome": 27565113, "totalOtherIncomeExpenseNet": -8480163, "ebit": 27565113, "interestExpense": -11516640, "incomeBeforeTax": 19084950, "incomeTaxExpense": 5578571, "minorityInterest": {}, "netIncomeFromContinuingOps": 13506379, "discontinuedOperations": {}, "extraordinaryItems": {}, "effectOfAccountingCharges": {}, "otherItems": {}, "netIncome": 13506379, "netIncomeApplicableToCommonShares": 13506379}, {"maxAge": 1, "endDate": "2019-03-31", "totalRevenue": 493305650, "costOfRevenue": 444893699, "grossProfit": 48411951, "researchDevelopment": {}, "sellingGeneralAdministrative": 8560519, "nonRecurring": {}, "otherOperatingExpenses": 10804416, "totalOperatingExpenses": 467646236, "operatingIncome": 25659414, "totalOtherIncomeExpenseNet": -15070139, "ebit": 25659414, "interestExpense": -17422006, "incomeBeforeTax": 10589275, "incomeTaxExpense": 3434259, "minorityInterest": {}, "netIncomeFromContinuingOps": 7155016, "discontinuedOperations": {}, "extraordinaryItems": {}, "effectOfAccountingCharges": {}, "otherItems": {}, "netIncome": 7155016, "netIncomeApplicableToCommonShares": 7155016}, {"maxAge": 1, "endDate": "2018-03-31", "totalRevenue": 551850783, "costOfRevenue": 507624356, "grossProfit": 44226427, "researchDevelopment": {}, "sellingGeneralAdministrative": 10258167, "nonRecurring": {}, "otherOperatingExpenses": 12793125, "totalOperatingExpenses": 533772360, "operatingIncome": 18078423, "totalOtherIncomeExpenseNet": -4024840, "ebit": 18078423, "interestExpense": -6329616, "incomeBeforeTax": 14053583, "incomeTaxExpense": 4609954, "minorityInterest": {}, "netIncomeFromContinuingOps": 9443629, "discontinuedOperations": {}, "extraordinaryItems": {}, "effectOfAccountingCharges": {}, "otherItems": {}, "netIncome": 9443629, "netIncomeApplicableToCommonShares": 9443629}, {"maxAge": 1, "endDate": "2017-03-31", "totalRevenue": 229143900, "costOfRevenue": 193399028, "grossProfit": 35744872, "researchDevelopment": {}, "sellingGeneralAdministrative": 6011700, "nonRecurring": {}, "otherOperatingExpenses": 15958025, "totalOperatingExpenses": 217689732, "operatingIncome": 11454168, "totalOtherIncomeExpenseNet": -5001135, "ebit": 11454168, "interestExpense": -1159592, "incomeBeforeTax": 6453033, "incomeTaxExpense": 1732432, "minorityInterest": {}, "netIncomeFromContinuingOps": 4720601, "discontinuedOperations": {}, "extraordinaryItems": {}, "effectOfAccountingCharges": {}, "otherItems": {}, "netIncome": 4720601, "netIncomeApplicableToCommonShares": 4720601}], "maxAge": 86400}, "fundOwnership": {"maxAge": 1, "ownershipList": []}, "summaryDetail": {"maxAge": 1, "priceHint": 2, "previousClose": 46.1, "open": 43.85, "dayLow": 43.8, "dayHigh": 48.4, "regularMarketPreviousClose": 46.1, "regularMarketOpen": 43.85, "regularMarketDayLow": 43.8, "regularMarketDayHigh": 48.4, "trailingPE": 8.336328, "volume": 17774, "regularMarketVolume": 17774, "averageVolume": 5721, "averageVolume10days": 8282, "averageDailyVolume10Day": 8282, "bid": 46.3, "ask": 48.1, "bidSize": 0, "askSize": 0, "marketCap": 129006392, "fiftyTwoWeekLow": 5.27, "fiftyTwoWeekHigh": 50.8, "fiftyDayAverage": 20.486765, "twoHundredDayAverage": 26.302647, "currency": "INR", "fromCurrency": null, "toCurrency": null, "lastMarket": null, "algorithm": null, "tradeable": false}, "incomeStatementHistoryQuarterly": {"incomeStatementHistory": [{"maxAge": 1, "endDate": "2020-06-30", "totalRevenue": 101726000, "costOfRevenue": 91460000, "grossProfit": 10266000, "researchDevelopment": {}, "sellingGeneralAdministrative": 2562000, "nonRecurring": {}, "otherOperatingExpenses": 1837000, "totalOperatingExpenses": 96601000, "operatingIncome": 5125000, "totalOtherIncomeExpenseNet": -1644000, "ebit": 5125000, "interestExpense": -1644000, "incomeBeforeTax": 3481000, "incomeTaxExpense": 940000, "minorityInterest": {}, "netIncomeFromContinuingOps": 2541000, "discontinuedOperations": {}, "extraordinaryItems": {}, "effectOfAccountingCharges": {}, "otherItems": {}, "netIncome": 2541000, "netIncomeApplicableToCommonShares": 2541000}, {"maxAge": 1, "endDate": "2020-03-31", "totalRevenue": 126340609, "costOfRevenue": 104736562, "grossProfit": 21604047, "researchDevelopment": {}, "sellingGeneralAdministrative": 3890025, "nonRecurring": {}, "otherOperatingExpenses": 3128911, "totalOperatingExpenses": 112084496, "operatingIncome": 14256113, "totalOtherIncomeExpenseNet": -1688163, "ebit": 14256113, "interestExpense": -4724640, "incomeBeforeTax": 12567950, "incomeTaxExpense": 3949571, "minorityInterest": {}, "netIncomeFromContinuingOps": 8618379, "discontinuedOperations": {}, "extraordinaryItems": {}, "effectOfAccountingCharges": {}, "otherItems": {}, "netIncome": 8618379, "netIncomeApplicableToCommonShares": 8618379}, {"maxAge": 1, "endDate": "2019-12-31", "totalRevenue": 75168000, "costOfRevenue": 64026000, "grossProfit": 11142000, "researchDevelopment": {}, "sellingGeneralAdministrative": 2534000, "nonRecurring": {}, "otherOperatingExpenses": 3413000, "totalOperatingExpenses": 70919000, "operatingIncome": 4249000, "totalOtherIncomeExpenseNet": -1812000, "ebit": 4249000, "interestExpense": -1812000, "incomeBeforeTax": 2437000, "incomeTaxExpense": 609000, "minorityInterest": {}, "netIncomeFromContinuingOps": 1828000, "discontinuedOperations": {}, "extraordinaryItems": {}, "effectOfAccountingCharges": {}, "otherItems": {}, "netIncome": 1828000, "netIncomeApplicableToCommonShares": 1828000}, {"maxAge": 1, "endDate": "2019-09-30", "totalRevenue": 56862000, "costOfRevenue": 46784000, "grossProfit": 10078000, "researchDevelopment": {}, "sellingGeneralAdministrative": 2134000, "nonRecurring": {}, "otherOperatingExpenses": 3464000, "totalOperatingExpenses": 53226000, "operatingIncome": 3636000, "totalOtherIncomeExpenseNet": -2672000, "ebit": 3636000, "interestExpense": -2672000, "incomeBeforeTax": 964000, "incomeTaxExpense": 251000, "minorityInterest": {}, "netIncomeFromContinuingOps": 713000, "discontinuedOperations": {}, "extraordinaryItems": {}, "effectOfAccountingCharges": {}, "otherItems": {}, "netIncome": 713000, "netIncomeApplicableToCommonShares": 713000}], "maxAge": 86400}, "cashflowStatementHistoryQuarterly": {"cashflowStatements": [{"maxAge": 1, "endDate": "2020-06-30", "netIncome": 2541000, "changeToLiabilities": 0}, {"maxAge": 1, "endDate": "2020-03-31", "netIncome": 8618379, "changeToLiabilities": 0}, {"maxAge": 1, "endDate": "2019-12-31", "netIncome": 1828000, "changeToLiabilities": 0}, {"maxAge": 1, "endDate": "2019-09-30", "netIncome": 713000, "changeToLiabilities": 0}], "maxAge": 86400}, "insiderHolders": {"holders": [], "maxAge": 1}, "calendarEvents": {"maxAge": 1, "earnings": {"earningsDate": []}}, "price": {"maxAge": 1, "regularMarketChangePercent": 0.0065076584, "regularMarketChange": 0.30000305, "regularMarketTime": "2021-04-30 15:22:03", "priceHint": 2, "regularMarketPrice": 46.4, "regularMarketDayHigh": 48.4, "regularMarketDayLow": 43.8, "regularMarketVolume": 17774, "averageDailyVolume10Day": 8282, "averageDailyVolume3Month": 5721, "regularMarketPreviousClose": 46.1, "regularMarketSource": "FREE_REALTIME", "regularMarketOpen": 43.85, "exchange": "BSE", "exchangeName": "BSE", "exchangeDataDelayedBy": 0, "marketState": "CLOSED", "quoteType": "EQUITY", "symbol": "CONTPTR.BO", "underlyingSymbol": null, "shortName": "CONTINENTAL PETROLEUMS LTD.", "longName": "Continental Petroleums Limited", "currency": "INR", "quoteSourceName": "Delayed Quote", "currencySymbol": "\u20b9", "fromCurrency": null, "toCurrency": null, "lastMarket": null, "marketCap": 129006392}, "balanceSheetHistory": {"balanceSheetStatements": [{"maxAge": 1, "endDate": "2020-03-31", "cash": 730091, "shortTermInvestments": 13829866, "netReceivables": 93920604, "inventory": 145879609, "otherCurrentAssets": 24703870, "totalCurrentAssets": 279064040, "propertyPlantEquipment": 71838094, "otherAssets": 677520, "totalAssets": 351579654, "accountsPayable": 132232152, "otherCurrentLiab": 16150490, "longTermDebt": 19558352, "otherLiab": 2540045, "totalCurrentLiabilities": 218266269, "totalLiab": 240364666, "commonStock": 27803120, "retainedEarnings": 79149370, "treasuryStock": 35200, "capitalSurplus": 4227300, "otherStockholderEquity": 35200, "totalStockholderEquity": 111214990, "netTangibleAssets": 111214990}, {"maxAge": 1, "endDate": "2019-03-31", "cash": 106997, "shortTermInvestments": 26965410, "netReceivables": 128336480, "inventory": 174317314, "otherCurrentAssets": 2672683, "totalCurrentAssets": 332398884, "propertyPlantEquipment": 39023951, "otherAssets": 692400, "totalAssets": 372115235, "accountsPayable": 151536986, "otherCurrentLiab": 3941376, "longTermDebt": 12313617, "otherLiab": 2420474, "totalCurrentLiabilities": 259672533, "totalLiab": 274406624, "commonStock": 27803120, "retainedEarnings": 65642991, "treasuryStock": 35200, "capitalSurplus": 4227300, "otherStockholderEquity": 35200, "totalStockholderEquity": 97708611, "netTangibleAssets": 97708611}, {"maxAge": 1, "endDate": "2018-03-31", "cash": 253812, "shortTermInvestments": 23909356, "netReceivables": 134235714, "inventory": 146110930, "otherCurrentAssets": 3015229, "totalCurrentAssets": 307525780, "longTermInvestments": 674120, "propertyPlantEquipment": 29196483, "otherAssets": 674120, "totalAssets": 337396383, "accountsPayable": 141437251, "otherCurrentLiab": 49677137, "longTermDebt": 4677378, "otherLiab": 2199682, "totalCurrentLiabilities": 239965728, "totalLiab": 246842788, "commonStock": 27803120, "retainedEarnings": 58487975, "treasuryStock": 35200, "capitalSurplus": 4227300, "otherStockholderEquity": 35200, "totalStockholderEquity": 90553595, "netTangibleAssets": 90553595}, {"maxAge": 1, "endDate": "2017-03-31", "cash": 802666, "shortTermInvestments": 19499521, "netReceivables": 69054172, "inventory": 112153286, "otherCurrentAssets": 676904, "totalCurrentAssets": 202186549, "propertyPlantEquipment": 28291084, "otherAssets": 2277510, "totalAssets": 232755143, "accountsPayable": 83016975, "otherCurrentLiab": 48244195, "longTermDebt": 2987697, "otherLiab": 2091639, "totalCurrentLiabilities": 146565841, "totalLiab": 151645177, "commonStock": 27803120, "retainedEarnings": 49044346, "treasuryStock": 35200, "capitalSurplus": 4227300, "otherStockholderEquity": 35200, "totalStockholderEquity": 81109966, "netTangibleAssets": 81109966}], "maxAge": 86400}, "financialData": {"maxAge": 86400, "currentPrice": 46.4, "recommendationKey": "none", "grossProfits": 54088047, "financialCurrency": "INR"}}}