{"CONTILI.BO": {"cashflowStatementHistory": {"cashflowStatements": [{"maxAge": 1, "endDate": "2020-03-31", "netIncome": 2179290, "depreciation": 202257, "changeToNetincome": -270723, "changeToAccountReceivables": -6688184, "changeToLiabilities": 7457, "changeToInventory": -2282348, "changeToOperatingActivities": 579412, "totalCashFromOperatingActivities": -6272839, "investments": 1173951, "otherCashflowsFromInvestingActivities": 3603690, "totalCashflowsFromInvestingActivities": 4777641, "otherCashflowsFromFinancingActivities": -115467, "totalCashFromFinancingActivities": -115467, "changeInCash": -1610665}, {"maxAge": 1, "endDate": "2019-03-31", "netIncome": 2639803, "depreciation": 205624, "changeToNetincome": 778338, "changeToAccountReceivables": -5489925, "changeToLiabilities": 2616554, "changeToInventory": -1535005, "changeToOperatingActivities": 1646496, "totalCashFromOperatingActivities": 861885, "capitalExpenditures": -791088, "investments": 920354, "otherCashflowsFromInvestingActivities": 795198, "totalCashflowsFromInvestingActivities": 924464, "otherCashflowsFromFinancingActivities": -108191, "totalCashFromFinancingActivities": -108191, "changeInCash": 1678159}, {"maxAge": 1, "endDate": "2018-03-31", "netIncome": 1455882, "depreciation": 110153, "changeToNetincome": -832109, "changeToAccountReceivables": -7195462, "changeToLiabilities": -784637, "changeToInventory": -92162, "changeToOperatingActivities": -841981, "totalCashFromOperatingActivities": -8180316, "capitalExpenditures": -117327, "investments": -2847282, "otherCashflowsFromInvestingActivities": 11113840, "totalCashflowsFromInvestingActivities": 8149231, "otherCashflowsFromFinancingActivities": -65783, "totalCashFromFinancingActivities": -65783, "changeInCash": -96868}, {"maxAge": 1, "endDate": "2017-03-31", "netIncome": 842352, "depreciation": 120765, "changeToNetincome": -1693687, "changeToAccountReceivables": -509346, "changeToLiabilities": 3857052, "changeToInventory": -3654309, "changeToOperatingActivities": -351885, "totalCashFromOperatingActivities": -1389059, "capitalExpenditures": -179054, "investments": 77483, "otherCashflowsFromInvestingActivities": 1709314, "totalCashflowsFromInvestingActivities": 1607743, "otherCashflowsFromFinancingActivities": 58517, "totalCashFromFinancingActivities": 58517, "changeInCash": 277201}], "maxAge": 86400}, "institutionOwnership": {"maxAge": 1, "ownershipList": []}, "balanceSheetHistoryQuarterly": {"balanceSheetStatements": [{"maxAge": 1, "endDate": "2020-06-30", "totalStockholderEquity": 53963000, "netTangibleAssets": 53963000}, {"maxAge": 1, "endDate": "2020-03-31", "cash": 646020, "netReceivables": 35469981, "inventory": 7920073, "otherCurrentAssets": 4024009, "totalCurrentAssets": 48244569, "longTermInvestments": 9608536, "propertyPlantEquipment": 1929439, "otherAssets": 2665249, "deferredLongTermAssetCharges": 2515249, "totalAssets": 62447793, "accountsPayable": 6544944, "otherCurrentLiab": 373465, "otherLiab": 1565915, "totalCurrentLiabilities": 6918409, "totalLiab": 8484324, "commonStock": 30944000, "retainedEarnings": 22508471, "treasuryStock": 510997, "otherStockholderEquity": 510997, "totalStockholderEquity": 53963468, "netTangibleAssets": 53963468}, {"maxAge": 1, "endDate": "2019-12-31", "totalStockholderEquity": 59050000, "netTangibleAssets": 59050000}, {"maxAge": 1, "endDate": "2019-09-30", "cash": 3565000, "shortTermInvestments": 160000, "netReceivables": 30488000, "inventory": 9662000, "otherCurrentAssets": 471000, "totalCurrentAssets": 44346000, "longTermInvestments": 19380000, "propertyPlantEquipment": 2023000, "otherAssets": 949000, "totalAssets": 66698000, "accountsPayable": 6224000, "otherCurrentLiab": 1307000, "otherLiab": 117000, "totalCurrentLiabilities": 7531000, "totalLiab": 7648000, "commonStock": 30944000, "treasuryStock": 28106000, "otherStockholderEquity": 28106000, "totalStockholderEquity": 59050000, "netTangibleAssets": 59050000}], "maxAge": 86400}, "indexTrend": {"maxAge": 1, "symbol": "SP5", "peRatio": 19.7411, "pegRatio": 1.34172, "estimates": [{"period": "0q", "growth": 0.549}, {"period": "+1q", "growth": 0.431}, {"period": "0y", "growth": 0.305}, {"period": "+1y", "growth": 0.109}, {"period": "+5y", "growth": 0.120859005}, {"period": "-5y"}]}, "quoteType": {"exchange": "BSE", "quoteType": "EQUITY", "symbol": "CONTILI.BO", "underlyingSymbol": "CONTILI.BO", "shortName": "CONTIL INDIA LTD.", "longName": "Contil India Limited", "firstTradeDateEpochUtc": "2000-01-03 09:15:00", "timeZoneFullName": "Asia/Kolkata", "timeZoneShortName": "IST", "uuid": "a4d862e2-1a35-3c5c-a6be-be6af10d46e1", "messageBoardId": null, "gmtOffSetMilliseconds": 19800000, "maxAge": 1}, "incomeStatementHistory": {"incomeStatementHistory": [{"maxAge": 1, "endDate": "2020-03-31", "totalRevenue": 86657996, "costOfRevenue": 75478656, "grossProfit": 11179340, "researchDevelopment": {}, "sellingGeneralAdministrative": 2396350, "nonRecurring": {}, "otherOperatingExpenses": 6583126, "totalOperatingExpenses": 84660389, "operatingIncome": 1997607, "totalOtherIncomeExpenseNet": 1161489, "ebit": 1997607, "interestExpense": {}, "incomeBeforeTax": 3159096, "incomeTaxExpense": 979806, "minorityInterest": {}, "netIncomeFromContinuingOps": 2179290, "discontinuedOperations": {}, "extraordinaryItems": {}, "effectOfAccountingCharges": {}, "otherItems": {}, "netIncome": 2179290, "netIncomeApplicableToCommonShares": 2179290}, {"maxAge": 1, "endDate": "2019-03-31", "totalRevenue": 77410555, "costOfRevenue": 63336984, "grossProfit": 14073571, "researchDevelopment": {}, "sellingGeneralAdministrative": 2105171, "nonRecurring": {}, "otherOperatingExpenses": 10586288, "totalOperatingExpenses": 76234067, "operatingIncome": 1176488, "totalOtherIncomeExpenseNet": 2236134, "ebit": 1176488, "interestExpense": {}, "incomeBeforeTax": 3412622, "incomeTaxExpense": 772819, "minorityInterest": {}, "netIncomeFromContinuingOps": 2639803, "discontinuedOperations": {}, "extraordinaryItems": {}, "effectOfAccountingCharges": {}, "otherItems": {}, "netIncome": 2639803, "netIncomeApplicableToCommonShares": 2639803}, {"maxAge": 1, "endDate": "2018-03-31", "totalRevenue": 52372652, "costOfRevenue": 41621772, "grossProfit": 10750880, "researchDevelopment": {}, "sellingGeneralAdministrative": 1971915, "nonRecurring": {}, "otherOperatingExpenses": 7413074, "totalOperatingExpenses": 51116914, "operatingIncome": 1255738, "totalOtherIncomeExpenseNet": 554921, "ebit": 1255738, "interestExpense": {}, "incomeBeforeTax": 1810659, "incomeTaxExpense": 354777, "minorityInterest": {}, "netIncomeFromContinuingOps": 1455882, "discontinuedOperations": {}, "extraordinaryItems": {}, "effectOfAccountingCharges": {}, "otherItems": {}, "netIncome": 1455882, "netIncomeApplicableToCommonShares": 1455882}, {"maxAge": 1, "endDate": "2017-03-31", "totalRevenue": 6707628, "costOfRevenue": 39206, "grossProfit": 6668422, "researchDevelopment": {}, "sellingGeneralAdministrative": 1367274, "nonRecurring": {}, "otherOperatingExpenses": 4069860, "totalOperatingExpenses": 5597104, "operatingIncome": 1110524, "totalOtherIncomeExpenseNet": -1382, "ebit": 1110524, "interestExpense": -1382, "incomeBeforeTax": 1109142, "incomeTaxExpense": 266790, "minorityInterest": {}, "netIncomeFromContinuingOps": 842352, "discontinuedOperations": {}, "extraordinaryItems": {}, "effectOfAccountingCharges": {}, "otherItems": {}, "netIncome": 842352, "netIncomeApplicableToCommonShares": 842352}], "maxAge": 86400}, "fundOwnership": {"maxAge": 1, "ownershipList": []}, "summaryDetail": {"maxAge": 1, "priceHint": 2, "previousClose": 12.56, "open": 12.56, "dayLow": 12.56, "dayHigh": 12.56, "regularMarketPreviousClose": 12.56, "regularMarketOpen": 12.56, "regularMarketDayLow": 12.56, "regularMarketDayHigh": 12.56, "trailingPE": 14.470047, "volume": 10, "regularMarketVolume": 10, "averageVolume": 788, "averageVolume10days": 292, "averageDailyVolume10Day": 292, "bid": 11.97, "ask": 12.56, "bidSize": 0, "askSize": 0, "marketCap": 38865664, "fiftyTwoWeekLow": 4.75, "fiftyTwoWeekHigh": 14.1, "fiftyDayAverage": 10.600572, "twoHundredDayAverage": 9.707591, "currency": "INR", "fromCurrency": null, "toCurrency": null, "lastMarket": null, "algorithm": null, "tradeable": false}, "incomeStatementHistoryQuarterly": {"incomeStatementHistory": [{"maxAge": 1, "endDate": "2020-06-30", "totalRevenue": 23333330, "costOfRevenue": 20288630, "grossProfit": 3044700, "researchDevelopment": {}, "sellingGeneralAdministrative": 2431000, "nonRecurring": {}, "otherOperatingExpenses": 974410, "totalOperatingExpenses": 23745040, "operatingIncome": -411710, "totalOtherIncomeExpenseNet": 1201920, "ebit": -411710, "interestExpense": -26960, "incomeBeforeTax": 790210, "incomeTaxExpense": 0, "minorityInterest": {}, "netIncomeFromContinuingOps": 790210, "discontinuedOperations": {}, "extraordinaryItems": {}, "effectOfAccountingCharges": {}, "otherItems": {}, "netIncome": 790210, "netIncomeApplicableToCommonShares": 790210}, {"maxAge": 1, "endDate": "2020-03-31", "totalRevenue": 14884056, "costOfRevenue": 15156716, "grossProfit": -272660, "researchDevelopment": {}, "sellingGeneralAdministrative": -5867610, "nonRecurring": {}, "otherOperatingExpenses": 4253526, "totalOperatingExpenses": 13589749, "operatingIncome": 1294307, "totalOtherIncomeExpenseNet": 306919, "ebit": 1294307, "interestExpense": -26960, "incomeBeforeTax": 1601226, "incomeTaxExpense": 979806, "minorityInterest": {}, "netIncomeFromContinuingOps": 621420, "discontinuedOperations": {}, "extraordinaryItems": {}, "effectOfAccountingCharges": {}, "otherItems": {}, "netIncome": 621420, "netIncomeApplicableToCommonShares": 621420}, {"maxAge": 1, "endDate": "2019-12-31", "totalRevenue": 25383590, "costOfRevenue": 21087850, "grossProfit": 4295740, "researchDevelopment": {}, "sellingGeneralAdministrative": 3119910, "nonRecurring": {}, "otherOperatingExpenses": 786910, "totalOperatingExpenses": 25041050, "operatingIncome": 342540, "totalOtherIncomeExpenseNet": 362370, "ebit": 342540, "interestExpense": -39850, "incomeBeforeTax": 704910, "incomeTaxExpense": 0, "minorityInterest": {}, "netIncomeFromContinuingOps": 704910, "discontinuedOperations": {}, "extraordinaryItems": {}, "effectOfAccountingCharges": {}, "otherItems": {}, "netIncome": 704910, "netIncomeApplicableToCommonShares": 704910}, {"maxAge": 1, "endDate": "2019-09-30", "totalRevenue": 25632180, "costOfRevenue": 22564840, "grossProfit": 3067340, "researchDevelopment": {}, "sellingGeneralAdministrative": 2831830, "nonRecurring": {}, "otherOperatingExpenses": 669570, "totalOperatingExpenses": 26120620, "operatingIncome": -488440, "totalOtherIncomeExpenseNet": 1063670, "ebit": -488440, "interestExpense": -80480, "incomeBeforeTax": 575230, "incomeTaxExpense": 0, "minorityInterest": {}, "netIncomeFromContinuingOps": 575230, "discontinuedOperations": {}, "extraordinaryItems": {}, "effectOfAccountingCharges": {}, "otherItems": {}, "netIncome": 575230, "netIncomeApplicableToCommonShares": 575230}], "maxAge": 86400}, "cashflowStatementHistoryQuarterly": {"cashflowStatements": [{"maxAge": 1, "endDate": "2020-06-30", "netIncome": 790210, "changeToLiabilities": 0}, {"maxAge": 1, "endDate": "2020-03-31", "netIncome": 621420, "changeToLiabilities": 0}, {"maxAge": 1, "endDate": "2019-12-31", "netIncome": 704910, "changeToLiabilities": 0}, {"maxAge": 1, "endDate": "2019-09-30", "netIncome": 575230, "changeToLiabilities": 0}], "maxAge": 86400}, "insiderHolders": {"holders": [], "maxAge": 1}, "calendarEvents": {"maxAge": 1, "earnings": {"earningsDate": []}}, "price": {"maxAge": 1, "regularMarketChangePercent": 0.0, "regularMarketChange": 0.0, "regularMarketTime": "2021-04-30 11:15:00", "priceHint": 2, "regularMarketPrice": 12.56, "regularMarketDayHigh": 12.56, "regularMarketDayLow": 12.56, "regularMarketVolume": 10, "averageDailyVolume10Day": 292, "averageDailyVolume3Month": 788, "regularMarketPreviousClose": 12.56, "regularMarketSource": "FREE_REALTIME", "regularMarketOpen": 12.56, "exchange": "BSE", "exchangeName": "BSE", "exchangeDataDelayedBy": 0, "marketState": "CLOSED", "quoteType": "EQUITY", "symbol": "CONTILI.BO", "underlyingSymbol": null, "shortName": "CONTIL INDIA LTD.", "longName": "Contil India Limited", "currency": "INR", "quoteSourceName": "Delayed Quote", "currencySymbol": "\u20b9", "fromCurrency": null, "toCurrency": null, "lastMarket": null, "marketCap": 38865664}, "balanceSheetHistory": {"balanceSheetStatements": [{"maxAge": 1, "endDate": "2020-03-31", "cash": 646020, "netReceivables": 35469981, "inventory": 7920073, "otherCurrentAssets": 4024009, "totalCurrentAssets": 48244569, "longTermInvestments": 9608536, "propertyPlantEquipment": 1929439, "otherAssets": 2665249, "deferredLongTermAssetCharges": 2515249, "totalAssets": 62447793, "accountsPayable": 6544944, "otherCurrentLiab": 373465, "otherLiab": 1565915, "totalCurrentLiabilities": 6918409, "totalLiab": 8484324, "commonStock": 30944000, "retainedEarnings": 22508471, "treasuryStock": 510997, "otherStockholderEquity": 510997, "totalStockholderEquity": 53963468, "netTangibleAssets": 53963468}, {"maxAge": 1, "endDate": "2019-03-31", "cash": 2256682, "netReceivables": 28788141, "inventory": 5637725, "otherCurrentAssets": 6944378, "totalCurrentAssets": 43785540, "longTermInvestments": 19088379, "propertyPlantEquipment": 2131696, "otherAssets": 949624, "deferredLongTermAssetCharges": 799623, "totalAssets": 65955239, "accountsPayable": 6537487, "otherCurrentLiab": 246526, "longTermDebt": 117000, "otherLiab": 973400, "totalCurrentLiabilities": 6784013, "totalLiab": 7757413, "commonStock": 30944000, "retainedEarnings": 20329181, "treasuryStock": 6924645, "otherStockholderEquity": 6924645, "totalStockholderEquity": 58197826, "netTangibleAssets": 58197826}, {"maxAge": 1, "endDate": "2018-03-31", "cash": 578523, "netReceivables": 23291872, "inventory": 4102720, "otherCurrentAssets": 8251916, "totalCurrentAssets": 37242113, "longTermInvestments": 19781809, "propertyPlantEquipment": 1546233, "otherAssets": 1989305, "deferredLongTermAssetCharges": 721812, "totalAssets": 60559460, "accountsPayable": 3920932, "otherCurrentLiab": 692371, "otherLiab": 117000, "totalCurrentLiabilities": 4613303, "totalLiab": 4730303, "commonStock": 30944000, "retainedEarnings": 17689378, "treasuryStock": 7195779, "otherStockholderEquity": 7195779, "totalStockholderEquity": 55829157, "netTangibleAssets": 55829157}, {"maxAge": 1, "endDate": "2017-03-31", "cash": 15675391, "shortTermInvestments": 235747, "netReceivables": 17245821, "inventory": 4010558, "otherCurrentAssets": 10000, "totalCurrentAssets": 37177517, "longTermInvestments": 10904850, "propertyPlantEquipment": 1539059, "otherAssets": 2605410, "totalAssets": 52226836, "accountsPayable": 4480276, "otherCurrentLiab": 226803, "otherLiab": 286812, "totalCurrentLiabilities": 4762652, "totalLiab": 5049464, "commonStock": 30944000, "retainedEarnings": 16233371, "totalStockholderEquity": 47177371, "netTangibleAssets": 47177371}], "maxAge": 86400}, "financialData": {"maxAge": 86400, "currentPrice": 12.56, "recommendationKey": "none", "grossProfits": 11179340, "financialCurrency": "INR"}}}