{"CONTROLPR.BO": {"recommendationTrend": {"trend": [{"period": "0m", "strongBuy": 0, "buy": 0, "hold": 0, "sell": 0, "strongSell": 0}, {"period": "-1m", "strongBuy": 0, "buy": 0, "hold": 0, "sell": 0, "strongSell": 0}, {"period": "-2m", "strongBuy": 0, "buy": 0, "hold": 0, "sell": 0, "strongSell": 0}, {"period": "-3m", "strongBuy": 0, "buy": 0, "hold": 0, "sell": 0, "strongSell": 0}], "maxAge": 86400}, "cashflowStatementHistory": {"cashflowStatements": [{"maxAge": 1, "endDate": "2020-03-31", "netIncome": 263384000, "depreciation": 80871000, "changeToNetincome": -23818000, "changeToAccountReceivables": -27282000, "changeToLiabilities": 16923000, "changeToInventory": -13910000, "changeToOperatingActivities": -40414000, "totalCashFromOperatingActivities": 265155000, "capitalExpenditures": -180499000, "investments": 21188000, "otherCashflowsFromInvestingActivities": 10412000, "totalCashflowsFromInvestingActivities": -148899000, "dividendsPaid": -226420000, "netBorrowings": 15476000, "otherCashflowsFromFinancingActivities": -8655000, "totalCashFromFinancingActivities": -219599000, "changeInCash": -103343000}, {"maxAge": 1, "endDate": "2019-03-31", "netIncome": 297463000, "depreciation": 64782000, "changeToNetincome": -33204000, "changeToAccountReceivables": -45881000, "changeToLiabilities": -23135000, "changeToInventory": 36611000, "changeToOperatingActivities": 34893000, "totalCashFromOperatingActivities": 341035000, "capitalExpenditures": -84676000, "investments": -9868000, "otherCashflowsFromInvestingActivities": 4016000, "totalCashflowsFromInvestingActivities": -90528000, "dividendsPaid": -127977000, "netBorrowings": 15476000, "otherCashflowsFromFinancingActivities": -2650000, "totalCashFromFinancingActivities": -130627000, "changeInCash": 119880000}, {"maxAge": 1, "endDate": "2018-03-31", "netIncome": 313102000, "depreciation": 58952000, "changeToNetincome": -59101000, "changeToAccountReceivables": -81830000, "changeToLiabilities": -5461000, "changeToInventory": -114235000, "changeToOperatingActivities": 14308000, "totalCashFromOperatingActivities": 135256000, "capitalExpenditures": -100888000, "investments": -21643000, "otherCashflowsFromInvestingActivities": 3529000, "totalCashflowsFromInvestingActivities": -119002000, "dividendsPaid": -124989000, "netBorrowings": -147307000, "otherCashflowsFromFinancingActivities": -19365000, "totalCashFromFinancingActivities": 8339000, "changeInCash": 24593000, "issuanceOfStock": 300000000}, {"maxAge": 1, "endDate": "2017-03-31", "netIncome": 194573000, "depreciation": 137213000, "changeToNetincome": -62738000, "changeToAccountReceivables": -1229000, "changeToLiabilities": -30893000, "changeToInventory": -22537000, "changeToOperatingActivities": -41418000, "totalCashFromOperatingActivities": 182638000, "capitalExpenditures": -101006000, "investments": -15007000, "otherCashflowsFromInvestingActivities": 6904000, "totalCashflowsFromInvestingActivities": -109109000, "dividendsPaid": -84955000, "netBorrowings": 16127000, "otherCashflowsFromFinancingActivities": -10588000, "totalCashFromFinancingActivities": -79416000, "changeInCash": -5887000, "issuanceOfStock": 300000000}], "maxAge": 86400}, "institutionOwnership": {"maxAge": 1, "ownershipList": []}, "balanceSheetHistoryQuarterly": {"balanceSheetStatements": [{"maxAge": 1, "endDate": "2020-06-30", "totalStockholderEquity": 2009638000, "netTangibleAssets": 1985302000}, {"maxAge": 1, "endDate": "2020-03-31", "cash": 8547000, "netReceivables": 561630000, "inventory": 632257000, "otherCurrentAssets": 185114000, "totalCurrentAssets": 1540884000, "propertyPlantEquipment": 976155000, "goodWill": 2235000, "intangibleAssets": 22101000, "otherAssets": 22210000, "totalAssets": 2563585000, "accountsPayable": 114131000, "otherCurrentLiab": 194408000, "otherLiab": 183406000, "totalCurrentLiabilities": 326682000, "totalLiab": 553947000, "commonStock": 163317000, "retainedEarnings": 1155663000, "treasuryStock": 173187000, "capitalSurplus": 517471000, "otherStockholderEquity": 173187000, "totalStockholderEquity": 2009638000, "netTangibleAssets": 1985302000}, {"maxAge": 1, "endDate": "2019-12-31", "totalStockholderEquity": 2079579000, "netTangibleAssets": 2051128000}, {"maxAge": 1, "endDate": "2019-09-30", "cash": 19504000, "shortTermInvestments": 470761000, "netReceivables": 490016000, "inventory": 638653000, "otherCurrentAssets": 45593000, "totalCurrentAssets": 1664527000, "longTermInvestments": 19038000, "propertyPlantEquipment": 914379000, "goodWill": 3351000, "intangibleAssets": 25100000, "otherAssets": 1958000, "totalAssets": 2628353000, "accountsPayable": 97889000, "otherCurrentLiab": 221546000, "otherLiab": 224888000, "totalCurrentLiabilities": 323886000, "totalLiab": 548774000, "commonStock": 163317000, "treasuryStock": 1916262000, "otherStockholderEquity": 1916262000, "totalStockholderEquity": 2079579000, "netTangibleAssets": 2051128000}], "maxAge": 86400}, "earningsHistory": {"history": [{"maxAge": 1, "epsActual": {}, "epsEstimate": {}, "epsDifference": {}, "surprisePercent": {}, "quarter": {}, "period": "-4q"}, {"maxAge": 1, "epsActual": 3.88, "epsEstimate": 5.29, "epsDifference": -1.41, "surprisePercent": -0.26700002, "quarter": "2016-03-31", "period": "-3q"}, {"maxAge": 1, "epsActual": 4.33, "epsEstimate": 4.46, "epsDifference": -0.13, "surprisePercent": -0.029000001, "quarter": "2016-09-30", "period": "-2q"}, {"maxAge": 1, "epsActual": 3.46, "epsEstimate": 3.55, "epsDifference": -0.09, "surprisePercent": -0.025, "quarter": "2017-12-31", "period": "-1q"}], "maxAge": 86400}, "indexTrend": {"maxAge": 1, "symbol": "SP5", "peRatio": 19.7411, "pegRatio": 1.34172, "estimates": [{"period": "0q", "growth": 0.549}, {"period": "+1q", "growth": 0.431}, {"period": "0y", "growth": 0.305}, {"period": "+1y", "growth": 0.109}, {"period": "+5y", "growth": 0.120865}, {"period": "-5y"}]}, "industryTrend": {"maxAge": 1, "symbol": null, "estimates": []}, "insiderTransactions": {"transactions": [{"maxAge": 1, "shares": 1817, "filerUrl": "", "transactionText": "", "filerName": "Kabra (Basant Kuamr) HUF", "filerRelation": "Promoter", "moneyText": "", "startDate": "2020-03-18", "ownership": "D"}, {"maxAge": 1, "shares": 5000, "filerUrl": "", "transactionText": "", "filerName": "Kabra (Basant Kumar)", "filerRelation": "Chairman of the Board", "moneyText": "", "startDate": "2020-03-18", "ownership": "D"}, {"maxAge": 1, "shares": 11266, "filerUrl": "", "transactionText": "", "filerName": "Kabra (Pushpa)", "filerRelation": "Promoter", "moneyText": "", "startDate": "2020-03-18", "ownership": "D"}, {"maxAge": 1, "shares": 5000, "filerUrl": "", "transactionText": "", "filerName": "Kabra (Shiva)", "filerRelation": "Wholetime Director", "moneyText": "", "startDate": "2020-03-18", "ownership": "D"}, {"maxAge": 1, "shares": 845, "filerUrl": "", "transactionText": "", "filerName": "Kabra (Basant Kumar)", "filerRelation": "Chairman of the Board", "moneyText": "", "startDate": "2020-03-16", "ownership": "D"}, {"maxAge": 1, "shares": 159, "filerUrl": "", "transactionText": "", "filerName": "Kabra (Basant Kumar)", "filerRelation": "Executive Chairman", "moneyText": "", "startDate": "2019-08-14", "ownership": "D"}, {"maxAge": 1, "shares": 243, "filerUrl": "", "transactionText": "", "filerName": "Kabra (Basant Kumar)", "filerRelation": "Executive Chairman", "moneyText": "", "startDate": "2019-08-13", "ownership": "D"}, {"maxAge": 1, "shares": 5073, "filerUrl": "", "transactionText": "", "filerName": "Kabra (Basant Kuamr) HUF", "filerRelation": "Promoter", "moneyText": "", "startDate": "2019-08-06", "ownership": "D"}, {"maxAge": 1, "shares": 10000, "filerUrl": "", "transactionText": "", "filerName": "Kabra (Basant Kumar)", "filerRelation": "Executive Chairman", "moneyText": "", "startDate": "2019-08-06", "ownership": "D"}, {"maxAge": 1, "shares": 122000, "filerUrl": "", "transactionText": "", "filerName": "Martytime Trimpex Pvt Ltd", "filerRelation": "Institution- Corporation", "moneyText": "", "startDate": "2018-11-26", "ownership": "D"}], "maxAge": 1}, "quoteType": {"exchange": "BSE", "quoteType": "EQUITY", "symbol": "CONTROLPR.BO", "underlyingSymbol": "CONTROLPR.BO", "shortName": "CONTROL PRINT LTD.", "longName": "Control Print Limited", "firstTradeDateEpochUtc": "2000-09-28 09:15:00", "timeZoneFullName": "Asia/Kolkata", "timeZoneShortName": "IST", "uuid": "89f93b89-aef1-3635-b1b9-f1f205503c87", "messageBoardId": null, "gmtOffSetMilliseconds": 19800000, "maxAge": 1}, "incomeStatementHistory": {"incomeStatementHistory": [{"maxAge": 1, "endDate": "2020-03-31", "totalRevenue": 1949175000, "costOfRevenue": 828695000, "grossProfit": 1120480000, "researchDevelopment": {}, "sellingGeneralAdministrative": 433154000, "nonRecurring": {}, "otherOperatingExpenses": 225677000, "totalOperatingExpenses": 1577798000, "operatingIncome": 371377000, "totalOtherIncomeExpenseNet": -43808000, "ebit": 371377000, "interestExpense": -6672000, "incomeBeforeTax": 327569000, "incomeTaxExpense": 64185000, "minorityInterest": {}, "netIncomeFromContinuingOps": 263384000, "discontinuedOperations": {}, "extraordinaryItems": {}, "effectOfAccountingCharges": {}, "otherItems": {}, "netIncome": 263384000, "netIncomeApplicableToCommonShares": 263384000}, {"maxAge": 1, "endDate": "2019-03-31", "totalRevenue": 1745970000, "costOfRevenue": 700453000, "grossProfit": 1045517000, "researchDevelopment": {}, "sellingGeneralAdministrative": 423754000, "nonRecurring": {}, "otherOperatingExpenses": 221447000, "totalOperatingExpenses": 1419942000, "operatingIncome": 326028000, "totalOtherIncomeExpenseNet": 47118000, "ebit": 326028000, "interestExpense": -204000, "incomeBeforeTax": 373146000, "incomeTaxExpense": 75683000, "minorityInterest": {}, "netIncomeFromContinuingOps": 297463000, "discontinuedOperations": {}, "extraordinaryItems": {}, "effectOfAccountingCharges": {}, "otherItems": {}, "netIncome": 297463000, "netIncomeApplicableToCommonShares": 297463000}, {"maxAge": 1, "endDate": "2018-03-31", "totalRevenue": 1738351000, "costOfRevenue": 647278000, "grossProfit": 1091073000, "researchDevelopment": {}, "sellingGeneralAdministrative": 370041000, "nonRecurring": {}, "otherOperatingExpenses": 220153000, "totalOperatingExpenses": 1305934000, "operatingIncome": 432417000, "totalOtherIncomeExpenseNet": -50464000, "ebit": 432417000, "interestExpense": -13164000, "incomeBeforeTax": 381953000, "incomeTaxExpense": 68851000, "minorityInterest": {}, "netIncomeFromContinuingOps": 313102000, "discontinuedOperations": {}, "extraordinaryItems": {}, "effectOfAccountingCharges": {}, "otherItems": {}, "netIncome": 313102000, "netIncomeApplicableToCommonShares": 313102000}, {"maxAge": 1, "endDate": "2017-03-31", "totalRevenue": 1475873000, "costOfRevenue": 600847000, "grossProfit": 875026000, "researchDevelopment": {}, "sellingGeneralAdministrative": 303004000, "nonRecurring": {}, "otherOperatingExpenses": 185725000, "totalOperatingExpenses": 1236414000, "operatingIncome": 239459000, "totalOtherIncomeExpenseNet": 18044000, "ebit": 239459000, "interestExpense": -11070000, "incomeBeforeTax": 257503000, "incomeTaxExpense": 62930000, "minorityInterest": {}, "netIncomeFromContinuingOps": 194573000, "discontinuedOperations": {}, "extraordinaryItems": {}, "effectOfAccountingCharges": {}, "otherItems": {}, "netIncome": 194573000, "netIncomeApplicableToCommonShares": 194573000}], "maxAge": 86400}, "fundOwnership": {"maxAge": 1, "ownershipList": []}, "summaryDetail": {"maxAge": 1, "priceHint": 2, "previousClose": 302.3, "open": 294.55, "dayLow": 281.7, "dayHigh": 314.0, "regularMarketPreviousClose": 302.3, "regularMarketOpen": 294.55, "regularMarketDayLow": 281.7, "regularMarketDayHigh": 314.0, "trailingPE": 22.31774, "forwardPE": 14.17956, "volume": 9028, "regularMarketVolume": 9028, "averageVolume": 3182, "averageVolume10days": 2536, "averageDailyVolume10Day": 2536, "bid": 303.4, "ask": 304.6, "bidSize": 0, "askSize": 0, "marketCap": 4939523072, "fiftyTwoWeekLow": 150.9, "fiftyTwoWeekHigh": 314.0, "fiftyDayAverage": 240.46428, "twoHundredDayAverage": 227.07774, "trailingAnnualDividendRate": 8.0, "trailingAnnualDividendYield": 0.026463779, "currency": "INR", "fromCurrency": null, "toCurrency": null, "lastMarket": null, "algorithm": null, "tradeable": false}, "sectorTrend": {"maxAge": 1, "symbol": null, "estimates": []}, "incomeStatementHistoryQuarterly": {"incomeStatementHistory": [{"maxAge": 1, "endDate": "2020-06-30", "totalRevenue": 349235000, "costOfRevenue": 125985000, "grossProfit": 223250000, "researchDevelopment": {}, "sellingGeneralAdministrative": 99921000, "nonRecurring": {}, "otherOperatingExpenses": 38626000, "totalOperatingExpenses": 288021000, "operatingIncome": 61214000, "totalOtherIncomeExpenseNet": -22796000, "ebit": 61214000, "interestExpense": -3783000, "incomeBeforeTax": 38418000, "incomeTaxExpense": 5176000, "minorityInterest": {}, "netIncomeFromContinuingOps": 33242000, "discontinuedOperations": {}, "extraordinaryItems": {}, "effectOfAccountingCharges": {}, "otherItems": {}, "netIncome": 33242000, "netIncomeApplicableToCommonShares": 33242000}, {"maxAge": 1, "endDate": "2020-03-31", "totalRevenue": 462194000, "costOfRevenue": 221070000, "grossProfit": 241124000, "researchDevelopment": {}, "sellingGeneralAdministrative": 128616000, "nonRecurring": {}, "otherOperatingExpenses": 26721000, "totalOperatingExpenses": 397559000, "operatingIncome": 64635000, "totalOtherIncomeExpenseNet": -30531000, "ebit": 64635000, "interestExpense": -973000, "incomeBeforeTax": 34104000, "incomeTaxExpense": 6732000, "minorityInterest": {}, "netIncomeFromContinuingOps": 27372000, "discontinuedOperations": {}, "extraordinaryItems": {}, "effectOfAccountingCharges": {}, "otherItems": {}, "netIncome": 27372000, "netIncomeApplicableToCommonShares": 27372000}, {"maxAge": 1, "endDate": "2019-12-31", "totalRevenue": 474211000, "costOfRevenue": 191781000, "grossProfit": 282430000, "researchDevelopment": {}, "sellingGeneralAdministrative": 107976000, "nonRecurring": {}, "otherOperatingExpenses": 60966000, "totalOperatingExpenses": 384071000, "operatingIncome": 90140000, "totalOtherIncomeExpenseNet": 17749000, "ebit": 90140000, "interestExpense": -1885000, "incomeBeforeTax": 107889000, "incomeTaxExpense": 19760000, "minorityInterest": {}, "netIncomeFromContinuingOps": 88129000, "discontinuedOperations": {}, "extraordinaryItems": {}, "effectOfAccountingCharges": {}, "otherItems": {}, "netIncome": 88129000, "netIncomeApplicableToCommonShares": 88129000}, {"maxAge": 1, "endDate": "2019-09-30", "totalRevenue": 500597000, "costOfRevenue": 202971000, "grossProfit": 297626000, "researchDevelopment": {}, "sellingGeneralAdministrative": 98047000, "nonRecurring": {}, "otherOperatingExpenses": 74857000, "totalOperatingExpenses": 398436000, "operatingIncome": 102161000, "totalOtherIncomeExpenseNet": -13425000, "ebit": 102161000, "interestExpense": -1947000, "incomeBeforeTax": 88736000, "incomeTaxExpense": 16333000, "minorityInterest": {}, "netIncomeFromContinuingOps": 72403000, "discontinuedOperations": {}, "extraordinaryItems": {}, "effectOfAccountingCharges": {}, "otherItems": {}, "netIncome": 72403000, "netIncomeApplicableToCommonShares": 72403000}], "maxAge": 86400}, "cashflowStatementHistoryQuarterly": {"cashflowStatements": [{"maxAge": 1, "endDate": "2020-06-30", "netIncome": 33242000, "changeToLiabilities": 0}, {"maxAge": 1, "endDate": "2020-03-31", "netIncome": 27372000, "changeToLiabilities": 0}, {"maxAge": 1, "endDate": "2019-12-31", "netIncome": 88129000, "changeToLiabilities": 0}, {"maxAge": 1, "endDate": "2019-09-30", "netIncome": 72403000, "changeToLiabilities": 0}], "maxAge": 86400}, "insiderHolders": {"holders": [{"maxAge": 1, "name": "Kabra (Basant Kuamr) HUF", "relation": "Promoter", "url": "", "transactionDescription": "Acquisition", "latestTransDate": "2020-03-18", "positionDirect": 355740, "positionDirectDate": "2020-03-18"}, {"maxAge": 1, "name": "Kabra (Basant Kumar)", "relation": "Chairman of the Board", "url": "", "transactionDescription": "Acquisition", "latestTransDate": "2020-03-18", "positionDirect": 705879, "positionDirectDate": "2020-03-18"}, {"maxAge": 1, "name": "Kabra (Pushpa)", "relation": "Promoter", "url": "", "transactionDescription": "Acquisition", "latestTransDate": "2020-03-18", "positionDirect": 1423997, "positionDirectDate": "2020-03-18"}, {"maxAge": 1, "name": "Kabra (Shiva)", "relation": "Wholetime Director", "url": "", "transactionDescription": "Acquisition", "latestTransDate": "2020-03-18", "positionDirect": 1575560, "positionDirectDate": "2020-03-18"}, {"maxAge": 1, "name": "Martytime Trimpex Pvt Ltd", "relation": "Institution- Corporation", "url": "", "transactionDescription": "Sale", "latestTransDate": "2018-11-26", "positionDirect": 332000, "positionDirectDate": "2018-11-26"}], "maxAge": 1}, "earnings": {"maxAge": 86400, "earningsChart": {"quarterly": [{"date": "1Q2016", "actual": 3.88, "estimate": 5.29}, {"date": "3Q2016", "actual": 4.33, "estimate": 4.46}, {"date": "4Q2017", "actual": 3.46, "estimate": 3.55}], "currentQuarterEstimateDate": "1Q", "currentQuarterEstimateYear": 2018, "earningsDate": []}, "financialsChart": {"yearly": [{"date": 2017, "revenue": 1475873000, "earnings": 194573000}, {"date": 2018, "revenue": 1738351000, "earnings": 313102000}, {"date": 2019, "revenue": 1745970000, "earnings": 297463000}, {"date": 2020, "revenue": 1949175000, "earnings": 263384000}], "quarterly": [{"date": "3Q2019", "revenue": 500597000, "earnings": 72403000}, {"date": "4Q2019", "revenue": 474211000, "earnings": 88129000}, {"date": "1Q2020", "revenue": 462194000, "earnings": 27372000}, {"date": "2Q2020", "revenue": 349235000, "earnings": 33242000}]}, "financialCurrency": "INR"}, "calendarEvents": {"maxAge": 1, "earnings": {"earningsDate": []}}, "price": {"maxAge": 1, "regularMarketChangePercent": 0.0004962766, "regularMarketChange": 0.15002441, "regularMarketTime": "2021-04-30 15:29:42", "priceHint": 2, "regularMarketPrice": 302.45, "regularMarketDayHigh": 314.0, "regularMarketDayLow": 281.7, "regularMarketVolume": 9028, "averageDailyVolume10Day": 2536, "averageDailyVolume3Month": 3182, "regularMarketPreviousClose": 302.3, "regularMarketSource": "FREE_REALTIME", "regularMarketOpen": 294.55, "exchange": "BSE", "exchangeName": "BSE", "exchangeDataDelayedBy": 0, "marketState": "CLOSED", "quoteType": "EQUITY", "symbol": "CONTROLPR.BO", "underlyingSymbol": null, "shortName": "CONTROL PRINT LTD.", "longName": "Control Print Limited", "currency": "INR", "quoteSourceName": "Delayed Quote", "currencySymbol": "\u20b9", "fromCurrency": null, "toCurrency": null, "lastMarket": null, "marketCap": 4939523072}, "balanceSheetHistory": {"balanceSheetStatements": [{"maxAge": 1, "endDate": "2020-03-31", "cash": 8547000, "netReceivables": 561630000, "inventory": 632257000, "otherCurrentAssets": 185114000, "totalCurrentAssets": 1540884000, "propertyPlantEquipment": 976155000, "goodWill": 2235000, "intangibleAssets": 22101000, "otherAssets": 22210000, "totalAssets": 2563585000, "accountsPayable": 114131000, "otherCurrentLiab": 194408000, "otherLiab": 183406000, "totalCurrentLiabilities": 326682000, "totalLiab": 553947000, "commonStock": 163317000, "retainedEarnings": 1155663000, "treasuryStock": 173187000, "capitalSurplus": 517471000, "otherStockholderEquity": 173187000, "totalStockholderEquity": 2009638000, "netTangibleAssets": 1985302000}, {"maxAge": 1, "endDate": "2019-03-31", "cash": 9379000, "netReceivables": 523491000, "inventory": 618347000, "otherCurrentAssets": 120221000, "totalCurrentAssets": 1615409000, "longTermInvestments": 24000, "propertyPlantEquipment": 843670000, "goodWill": 4469000, "intangibleAssets": 28866000, "otherAssets": 18745000, "totalAssets": 2511183000, "accountsPayable": 97207000, "otherCurrentLiab": 208089000, "otherLiab": 178704000, "totalCurrentLiabilities": 325548000, "totalLiab": 504252000, "commonStock": 163317000, "retainedEarnings": 1141062000, "treasuryStock": 185081000, "capitalSurplus": 517471000, "otherStockholderEquity": 185081000, "totalStockholderEquity": 2006931000, "netTangibleAssets": 1973596000}, {"maxAge": 1, "endDate": "2018-03-31", "cash": 25194000, "netReceivables": 489216000, "inventory": 654958000, "otherCurrentAssets": 123319000, "totalCurrentAssets": 1464125000, "longTermInvestments": 24000, "propertyPlantEquipment": 825332000, "goodWill": 6704000, "intangibleAssets": 36926000, "otherAssets": 21538000, "totalAssets": 2354649000, "accountsPayable": 120342000, "otherCurrentLiab": 190711000, "otherLiab": 201971000, "totalCurrentLiabilities": 337072000, "totalLiab": 539043000, "commonStock": 163317000, "retainedEarnings": 952467000, "treasuryStock": 182351000, "capitalSurplus": 517471000, "otherStockholderEquity": 182351000, "totalStockholderEquity": 1815606000, "netTangibleAssets": 1771976000}, {"maxAge": 1, "endDate": "2017-03-31", "cash": 1683000, "netReceivables": 346344000, "inventory": 540723000, "otherCurrentAssets": 172187000, "totalCurrentAssets": 1189126000, "longTermInvestments": 24000, "propertyPlantEquipment": 785810000, "goodWill": 8939000, "intangibleAssets": 45025000, "otherAssets": 18932000, "totalAssets": 2047856000, "accountsPayable": 125803000, "otherCurrentLiab": 176236000, "otherLiab": 218272000, "totalCurrentLiabilities": 477921000, "totalLiab": 696193000, "commonStock": 156724000, "retainedEarnings": 770866000, "treasuryStock": 193687000, "capitalSurplus": 230386000, "otherStockholderEquity": 193687000, "totalStockholderEquity": 1351663000, "netTangibleAssets": 1297699000}], "maxAge": 86400}, "earningsTrend": {"trend": [{"maxAge": 1, "period": "0q", "endDate": "2018-03-31", "growth": {}, "earningsEstimate": {"avg": 0.0, "low": 0.0, "high": 0.0, "yearAgoEps": {}, "numberOfAnalysts": 0, "growth": {}}, "revenueEstimate": {"avg": 0, "low": 0, "high": 0, "numberOfAnalysts": 0, "yearAgoRevenue": {}, "growth": {}}, "epsTrend": {"current": 0.0, "7daysAgo": 0.0, "30daysAgo": 0.0, "60daysAgo": 0.0, "90daysAgo": 0.0}, "epsRevisions": {"upLast7days": 0, "upLast30days": 0, "downLast30days": 0, "downLast90days": {}}}, {"maxAge": 1, "period": "+1q", "endDate": "2018-06-30", "growth": {}, "earningsEstimate": {"avg": 0.0, "low": 0.0, "high": 0.0, "yearAgoEps": 3.88, "numberOfAnalysts": 0, "growth": {}}, "revenueEstimate": {"avg": 0, "low": 0, "high": 0, "numberOfAnalysts": 0, "yearAgoRevenue": {}, "growth": {}}, "epsTrend": {"current": 0.0, "7daysAgo": 0.0, "30daysAgo": 0.0, "60daysAgo": 0.0, "90daysAgo": 0.0}, "epsRevisions": {"upLast7days": 0, "upLast30days": 0, "downLast30days": 0, "downLast90days": {}}}, {"maxAge": 1, "period": "0y", "endDate": "2018-03-31", "growth": {}, "earningsEstimate": {"avg": 0.0, "low": 0.0, "high": 0.0, "yearAgoEps": {}, "numberOfAnalysts": 0, "growth": {}}, "revenueEstimate": {"avg": 1739350000, "low": 1769840000, "high": 1769840000, "numberOfAnalysts": 1, "yearAgoRevenue": {}, "growth": {}}, "epsTrend": {"current": 0.0, "7daysAgo": 19.04, "30daysAgo": 19.04, "60daysAgo": 19.04, "90daysAgo": 19.04}, "epsRevisions": {"upLast7days": 0, "upLast30days": 0, "downLast30days": 0, "downLast90days": {}}}, {"maxAge": 1, "period": "+1y", "endDate": "2019-03-31", "growth": {}, "earningsEstimate": {"avg": 0.0, "low": 0.0, "high": 0.0, "yearAgoEps": {}, "numberOfAnalysts": 0, "growth": {}}, "revenueEstimate": {"avg": 1882140000, "low": 1851000000, "high": 1913280000, "numberOfAnalysts": 2, "yearAgoRevenue": 1739350000, "growth": 0.081999995}, "epsTrend": {"current": 0.0, "7daysAgo": 21.33, "30daysAgo": 21.33, "60daysAgo": 21.33, "90daysAgo": 21.33}, "epsRevisions": {"upLast7days": 0, "upLast30days": 0, "downLast30days": 0, "downLast90days": {}}}, {"maxAge": 1, "period": "+5y", "endDate": null, "growth": {}, "earningsEstimate": {"avg": {}, "low": {}, "high": {}, "yearAgoEps": {}, "numberOfAnalysts": {}, "growth": {}}, "revenueEstimate": {"avg": {}, "low": {}, "high": {}, "numberOfAnalysts": {}, "yearAgoRevenue": {}, "growth": {}}, "epsTrend": {"current": {}, "7daysAgo": {}, "30daysAgo": {}, "60daysAgo": {}, "90daysAgo": {}}, "epsRevisions": {"upLast7days": {}, "upLast30days": {}, "downLast30days": {}, "downLast90days": {}}}, {"maxAge": 1, "period": "-5y", "endDate": null, "growth": {}, "earningsEstimate": {"avg": {}, "low": {}, "high": {}, "yearAgoEps": {}, "numberOfAnalysts": {}, "growth": {}}, "revenueEstimate": {"avg": {}, "low": {}, "high": {}, "numberOfAnalysts": {}, "yearAgoRevenue": {}, "growth": {}}, "epsTrend": {"current": {}, "7daysAgo": {}, "30daysAgo": {}, "60daysAgo": {}, "90daysAgo": {}}, "epsRevisions": {"upLast7days": {}, "upLast30days": {}, "downLast30days": {}, "downLast90days": {}}}], "maxAge": 1}, "financialData": {"maxAge": 86400, "currentPrice": 302.45, "targetHighPrice": 342.0, "targetLowPrice": 342.0, "targetMeanPrice": 342.0, "targetMedianPrice": 342.0, "recommendationKey": "none", "numberOfAnalystOpinions": 1, "grossProfits": 1120480000, "financialCurrency": "INR"}}}