{"CONTCHM.BO": {"cashflowStatementHistory": {"cashflowStatements": [{"maxAge": 1, "endDate": "2019-03-31", "netIncome": 3365769, "depreciation": 665952, "changeToNetincome": -1044847, "changeToAccountReceivables": 542818, "changeToLiabilities": 0, "changeToOperatingActivities": -3640551, "totalCashFromOperatingActivities": -110859, "capitalExpenditures": -126041, "totalCashflowsFromInvestingActivities": -126041, "otherCashflowsFromFinancingActivities": -19089, "totalCashFromFinancingActivities": -19089, "changeInCash": -255989}, {"maxAge": 1, "endDate": "2018-03-31", "netIncome": 338538, "depreciation": 673902, "changeToNetincome": 29316, "changeToAccountReceivables": -573682, "changeToLiabilities": 0, "changeToOperatingActivities": 618407, "totalCashFromOperatingActivities": 1086481, "capitalExpenditures": -116592, "totalCashflowsFromInvestingActivities": -116592, "otherCashflowsFromFinancingActivities": -61175, "totalCashFromFinancingActivities": -61175, "changeInCash": 908715}, {"maxAge": 1, "endDate": "2017-03-31", "netIncome": 383753, "depreciation": 676709, "changeToNetincome": 218054, "changeToAccountReceivables": -573682, "changeToLiabilities": 0, "changeToOperatingActivities": -1264989, "totalCashFromOperatingActivities": 27481, "capitalExpenditures": -116592, "otherCashflowsFromInvestingActivities": -211126, "totalCashflowsFromInvestingActivities": -211126, "netBorrowings": 349221, "otherCashflowsFromFinancingActivities": -38432, "totalCashFromFinancingActivities": 310789, "changeInCash": 127143}, {"maxAge": 1, "endDate": "2016-03-31", "netIncome": 1335233, "depreciation": 685112, "changeToNetincome": 263376, "changeToAccountReceivables": -573682, "changeToLiabilities": 0, "changeToOperatingActivities": -2342676, "totalCashFromOperatingActivities": -58955, "capitalExpenditures": -116592, "otherCashflowsFromInvestingActivities": -5432, "totalCashflowsFromInvestingActivities": -5432, "netBorrowings": -342353, "otherCashflowsFromFinancingActivities": -92992, "totalCashFromFinancingActivities": -435345, "changeInCash": -499731}], "maxAge": 86400}, "institutionOwnership": {"maxAge": 1, "ownershipList": []}, "balanceSheetHistoryQuarterly": {"balanceSheetStatements": [{"maxAge": 1, "endDate": "2020-06-30"}, {"maxAge": 1, "endDate": "2019-12-31", "totalStockholderEquity": 19496000, "netTangibleAssets": 19496000}, {"maxAge": 1, "endDate": "2019-09-30", "cash": 977000, "netReceivables": 578000, "otherCurrentAssets": 1300000, "totalCurrentAssets": 2855000, "propertyPlantEquipment": 19879000, "otherAssets": 8711000, "totalAssets": 31445000, "otherCurrentLiab": 3320000, "longTermDebt": 2899000, "otherLiab": 755000, "totalCurrentLiabilities": 8295000, "totalLiab": 11949000, "commonStock": 9990000, "retainedEarnings": 9506000, "treasuryStock": 9506000, "otherStockholderEquity": 9506000, "totalStockholderEquity": 19496000, "netTangibleAssets": 19496000}, {"maxAge": 1, "endDate": "2019-06-30", "totalStockholderEquity": 18754000, "netTangibleAssets": 18754000}], "maxAge": 86400}, "indexTrend": {"maxAge": 1, "symbol": "SP5", "peRatio": 19.7411, "pegRatio": 1.34172, "estimates": [{"period": "0q", "growth": 0.549}, {"period": "+1q", "growth": 0.431}, {"period": "0y", "growth": 0.305}, {"period": "+1y", "growth": 0.109}, {"period": "+5y", "growth": 0.120859005}, {"period": "-5y"}]}, "insiderTransactions": {"transactions": [{"maxAge": 1, "shares": 555244, "filerUrl": "", "transactionText": "", "filerName": "Vikram (Aditya Chibba)", "filerRelation": "UNREPORTED", "moneyText": "", "startDate": "2019-10-14", "ownership": "D"}], "maxAge": 1}, "quoteType": {"exchange": "BSE", "quoteType": "EQUITY", "symbol": "CONTCHM.BO", "underlyingSymbol": "CONTCHM.BO", "shortName": "CONTINENTAL CHEMICALS LTD.", "longName": "Continental Chemicals Limited", "firstTradeDateEpochUtc": "1998-12-30 09:15:00", "timeZoneFullName": "Asia/Kolkata", "timeZoneShortName": "IST", "uuid": "8974b9a4-50e2-39ed-8b48-e42549de0868", "messageBoardId": null, "gmtOffSetMilliseconds": 19800000, "maxAge": 1}, "incomeStatementHistory": {"incomeStatementHistory": [{"maxAge": 1, "endDate": "2019-03-31", "totalRevenue": 1914005, "costOfRevenue": 5604294, "grossProfit": -3690289, "researchDevelopment": {}, "sellingGeneralAdministrative": 41380, "nonRecurring": {}, "otherOperatingExpenses": -7885041, "totalOperatingExpenses": -1573415, "operatingIncome": 3487420, "totalOtherIncomeExpenseNet": -515497, "ebit": 3487420, "interestExpense": -236229, "incomeBeforeTax": 2971923, "incomeTaxExpense": -393846, "minorityInterest": {}, "netIncomeFromContinuingOps": 3365769, "discontinuedOperations": {}, "extraordinaryItems": {}, "effectOfAccountingCharges": {}, "otherItems": {}, "netIncome": 3365769, "netIncomeApplicableToCommonShares": 3365769}, {"maxAge": 1, "endDate": "2018-03-31", "totalRevenue": 6109374, "costOfRevenue": 4301640, "grossProfit": 1807734, "researchDevelopment": {}, "sellingGeneralAdministrative": 44941, "nonRecurring": {}, "otherOperatingExpenses": 196056, "totalOperatingExpenses": 5216539, "operatingIncome": 892835, "totalOtherIncomeExpenseNet": -319844, "ebit": 892835, "interestExpense": -61175, "incomeBeforeTax": 572991, "incomeTaxExpense": 234453, "minorityInterest": {}, "netIncomeFromContinuingOps": 338538, "discontinuedOperations": {}, "extraordinaryItems": {}, "effectOfAccountingCharges": {}, "otherItems": {}, "netIncome": 338538, "netIncomeApplicableToCommonShares": 338538}, {"maxAge": 1, "endDate": "2017-03-31", "totalRevenue": 5966041, "costOfRevenue": 5334072, "grossProfit": 631969, "researchDevelopment": {}, "sellingGeneralAdministrative": 289965, "nonRecurring": {}, "otherOperatingExpenses": -1206233, "totalOperatingExpenses": 5094513, "operatingIncome": 871528, "totalOtherIncomeExpenseNet": -336914, "ebit": 871528, "interestExpense": -83513, "incomeBeforeTax": 534614, "incomeTaxExpense": 150861, "minorityInterest": {}, "netIncomeFromContinuingOps": 383753, "discontinuedOperations": {}, "extraordinaryItems": {}, "effectOfAccountingCharges": {}, "otherItems": {}, "netIncome": 383753, "netIncomeApplicableToCommonShares": 383753}, {"maxAge": 1, "endDate": "2016-03-31", "totalRevenue": 4908946, "costOfRevenue": 3806577, "grossProfit": 1102369, "researchDevelopment": {}, "sellingGeneralAdministrative": 61475, "nonRecurring": {}, "otherOperatingExpenses": -2232332, "totalOperatingExpenses": 2320832, "operatingIncome": 2588114, "totalOtherIncomeExpenseNet": -1082496, "ebit": 2588114, "interestExpense": -92992, "incomeBeforeTax": 1505618, "incomeTaxExpense": 170385, "minorityInterest": {}, "netIncomeFromContinuingOps": 1335233, "discontinuedOperations": {}, "extraordinaryItems": {}, "effectOfAccountingCharges": {}, "otherItems": {}, "netIncome": 1335233, "netIncomeApplicableToCommonShares": 1335233}], "maxAge": 86400}, "fundOwnership": {"maxAge": 1, "ownershipList": []}, "summaryDetail": {"maxAge": 1, "priceHint": 2, "previousClose": 14.65, "open": 14.0, "dayLow": 14.0, "dayHigh": 14.65, "regularMarketPreviousClose": 14.65, "regularMarketOpen": 14.0, "regularMarketDayLow": 14.0, "regularMarketDayHigh": 14.65, "trailingPE": 5.2678895, "volume": 268, "regularMarketVolume": 268, "averageVolume": 57, "averageVolume10days": 54, "averageDailyVolume10Day": 54, "bid": 13.95, "ask": 15.38, "bidSize": 0, "askSize": 0, "marketCap": 32947850, "fiftyTwoWeekLow": 12.68, "fiftyTwoWeekHigh": 23.15, "fiftyDayAverage": 15.585143, "twoHundredDayAverage": 18.127592, "currency": "INR", "fromCurrency": null, "toCurrency": null, "lastMarket": null, "algorithm": null, "tradeable": false}, "incomeStatementHistoryQuarterly": {"incomeStatementHistory": [{"maxAge": 1, "endDate": "2020-06-30", "totalRevenue": 490000, "costOfRevenue": 1135000, "grossProfit": -645000, "researchDevelopment": {}, "sellingGeneralAdministrative": {}, "nonRecurring": {}, "otherOperatingExpenses": -1143000, "totalOperatingExpenses": 213000, "operatingIncome": 277000, "totalOtherIncomeExpenseNet": -42000, "ebit": 277000, "interestExpense": -42000, "incomeBeforeTax": 235000, "incomeTaxExpense": 115000, "minorityInterest": {}, "netIncomeFromContinuingOps": 120000, "discontinuedOperations": {}, "extraordinaryItems": {}, "effectOfAccountingCharges": {}, "otherItems": {}, "netIncome": 120000, "netIncomeApplicableToCommonShares": 120000}, {"maxAge": 1, "endDate": "2019-12-31", "totalRevenue": 651000, "costOfRevenue": 1739000, "grossProfit": -1088000, "researchDevelopment": {}, "sellingGeneralAdministrative": {}, "nonRecurring": {}, "otherOperatingExpenses": -1442000, "totalOperatingExpenses": 525000, "operatingIncome": 126000, "totalOtherIncomeExpenseNet": -49000, "ebit": 126000, "interestExpense": -49000, "incomeBeforeTax": 77000, "incomeTaxExpense": 177000, "minorityInterest": {}, "netIncomeFromContinuingOps": -100000, "discontinuedOperations": {}, "extraordinaryItems": {}, "effectOfAccountingCharges": {}, "otherItems": {}, "netIncome": -100000, "netIncomeApplicableToCommonShares": -100000}, {"maxAge": 1, "endDate": "2019-09-30", "totalRevenue": 794000, "costOfRevenue": 1346000, "grossProfit": -552000, "researchDevelopment": {}, "sellingGeneralAdministrative": {}, "nonRecurring": {}, "otherOperatingExpenses": -1243000, "totalOperatingExpenses": 331000, "operatingIncome": 463000, "totalOtherIncomeExpenseNet": -33000, "ebit": 463000, "interestExpense": -33000, "incomeBeforeTax": 430000, "incomeTaxExpense": -1000, "minorityInterest": {}, "netIncomeFromContinuingOps": 431000, "discontinuedOperations": {}, "extraordinaryItems": {}, "effectOfAccountingCharges": {}, "otherItems": {}, "netIncome": 431000, "netIncomeApplicableToCommonShares": 431000}, {"maxAge": 1, "endDate": "2019-06-30", "totalRevenue": 1270000, "costOfRevenue": 1480000, "grossProfit": -210000, "researchDevelopment": {}, "sellingGeneralAdministrative": {}, "nonRecurring": {}, "otherOperatingExpenses": -1250000, "totalOperatingExpenses": 440000, "operatingIncome": 830000, "totalOtherIncomeExpenseNet": -20000, "ebit": 830000, "interestExpense": -20000, "incomeBeforeTax": 810000, "incomeTaxExpense": 500000, "minorityInterest": {}, "netIncomeFromContinuingOps": 310000, "discontinuedOperations": {}, "extraordinaryItems": {}, "effectOfAccountingCharges": {}, "otherItems": {}, "netIncome": 310000, "netIncomeApplicableToCommonShares": 310000}], "maxAge": 86400}, "cashflowStatementHistoryQuarterly": {"cashflowStatements": [{"maxAge": 1, "endDate": "2020-06-30", "netIncome": 120000, "changeToLiabilities": 0}, {"maxAge": 1, "endDate": "2019-12-31", "netIncome": -100000, "changeToLiabilities": 0}, {"maxAge": 1, "endDate": "2019-09-30", "netIncome": 431000, "changeToLiabilities": 0}, {"maxAge": 1, "endDate": "2019-06-30", "netIncome": 310000, "changeToLiabilities": 0}], "maxAge": 86400}, "insiderHolders": {"holders": [{"maxAge": 1, "name": "Vikram (Aditya Chibba)", "relation": "UNREPORTED", "url": "", "transactionDescription": "Other", "latestTransDate": "2019-10-14", "positionDirect": 555244, "positionDirectDate": "2019-10-14"}], "maxAge": 1}, "calendarEvents": {"maxAge": 1, "earnings": {"earningsDate": []}}, "price": {"maxAge": 1, "regularMarketChangePercent": 0.0, "regularMarketChange": 0.0, "regularMarketTime": "2021-04-26 14:26:32", "priceHint": 2, "regularMarketPrice": 14.65, "regularMarketDayHigh": 14.65, "regularMarketDayLow": 14.0, "regularMarketVolume": 268, "averageDailyVolume10Day": 54, "averageDailyVolume3Month": 57, "regularMarketPreviousClose": 14.65, "regularMarketSource": "FREE_REALTIME", "regularMarketOpen": 14.0, "exchange": "BSE", "exchangeName": "BSE", "exchangeDataDelayedBy": 0, "marketState": "CLOSED", "quoteType": "EQUITY", "symbol": "CONTCHM.BO", "underlyingSymbol": null, "shortName": "CONTINENTAL CHEMICALS LTD.", "longName": "Continental Chemicals Limited", "currency": "INR", "quoteSourceName": "Delayed Quote", "currencySymbol": "\u20b9", "fromCurrency": null, "toCurrency": null, "lastMarket": null, "marketCap": 32947850}, "balanceSheetHistory": {"balanceSheetStatements": [{"maxAge": 1, "endDate": "2019-03-31", "cash": 995220, "netReceivables": 30864, "otherCurrentAssets": 1443155, "totalCurrentAssets": 2517705, "propertyPlantEquipment": 18016797, "otherAssets": 8402116, "totalAssets": 28936618, "otherCurrentLiab": 2904898, "longTermDebt": 1445578, "otherLiab": 710623, "totalCurrentLiabilities": 8026617, "totalLiab": 10182818, "commonStock": 9990000, "retainedEarnings": 8763800, "totalStockholderEquity": 18753800, "netTangibleAssets": 18753800}, {"maxAge": 1, "endDate": "2018-03-31", "cash": 1251209, "netReceivables": 573682, "otherCurrentAssets": -6982, "totalCurrentAssets": 1826782, "propertyPlantEquipment": 18555557, "otherAssets": 7466131, "totalAssets": 27848470, "otherCurrentLiab": 5441239, "longTermDebt": 1445578, "otherLiab": 665877, "totalCurrentLiabilities": 10347904, "totalLiab": 12459359, "commonStock": 9990000, "retainedEarnings": 5399111, "totalStockholderEquity": 15389111, "netTangibleAssets": 15389111}, {"maxAge": 1, "endDate": "2017-03-31", "cash": 342494, "otherCurrentAssets": 407284, "totalCurrentAssets": 802964, "propertyPlantEquipment": 19112867, "otherAssets": 6643285, "totalAssets": 26559116, "otherCurrentLiab": 3974530, "longTermDebt": 1445578, "otherLiab": 1145502, "totalCurrentLiabilities": 8959342, "totalLiab": 11550422, "commonStock": 9990000, "retainedEarnings": 5018693, "totalStockholderEquity": 15008693, "netTangibleAssets": 15008693}, {"maxAge": 1, "endDate": "2016-03-31", "cash": 215349, "otherCurrentAssets": 584966, "totalCurrentAssets": 819071, "propertyPlantEquipment": 19789577, "otherAssets": 5379980, "totalAssets": 25988628, "shortLongTermDebt": 620202, "otherCurrentLiab": 7940823, "longTermDebt": 1096357, "otherLiab": 338224, "totalCurrentLiabilities": 10108561, "totalLiab": 11543142, "commonStock": 9990000, "retainedEarnings": 4455486, "totalStockholderEquity": 14445486, "netTangibleAssets": 14445486}], "maxAge": 86400}, "financialData": {"maxAge": 86400, "currentPrice": 14.65, "recommendationKey": "none", "grossProfits": -3690289, "financialCurrency": "INR"}}}