{"CORALFINAC.BO": {"recommendationTrend": {"trend": [{"period": "0m", "strongBuy": 0, "buy": 0, "hold": 0, "sell": 0, "strongSell": 0}, {"period": "-1m", "strongBuy": 0, "buy": 0, "hold": 0, "sell": 0, "strongSell": 0}, {"period": "-2m", "strongBuy": 0, "buy": 0, "hold": 0, "sell": 0, "strongSell": 0}, {"period": "-3m", "strongBuy": 0, "buy": 0, "hold": 0, "sell": 0, "strongSell": 0}], "maxAge": 86400}, "cashflowStatementHistory": {"cashflowStatements": [{"maxAge": 1, "endDate": "2020-03-31", "netIncome": 80123184, "depreciation": 1261432, "changeToNetincome": -2281072, "changeToLiabilities": 406197, "changeToInventory": 7132684, "changeToOperatingActivities": -3124255, "totalCashFromOperatingActivities": 83518726, "capitalExpenditures": -3669343, "investments": -92569399, "otherCashflowsFromInvestingActivities": 25109801, "totalCashflowsFromInvestingActivities": -62080645, "dividendsPaid": -9975800, "otherCashflowsFromFinancingActivities": -2222771, "totalCashFromFinancingActivities": -12198571, "changeInCash": 9239510}, {"maxAge": 1, "endDate": "2019-03-31", "netIncome": 82181808, "depreciation": 1491711, "changeToNetincome": -39902184, "changeToLiabilities": -3970575, "changeToInventory": 2684470, "changeToOperatingActivities": 6231288, "totalCashFromOperatingActivities": 48716518, "capitalExpenditures": -9955456, "investments": 76667749, "otherCashflowsFromInvestingActivities": 31725259, "totalCashflowsFromInvestingActivities": -49561768, "dividendsPaid": -9975800, "otherCashflowsFromFinancingActivities": -2244585, "totalCashFromFinancingActivities": -12220385, "changeInCash": -13065635}, {"maxAge": 1, "endDate": "2018-03-31", "netIncome": 134871277, "depreciation": 1842504, "changeToNetincome": -117358351, "changeToLiabilities": -744128, "changeToInventory": -14116806, "changeToOperatingActivities": -10933393, "totalCashFromOperatingActivities": -6438897, "capitalExpenditures": -9955456, "investments": -21872430, "otherCashflowsFromInvestingActivities": 46740223, "totalCashflowsFromInvestingActivities": 18167340, "dividendsPaid": -9975800, "otherCashflowsFromFinancingActivities": -50406, "totalCashFromFinancingActivities": -50406, "changeInCash": 11678037}, {"maxAge": 1, "endDate": "2017-03-31", "netIncome": 81136981, "depreciation": 2329000, "changeToNetincome": -57487981, "changeToLiabilities": 3467000, "changeToInventory": 4810000, "changeToOperatingActivities": -6564000, "totalCashFromOperatingActivities": 27691000, "capitalExpenditures": -9936000, "investments": -98409000, "otherCashflowsFromInvestingActivities": 33263000, "totalCashflowsFromInvestingActivities": -24068000, "dividendsPaid": -12007000, "otherCashflowsFromFinancingActivities": -33000, "totalCashFromFinancingActivities": -12040000, "changeInCash": -8417000}], "maxAge": 86400}, "institutionOwnership": {"maxAge": 1, "ownershipList": []}, "balanceSheetHistoryQuarterly": {"balanceSheetStatements": [{"maxAge": 1, "endDate": "2020-06-30", "totalStockholderEquity": 1170675723, "netTangibleAssets": 1170675246}, {"maxAge": 1, "endDate": "2020-03-31", "cash": 47520735, "netReceivables": 343891422, "inventory": 120408466, "otherCurrentAssets": 200103, "totalCurrentAssets": 512020726, "longTermInvestments": 478490313, "propertyPlantEquipment": 67882120, "intangibleAssets": 477, "otherAssets": 191561271, "totalAssets": 1249954907, "accountsPayable": 2261867, "otherCurrentLiab": 25302374, "otherLiab": 49954903, "totalCurrentLiabilities": 29324281, "totalLiab": 79279184, "commonStock": 99758000, "retainedEarnings": 1013829043, "treasuryStock": 57088680, "otherStockholderEquity": 57088680, "totalStockholderEquity": 1170675723, "netTangibleAssets": 1170675246}, {"maxAge": 1, "endDate": "2019-12-31", "totalStockholderEquity": 1207469000, "netTangibleAssets": 1207468000}, {"maxAge": 1, "endDate": "2019-09-30", "cash": 41192000, "netReceivables": 350325000, "inventory": 125331000, "otherCurrentAssets": 1807000, "totalCurrentAssets": 518655000, "longTermInvestments": 514411000, "propertyPlantEquipment": 68143000, "intangibleAssets": 1000, "otherAssets": 181096000, "totalAssets": 1282306000, "accountsPayable": 835000, "otherCurrentLiab": 21180000, "otherLiab": 51394000, "totalCurrentLiabilities": 23443000, "totalLiab": 74837000, "commonStock": 99758000, "treasuryStock": 1107711000, "otherStockholderEquity": 1107711000, "totalStockholderEquity": 1207469000, "netTangibleAssets": 1207468000}], "maxAge": 86400}, "earningsHistory": {"history": [{"maxAge": 1, "epsActual": {}, "epsEstimate": {}, "epsDifference": {}, "surprisePercent": {}, "quarter": {}, "period": "-4q"}, {"maxAge": 1, "epsActual": {}, "epsEstimate": {}, "epsDifference": {}, "surprisePercent": {}, "quarter": {}, "period": "-3q"}, {"maxAge": 1, "epsActual": {}, "epsEstimate": {}, "epsDifference": {}, "surprisePercent": {}, "quarter": {}, "period": "-2q"}, {"maxAge": 1, "epsActual": {}, "epsEstimate": {}, "epsDifference": {}, "surprisePercent": {}, "quarter": {}, "period": "-1q"}], "maxAge": 86400}, "indexTrend": {"maxAge": 1, "symbol": "SP5", "peRatio": 19.7411, "pegRatio": 1.34172, "estimates": [{"period": "0q", "growth": 0.549}, {"period": "+1q", "growth": 0.431}, {"period": "0y", "growth": 0.305}, {"period": "+1y", "growth": 0.109}, {"period": "+5y", "growth": 0.120865}, {"period": "-5y"}]}, "industryTrend": {"maxAge": 1, "symbol": null, "estimates": []}, "insiderTransactions": {"transactions": [{"maxAge": 1, "shares": 3633704, "filerUrl": "", "transactionText": "", "filerName": "Doshi (Sachin Navinchandra)", "filerRelation": "Chief Financial Officer", "moneyText": "", "startDate": "2020-06-18", "ownership": "D"}, {"maxAge": 1, "shares": 7264428, "filerUrl": "", "transactionText": "", "filerName": "Doshi (Kundan Navinchandra)", "filerRelation": "Promoter", "moneyText": "", "startDate": "2020-06-18", "ownership": "D"}], "maxAge": 1}, "quoteType": {"exchange": "BSE", "quoteType": "EQUITY", "symbol": "CORALFINAC.BO", "underlyingSymbol": "CORALFINAC.BO", "shortName": "CORAL INDIA FINANCE & HOUSING", "longName": "Coral India Finance and Housing Limited", "firstTradeDateEpochUtc": "2002-02-20 09:15:00", "timeZoneFullName": "Asia/Kolkata", "timeZoneShortName": "IST", "uuid": "5bd561ee-e998-3a70-a1fc-9b7385f489f3", "messageBoardId": null, "gmtOffSetMilliseconds": 19800000, "maxAge": 1}, "incomeStatementHistory": {"incomeStatementHistory": [{"maxAge": 1, "endDate": "2020-03-31", "totalRevenue": 132388185, "costOfRevenue": 12810970, "grossProfit": 119577215, "researchDevelopment": {}, "sellingGeneralAdministrative": 9762043, "nonRecurring": {}, "otherOperatingExpenses": 11694789, "totalOperatingExpenses": 35529790, "operatingIncome": 96858395, "totalOtherIncomeExpenseNet": 0, "ebit": 0, "interestExpense": {}, "incomeBeforeTax": 96858395, "incomeTaxExpense": 16735211, "minorityInterest": {}, "netIncomeFromContinuingOps": 80123184, "discontinuedOperations": {}, "extraordinaryItems": {}, "effectOfAccountingCharges": {}, "otherItems": {}, "netIncome": 80123184, "netIncomeApplicableToCommonShares": 80123184}, {"maxAge": 1, "endDate": "2019-03-31", "totalRevenue": 145284178, "costOfRevenue": 12595859, "grossProfit": 132688319, "researchDevelopment": {}, "sellingGeneralAdministrative": 12094051, "nonRecurring": {}, "otherOperatingExpenses": 16992680, "totalOperatingExpenses": 43174301, "operatingIncome": 102109877, "totalOtherIncomeExpenseNet": 0, "ebit": 0, "interestExpense": {}, "incomeBeforeTax": 102109877, "incomeTaxExpense": 19928069, "minorityInterest": {}, "netIncomeFromContinuingOps": 82181808, "discontinuedOperations": {}, "extraordinaryItems": {}, "effectOfAccountingCharges": {}, "otherItems": {}, "netIncome": 82181808, "netIncomeApplicableToCommonShares": 82181808}, {"maxAge": 1, "endDate": "2018-03-31", "totalRevenue": 229778259, "costOfRevenue": 28700007, "grossProfit": 201078252, "researchDevelopment": {}, "sellingGeneralAdministrative": 12642346, "nonRecurring": {}, "otherOperatingExpenses": 16880061, "totalOperatingExpenses": 60064918, "operatingIncome": 169713341, "totalOtherIncomeExpenseNet": 30145, "ebit": 0, "interestExpense": {}, "incomeBeforeTax": 169743486, "incomeTaxExpense": 34872209, "minorityInterest": {}, "netIncomeFromContinuingOps": 134871277, "discontinuedOperations": {}, "extraordinaryItems": {}, "effectOfAccountingCharges": {}, "otherItems": {}, "netIncome": 134871277, "netIncomeApplicableToCommonShares": 134871277}, {"maxAge": 1, "endDate": "2017-03-31", "totalRevenue": 135534284, "costOfRevenue": 7925283, "grossProfit": 127609001, "researchDevelopment": {}, "sellingGeneralAdministrative": 9485442, "nonRecurring": {}, "otherOperatingExpenses": 15155032, "totalOperatingExpenses": 34894635, "operatingIncome": 100639649, "totalOtherIncomeExpenseNet": 1, "ebit": 0, "interestExpense": {}, "incomeBeforeTax": 100639650, "incomeTaxExpense": 19502669, "minorityInterest": {}, "netIncomeFromContinuingOps": 81136981, "discontinuedOperations": {}, "extraordinaryItems": {}, "effectOfAccountingCharges": {}, "otherItems": {}, "netIncome": 81136981, "netIncomeApplicableToCommonShares": 81136981}], "maxAge": 86400}, "fundOwnership": {"maxAge": 1, "ownershipList": []}, "summaryDetail": {"maxAge": 1, "priceHint": 2, "previousClose": 25.2, "open": 25.4, "dayLow": 24.15, "dayHigh": 25.4, "regularMarketPreviousClose": 25.2, "regularMarketOpen": 25.4, "regularMarketDayLow": 24.15, "regularMarketDayHigh": 25.4, "trailingPE": 15.003043, "volume": 4280, "regularMarketVolume": 4280, "averageVolume": 8800, "averageVolume10days": 12829, "averageDailyVolume10Day": 12829, "bid": 24.4, "ask": 24.8, "bidSize": 0, "askSize": 0, "marketCap": 993449216, "fiftyTwoWeekLow": 8.25, "fiftyTwoWeekHigh": 35.16, "fiftyDayAverage": 22.265715, "twoHundredDayAverage": 21.336496, "trailingAnnualDividendRate": 0.2, "trailingAnnualDividendYield": 0.007936507, "currency": "INR", "fromCurrency": null, "toCurrency": null, "lastMarket": null, "algorithm": null, "tradeable": false}, "sectorTrend": {"maxAge": 1, "symbol": null, "estimates": []}, "incomeStatementHistoryQuarterly": {"incomeStatementHistory": [{"maxAge": 1, "endDate": "2020-06-30", "totalRevenue": 43608000, "costOfRevenue": 0, "grossProfit": 43608000, "researchDevelopment": {}, "sellingGeneralAdministrative": 2061000, "nonRecurring": {}, "otherOperatingExpenses": 2527000, "totalOperatingExpenses": 4862000, "operatingIncome": 38746000, "totalOtherIncomeExpenseNet": 0, "ebit": 0, "interestExpense": {}, "incomeBeforeTax": 38746000, "incomeTaxExpense": 6400000, "minorityInterest": {}, "netIncomeFromContinuingOps": 32346000, "discontinuedOperations": {}, "extraordinaryItems": {}, "effectOfAccountingCharges": {}, "otherItems": {}, "netIncome": 32346000, "netIncomeApplicableToCommonShares": 32346000}, {"maxAge": 1, "endDate": "2020-03-31", "totalRevenue": -13462815, "costOfRevenue": 5677970, "grossProfit": -19140785, "researchDevelopment": {}, "sellingGeneralAdministrative": 3438043, "nonRecurring": {}, "otherOperatingExpenses": 339789, "totalOperatingExpenses": 9771790, "operatingIncome": -23234605, "totalOtherIncomeExpenseNet": 0, "ebit": 0, "interestExpense": {}, "incomeBeforeTax": -23234605, "incomeTaxExpense": -9610789, "minorityInterest": {}, "netIncomeFromContinuingOps": -13623816, "discontinuedOperations": {}, "extraordinaryItems": {}, "effectOfAccountingCharges": {}, "otherItems": {}, "netIncome": -13623816, "netIncomeApplicableToCommonShares": -13623816}, {"maxAge": 1, "endDate": "2019-12-31", "totalRevenue": 54429000, "costOfRevenue": 4923000, "grossProfit": 49506000, "researchDevelopment": {}, "sellingGeneralAdministrative": 2238000, "nonRecurring": {}, "otherOperatingExpenses": 3271000, "totalOperatingExpenses": 10747000, "operatingIncome": 43682000, "totalOtherIncomeExpenseNet": 0, "ebit": 0, "interestExpense": {}, "incomeBeforeTax": 43682000, "incomeTaxExpense": 8989000, "minorityInterest": {}, "netIncomeFromContinuingOps": 34693000, "discontinuedOperations": {}, "extraordinaryItems": {}, "effectOfAccountingCharges": {}, "otherItems": {}, "netIncome": 34693000, "netIncomeApplicableToCommonShares": 34693000}, {"maxAge": 1, "endDate": "2019-09-30", "totalRevenue": 39948000, "costOfRevenue": 0, "grossProfit": 39948000, "researchDevelopment": {}, "sellingGeneralAdministrative": 1871000, "nonRecurring": {}, "otherOperatingExpenses": 4490000, "totalOperatingExpenses": 6676000, "operatingIncome": 33272000, "totalOtherIncomeExpenseNet": 0, "ebit": 0, "interestExpense": {}, "incomeBeforeTax": 33272000, "incomeTaxExpense": 8568000, "minorityInterest": {}, "netIncomeFromContinuingOps": 24704000, "discontinuedOperations": {}, "extraordinaryItems": {}, "effectOfAccountingCharges": {}, "otherItems": {}, "netIncome": 24704000, "netIncomeApplicableToCommonShares": 24704000}], "maxAge": 86400}, "cashflowStatementHistoryQuarterly": {"cashflowStatements": [{"maxAge": 1, "endDate": "2020-06-30", "netIncome": 32346000, "changeToLiabilities": 0}, {"maxAge": 1, "endDate": "2020-03-31", "netIncome": -13623816, "changeToLiabilities": 0}, {"maxAge": 1, "endDate": "2019-12-31", "netIncome": 34693000, "changeToLiabilities": 0}, {"maxAge": 1, "endDate": "2019-09-30", "netIncome": 24704000, "changeToLiabilities": 0}], "maxAge": 86400}, "insiderHolders": {"holders": [{"maxAge": 1, "name": "Doshi (Kundan Navinchandra)", "relation": "Promoter", "url": "", "transactionDescription": "Acquisition", "latestTransDate": "2020-06-18", "positionDirect": 9080535, "positionDirectDate": "2020-06-18"}, {"maxAge": 1, "name": "Doshi (Sachin Navinchandra)", "relation": "Chief Financial Officer", "url": "", "transactionDescription": "Other", "latestTransDate": "2020-06-18", "positionDirect": 4667130, "positionDirectDate": "2020-06-18"}], "maxAge": 1}, "earnings": {"maxAge": 86400, "earningsChart": {"quarterly": [], "earningsDate": []}, "financialsChart": {"yearly": [{"date": 2017, "revenue": 135534284, "earnings": 81136981}, {"date": 2018, "revenue": 229778259, "earnings": 134871277}, {"date": 2019, "revenue": 145284178, "earnings": 82181808}, {"date": 2020, "revenue": 132388185, "earnings": 80123184}], "quarterly": [{"date": "3Q2019", "revenue": 39948000, "earnings": 24704000}, {"date": "4Q2019", "revenue": 54429000, "earnings": 34693000}, {"date": "1Q2020", "revenue": -13462815, "earnings": -13623816}, {"date": "2Q2020", "revenue": 43608000, "earnings": 32346000}]}, "financialCurrency": "INR"}, "calendarEvents": {"maxAge": 1, "earnings": {"earningsDate": []}}, "price": {"maxAge": 1, "regularMarketChangePercent": -0.021825442, "regularMarketChange": -0.55000114, "regularMarketTime": "2021-04-30 15:25:58", "priceHint": 2, "regularMarketPrice": 24.65, "regularMarketDayHigh": 25.4, "regularMarketDayLow": 24.15, "regularMarketVolume": 4280, "averageDailyVolume10Day": 12829, "averageDailyVolume3Month": 8800, "regularMarketPreviousClose": 25.2, "regularMarketSource": "FREE_REALTIME", "regularMarketOpen": 25.4, "exchange": "BSE", "exchangeName": "BSE", "exchangeDataDelayedBy": 0, "marketState": "CLOSED", "quoteType": "EQUITY", "symbol": "CORALFINAC.BO", "underlyingSymbol": null, "shortName": "CORAL INDIA FINANCE & HOUSING", "longName": "Coral India Finance and Housing Limited", "currency": "INR", "quoteSourceName": "Delayed Quote", "currencySymbol": "\u20b9", "fromCurrency": null, "toCurrency": null, "lastMarket": null, "marketCap": 993449216}, "balanceSheetHistory": {"balanceSheetStatements": [{"maxAge": 1, "endDate": "2020-03-31", "cash": 47520735, "netReceivables": 343891422, "inventory": 120408466, "otherCurrentAssets": 200103, "totalCurrentAssets": 512020726, "longTermInvestments": 478490313, "propertyPlantEquipment": 67882120, "intangibleAssets": 477, "otherAssets": 191561271, "totalAssets": 1249954907, "accountsPayable": 2261867, "otherCurrentLiab": 25302374, "otherLiab": 49954903, "totalCurrentLiabilities": 29324281, "totalLiab": 79279184, "commonStock": 99758000, "retainedEarnings": 1013829043, "treasuryStock": 57088680, "otherStockholderEquity": 57088680, "totalStockholderEquity": 1170675723, "netTangibleAssets": 1170675246}, {"maxAge": 1, "endDate": "2019-03-31", "cash": 38281224, "netReceivables": 343589039, "inventory": 127541150, "otherCurrentAssets": 247879, "totalCurrentAssets": 509659292, "longTermInvestments": 588204477, "propertyPlantEquipment": 65474209, "intangibleAssets": 1033, "otherAssets": 168663560, "totalAssets": 1332002571, "accountsPayable": 2079532, "otherCurrentLiab": 2492694, "otherLiab": 50481370, "totalCurrentLiabilities": 6557858, "totalLiab": 57039228, "commonStock": 99758000, "retainedEarnings": 945732556, "treasuryStock": 229472787, "otherStockholderEquity": 229472787, "totalStockholderEquity": 1274963343, "netTangibleAssets": 1274962310}, {"maxAge": 1, "endDate": "2018-03-31", "cash": 51346859, "netReceivables": 192892316, "inventory": 130225620, "otherCurrentAssets": 416487, "totalCurrentAssets": 374881282, "longTermInvestments": 891941918, "propertyPlantEquipment": 57009268, "intangibleAssets": 2230, "otherAssets": 168493394, "totalAssets": 1492328092, "accountsPayable": 6850772, "otherCurrentLiab": 4416028, "otherLiab": 39841002, "totalCurrentLiabilities": 12389942, "totalLiab": 52230944, "commonStock": 99758000, "retainedEarnings": 875577103, "treasuryStock": 464762045, "otherStockholderEquity": 464762045, "totalStockholderEquity": 1440097148, "netTangibleAssets": 1440094918}, {"maxAge": 1, "endDate": "2017-03-31", "cash": 39668822, "netReceivables": 186496243, "inventory": 116108814, "otherCurrentAssets": 411902, "totalCurrentAssets": 342685781, "longTermInvestments": 932211274, "propertyPlantEquipment": 89072655, "intangibleAssets": 4813, "otherAssets": 147455568, "totalAssets": 1511430091, "accountsPayable": 7594900, "otherCurrentLiab": 20120417, "otherLiab": 33676861, "totalCurrentLiabilities": 28413771, "totalLiab": 62090632, "commonStock": 99758000, "retainedEarnings": 740705826, "treasuryStock": 608875633, "otherStockholderEquity": 608875633, "totalStockholderEquity": 1449339459, "netTangibleAssets": 1449334646}], "maxAge": 86400}, "earningsTrend": {"trend": [{"maxAge": 1, "period": "0q", "endDate": null, "growth": {}, "earningsEstimate": {"avg": 0.0, "low": 0.0, "high": 0.0, "yearAgoEps": {}, "numberOfAnalysts": 0, "growth": {}}, "revenueEstimate": {"avg": 0, "low": 0, "high": 0, "numberOfAnalysts": 0, "yearAgoRevenue": {}, "growth": {}}, "epsTrend": {"current": 0.0, "7daysAgo": 0.0, "30daysAgo": 0.0, "60daysAgo": 0.0, "90daysAgo": 0.0}, "epsRevisions": {"upLast7days": 0, "upLast30days": 0, "downLast30days": 0, "downLast90days": {}}}, {"maxAge": 1, "period": "+1q", "endDate": null, "growth": {}, "earningsEstimate": {"avg": 0.0, "low": 0.0, "high": 0.0, "yearAgoEps": {}, "numberOfAnalysts": 0, "growth": {}}, "revenueEstimate": {"avg": 0, "low": 0, "high": 0, "numberOfAnalysts": 0, "yearAgoRevenue": {}, "growth": {}}, "epsTrend": {"current": 0.0, "7daysAgo": 0.0, "30daysAgo": 0.0, "60daysAgo": 0.0, "90daysAgo": 0.0}, "epsRevisions": {"upLast7days": 0, "upLast30days": 0, "downLast30days": 0, "downLast90days": {}}}, {"maxAge": 1, "period": "0y", "endDate": null, "growth": {}, "earningsEstimate": {"avg": 0.0, "low": 0.0, "high": 0.0, "yearAgoEps": {}, "numberOfAnalysts": 0, "growth": {}}, "revenueEstimate": {"avg": 0, "low": 0, "high": 0, "numberOfAnalysts": 0, "yearAgoRevenue": {}, "growth": {}}, "epsTrend": {"current": 0.0, "7daysAgo": 0.0, "30daysAgo": 0.0, "60daysAgo": 0.0, "90daysAgo": 0.0}, "epsRevisions": {"upLast7days": 0, "upLast30days": 0, "downLast30days": 0, "downLast90days": {}}}, {"maxAge": 1, "period": "+1y", "endDate": null, "growth": {}, "earningsEstimate": {"avg": 0.0, "low": 0.0, "high": 0.0, "yearAgoEps": {}, "numberOfAnalysts": 0, "growth": {}}, "revenueEstimate": {"avg": 0, "low": 0, "high": 0, "numberOfAnalysts": 0, "yearAgoRevenue": {}, "growth": {}}, "epsTrend": {"current": 0.0, "7daysAgo": 0.0, "30daysAgo": 0.0, "60daysAgo": 0.0, "90daysAgo": 0.0}, "epsRevisions": {"upLast7days": 0, "upLast30days": 0, "downLast30days": 0, "downLast90days": {}}}, {"maxAge": 1, "period": "+5y", "endDate": null, "growth": {}, "earningsEstimate": {"avg": {}, "low": {}, "high": {}, "yearAgoEps": {}, "numberOfAnalysts": {}, "growth": {}}, "revenueEstimate": {"avg": {}, "low": {}, "high": {}, "numberOfAnalysts": {}, "yearAgoRevenue": {}, "growth": {}}, "epsTrend": {"current": {}, "7daysAgo": {}, "30daysAgo": {}, "60daysAgo": {}, "90daysAgo": {}}, "epsRevisions": {"upLast7days": {}, "upLast30days": {}, "downLast30days": {}, "downLast90days": {}}}, {"maxAge": 1, "period": "-5y", "endDate": null, "growth": {}, "earningsEstimate": {"avg": {}, "low": {}, "high": {}, "yearAgoEps": {}, "numberOfAnalysts": {}, "growth": {}}, "revenueEstimate": {"avg": {}, "low": {}, "high": {}, "numberOfAnalysts": {}, "yearAgoRevenue": {}, "growth": {}}, "epsTrend": {"current": {}, "7daysAgo": {}, "30daysAgo": {}, "60daysAgo": {}, "90daysAgo": {}}, "epsRevisions": {"upLast7days": {}, "upLast30days": {}, "downLast30days": {}, "downLast90days": {}}}], "maxAge": 1}, "financialData": {"maxAge": 86400, "currentPrice": 24.65, "targetHighPrice": 72.0, "targetLowPrice": 72.0, "targetMeanPrice": 72.0, "targetMedianPrice": 72.0, "recommendationKey": "none", "numberOfAnalystOpinions": 1, "grossProfits": 119577215, "financialCurrency": "INR"}}}