{"CORALAB.BO": {"recommendationTrend": {"trend": [{"period": "0m", "strongBuy": 0, "buy": 0, "hold": 0, "sell": 0, "strongSell": 0}, {"period": "-1m", "strongBuy": 0, "buy": 0, "hold": 0, "sell": 0, "strongSell": 0}, {"period": "-2m", "strongBuy": 0, "buy": 0, "hold": 0, "sell": 0, "strongSell": 0}, {"period": "-3m", "strongBuy": 0, "buy": 0, "hold": 0, "sell": 0, "strongSell": 0}], "maxAge": 86400}, "cashflowStatementHistory": {"cashflowStatements": [{"maxAge": 1, "endDate": "2020-03-31", "netIncome": 71303000, "depreciation": 19878000, "changeToNetincome": 3901000, "changeToAccountReceivables": -40843000, "changeToLiabilities": 14375000, "changeToInventory": -31262000, "changeToOperatingActivities": -76172000, "totalCashFromOperatingActivities": -38629000, "capitalExpenditures": -13798000, "otherCashflowsFromInvestingActivities": -2162000, "totalCashflowsFromInvestingActivities": -15511000, "dividendsPaid": -7145000, "netBorrowings": 44767000, "otherCashflowsFromFinancingActivities": -2050000, "totalCashFromFinancingActivities": 35572000, "changeInCash": -18568000}, {"maxAge": 1, "endDate": "2019-03-31", "netIncome": 102165000, "depreciation": 18834000, "changeToNetincome": -4087000, "changeToAccountReceivables": 12884000, "changeToLiabilities": -1189000, "changeToInventory": 13776000, "changeToOperatingActivities": -151405000, "totalCashFromOperatingActivities": -8828000, "capitalExpenditures": -28166000, "investments": 50046000, "otherCashflowsFromInvestingActivities": 10444000, "totalCashflowsFromInvestingActivities": 32324000, "dividendsPaid": -7145000, "netBorrowings": -2999000, "otherCashflowsFromFinancingActivities": -1685000, "totalCashFromFinancingActivities": -11829000, "changeInCash": 11667000}, {"maxAge": 1, "endDate": "2018-03-31", "netIncome": 124458000, "depreciation": 15428000, "changeToNetincome": -10037000, "changeToAccountReceivables": -9751000, "changeToLiabilities": 20920000, "changeToInventory": 31832000, "changeToOperatingActivities": -38380000, "totalCashFromOperatingActivities": 134650000, "capitalExpenditures": -47283000, "investments": -93732000, "otherCashflowsFromInvestingActivities": 8933000, "totalCashflowsFromInvestingActivities": -132082000, "dividendsPaid": -17863000, "netBorrowings": -4361000, "otherCashflowsFromFinancingActivities": -3969000, "totalCashFromFinancingActivities": -26193000, "changeInCash": -23625000}, {"maxAge": 1, "endDate": "2017-03-31", "netIncome": 162958000, "depreciation": 15386000, "changeToNetincome": -18049000, "changeToAccountReceivables": -28303000, "changeToLiabilities": 3481000, "changeToInventory": -74467000, "changeToOperatingActivities": 46533000, "totalCashFromOperatingActivities": 107722000, "capitalExpenditures": -20088000, "investments": -92751000, "otherCashflowsFromInvestingActivities": 14882000, "totalCashflowsFromInvestingActivities": -97957000, "dividendsPaid": -12900000, "netBorrowings": 17981000, "otherCashflowsFromFinancingActivities": -343000, "totalCashFromFinancingActivities": 4738000, "changeInCash": 14504000}], "maxAge": 86400}, "institutionOwnership": {"ownershipList": [], "maxAge": 1}, "balanceSheetHistoryQuarterly": {"balanceSheetStatements": [{"maxAge": 1, "endDate": "2020-06-30", "totalStockholderEquity": 1156708000, "netTangibleAssets": 1156275000}, {"maxAge": 1, "endDate": "2020-03-31", "cash": 11117000, "netReceivables": 448893000, "inventory": 192987000, "otherCurrentAssets": 301004000, "totalCurrentAssets": 958342000, "longTermInvestments": 248728000, "propertyPlantEquipment": 214906000, "intangibleAssets": 433000, "otherAssets": 20450000, "totalAssets": 1442859000, "accountsPayable": 141442000, "otherCurrentLiab": 42953000, "otherLiab": 35290000, "totalCurrentLiabilities": 250861000, "totalLiab": 286151000, "commonStock": 35726000, "retainedEarnings": 1068318000, "treasuryStock": 52664000, "otherStockholderEquity": 52664000, "totalStockholderEquity": 1156708000, "netTangibleAssets": 1156275000}, {"maxAge": 1, "endDate": "2019-12-31", "totalStockholderEquity": 1106607000, "netTangibleAssets": 1106408000}, {"maxAge": 1, "endDate": "2019-09-30", "cash": 233855000, "netReceivables": 416916000, "inventory": 155216000, "otherCurrentAssets": 15613000, "totalCurrentAssets": 821600000, "longTermInvestments": 250805000, "propertyPlantEquipment": 216656000, "intangibleAssets": 199000, "otherAssets": 24410000, "totalAssets": 1313670000, "accountsPayable": 70750000, "otherCurrentLiab": 60806000, "otherLiab": 39639000, "totalCurrentLiabilities": 167424000, "totalLiab": 207063000, "commonStock": 35726000, "treasuryStock": 1070881000, "otherStockholderEquity": 1070881000, "totalStockholderEquity": 1106607000, "netTangibleAssets": 1106408000}], "maxAge": 86400}, "earningsHistory": {"history": [{"maxAge": 1, "epsActual": {}, "epsEstimate": {}, "epsDifference": {}, "surprisePercent": {}, "quarter": {}, "period": "-4q"}, {"maxAge": 1, "epsActual": 14.13, "epsEstimate": 12.62, "epsDifference": 1.51, "surprisePercent": 0.12, "quarter": "2016-12-31", "period": "-3q"}, {"maxAge": 1, "epsActual": 5.46, "epsEstimate": 9.55, "epsDifference": -4.09, "surprisePercent": -0.428, "quarter": "2017-06-30", "period": "-2q"}, {"maxAge": 1, "epsActual": 5.95, "epsEstimate": 16.05, "epsDifference": -10.1, "surprisePercent": -0.629, "quarter": "2017-12-31", "period": "-1q"}], "maxAge": 86400}, "indexTrend": {"maxAge": 1, "symbol": "SP5", "peRatio": 19.7411, "pegRatio": 1.34172, "estimates": [{"period": "0q", "growth": 0.549}, {"period": "+1q", "growth": 0.431}, {"period": "0y", "growth": 0.305}, {"period": "+1y", "growth": 0.109}, {"period": "+5y", "growth": 0.120859005}, {"period": "-5y"}]}, "industryTrend": {"maxAge": 1, "symbol": null, "estimates": []}, "insiderTransactions": {"transactions": [{"maxAge": 1, "shares": 284001, "filerUrl": "", "transactionText": "", "filerName": "Doshi (Navinchandra Bahubhai)", "filerRelation": "Promoter", "moneyText": "", "startDate": "2019-06-20", "ownership": "D"}, {"maxAge": 1, "shares": 284001, "filerUrl": "", "transactionText": "", "filerName": "Doshi (Navinchandra Bahubhai)", "filerRelation": "Promoter", "moneyText": "", "startDate": "2019-06-20", "ownership": "D"}, {"maxAge": 1, "shares": 529073, "filerUrl": "", "transactionText": "", "filerName": "Doshi (Kundan Navinchandra)", "filerRelation": "Promoter", "moneyText": "", "startDate": "2019-06-20", "ownership": "D"}, {"maxAge": 1, "shares": 529073, "filerUrl": "", "transactionText": "", "filerName": "Doshi (Kundan Navinchandra)", "filerRelation": "Promoter", "moneyText": "", "startDate": "2019-06-20", "ownership": "D"}, {"maxAge": 1, "shares": 1405814, "filerUrl": "", "transactionText": "", "filerName": "Doshi (Chetan Navinchandra)", "filerRelation": "Promoter", "moneyText": "", "startDate": "2019-06-20", "ownership": "D"}, {"maxAge": 1, "shares": 290, "filerUrl": "", "transactionText": "", "filerName": "Doshi (Sachin Navinchandra)", "filerRelation": "Promoter", "moneyText": "", "startDate": "2014-07-22", "ownership": "D"}, {"maxAge": 1, "shares": 13862, "filerUrl": "", "transactionText": "", "filerName": "Doshi (Chetan Navinchandra)", "filerRelation": "Promoter", "moneyText": "", "startDate": "2014-04-22", "ownership": "D"}, {"maxAge": 1, "shares": 109164, "filerUrl": "", "transactionText": "", "filerName": "Doshi (Sachin Navinchandra)", "filerRelation": "Promoter", "moneyText": "", "startDate": "2014-04-22", "ownership": "D"}, {"maxAge": 1, "shares": 660, "filerUrl": "", "transactionText": "", "filerName": "Doshi (Chetan Navinchandra)", "filerRelation": "Promoter", "moneyText": "", "startDate": "2013-02-13", "ownership": "D"}, {"maxAge": 1, "shares": 345, "filerUrl": "", "transactionText": "", "filerName": "Doshi (Chetan Navinchandra)", "filerRelation": "Promoter", "moneyText": "", "startDate": "2013-02-12", "ownership": "D"}, {"maxAge": 1, "shares": 315, "filerUrl": "", "transactionText": "", "filerName": "Doshi (Chetan Navinchandra)", "filerRelation": "Promoter", "moneyText": "", "startDate": "2013-02-11", "ownership": "D"}, {"maxAge": 1, "shares": 32506, "filerUrl": "", "transactionText": "", "filerName": "Doshi (Chetan Navinchandra)", "filerRelation": "Promoter", "moneyText": "", "startDate": "2012-09-17", "ownership": "D"}, {"maxAge": 1, "shares": 19870, "filerUrl": "", "transactionText": "", "filerName": "Doshi (Chetan Navinchandra)", "filerRelation": "Promoter", "moneyText": "", "startDate": "2011-11-02", "ownership": "D"}, {"maxAge": 1, "shares": 80, "filerUrl": "", "transactionText": "", "filerName": "Doshi (Sachin Navinchandra)", "filerRelation": "Promoter", "moneyText": "", "startDate": "2011-09-15", "ownership": "D"}, {"maxAge": 1, "shares": 150, "filerUrl": "", "transactionText": "", "filerName": "Doshi (Sachin Navinchandra)", "filerRelation": "Promoter", "moneyText": "", "startDate": "2011-09-14", "ownership": "D"}, {"maxAge": 1, "shares": 473, "filerUrl": "", "transactionText": "", "filerName": "Doshi (Sachin Navinchandra)", "filerRelation": "Promoter", "moneyText": "", "startDate": "2011-09-13", "ownership": "D"}, {"maxAge": 1, "shares": 25, "filerUrl": "", "transactionText": "", "filerName": "Doshi (Sachin Navinchandra)", "filerRelation": "Promoter", "moneyText": "", "startDate": "2011-09-08", "ownership": "D"}, {"maxAge": 1, "shares": 624, "filerUrl": "", "transactionText": "", "filerName": "Doshi (Sachin Navinchandra)", "filerRelation": "Promoter", "moneyText": "", "startDate": "2011-09-06", "ownership": "D"}], "maxAge": 1}, "quoteType": {"exchange": "BSE", "quoteType": "EQUITY", "symbol": "CORALAB.BO", "underlyingSymbol": "CORALAB.BO", "shortName": "CORAL LABORATORIES LTD.", "longName": "Coral Laboratories Limited", "firstTradeDateEpochUtc": "2001-12-31 09:15:00", "timeZoneFullName": "Asia/Kolkata", "timeZoneShortName": "IST", "uuid": "9564077e-e0d7-338e-a223-584592d7c999", "gmtOffSetMilliseconds": 19800000, "maxAge": 1}, "incomeStatementHistory": {"incomeStatementHistory": [{"maxAge": 1, "endDate": "2020-03-31", "totalRevenue": 705795000, "costOfRevenue": 417241000, "grossProfit": 288554000, "researchDevelopment": {}, "sellingGeneralAdministrative": 110928000, "nonRecurring": {}, "otherOperatingExpenses": 120432000, "totalOperatingExpenses": 668670000, "operatingIncome": 37125000, "totalOtherIncomeExpenseNet": 54045000, "ebit": 37125000, "interestExpense": -581000, "incomeBeforeTax": 91170000, "incomeTaxExpense": 19867000, "minorityInterest": {}, "netIncomeFromContinuingOps": 71303000, "discontinuedOperations": {}, "extraordinaryItems": {}, "effectOfAccountingCharges": {}, "otherItems": {}, "netIncome": 71303000, "netIncomeApplicableToCommonShares": 71303000}, {"maxAge": 1, "endDate": "2019-03-31", "totalRevenue": 910812000, "costOfRevenue": 554792000, "grossProfit": 356020000, "researchDevelopment": {}, "sellingGeneralAdministrative": 116257000, "nonRecurring": {}, "otherOperatingExpenses": 113624000, "totalOperatingExpenses": 803701000, "operatingIncome": 107111000, "totalOtherIncomeExpenseNet": 47953000, "ebit": 107111000, "interestExpense": -230000, "incomeBeforeTax": 155064000, "incomeTaxExpense": 52899000, "minorityInterest": {}, "netIncomeFromContinuingOps": 102165000, "discontinuedOperations": {}, "extraordinaryItems": {}, "effectOfAccountingCharges": {}, "otherItems": {}, "netIncome": 102165000, "netIncomeApplicableToCommonShares": 102165000}, {"maxAge": 1, "endDate": "2018-03-31", "totalRevenue": 924736000, "costOfRevenue": 549055000, "grossProfit": 375681000, "researchDevelopment": {}, "sellingGeneralAdministrative": 100294000, "nonRecurring": {}, "otherOperatingExpenses": 120624000, "totalOperatingExpenses": 785581000, "operatingIncome": 139155000, "totalOtherIncomeExpenseNet": 41339000, "ebit": 139155000, "interestExpense": -333000, "incomeBeforeTax": 180494000, "incomeTaxExpense": 56036000, "minorityInterest": {}, "netIncomeFromContinuingOps": 124458000, "discontinuedOperations": {}, "extraordinaryItems": {}, "effectOfAccountingCharges": {}, "otherItems": {}, "netIncome": 124458000, "netIncomeApplicableToCommonShares": 124458000}, {"maxAge": 1, "endDate": "2017-03-31", "totalRevenue": 903986000, "costOfRevenue": 450496000, "grossProfit": 453490000, "researchDevelopment": {}, "sellingGeneralAdministrative": 71465000, "nonRecurring": {}, "otherOperatingExpenses": 147376000, "totalOperatingExpenses": 684906000, "operatingIncome": 219080000, "totalOtherIncomeExpenseNet": 29786000, "ebit": 219080000, "interestExpense": -343000, "incomeBeforeTax": 248866000, "incomeTaxExpense": 85908000, "minorityInterest": {}, "netIncomeFromContinuingOps": 162958000, "discontinuedOperations": {}, "extraordinaryItems": {}, "effectOfAccountingCharges": {}, "otherItems": {}, "netIncome": 162958000, "netIncomeApplicableToCommonShares": 162958000}], "maxAge": 86400}, "fundOwnership": {"ownershipList": [], "maxAge": 1}, "summaryDetail": {"maxAge": 1, "priceHint": 2, "previousClose": 387.85, "open": 394.05, "dayLow": 382.75, "dayHigh": 397.0, "regularMarketPreviousClose": 387.85, "regularMarketOpen": 394.05, "regularMarketDayLow": 382.75, "regularMarketDayHigh": 397.0, "trailingPE": 11.573469, "forwardPE": 8.994452, "volume": 5433, "regularMarketVolume": 5433, "averageVolume": 3050, "averageVolume10days": 1204, "averageDailyVolume10Day": 1204, "bid": 388.05, "ask": 392.95, "bidSize": 0, "askSize": 0, "marketCap": 1390098688, "fiftyTwoWeekLow": 81.2, "fiftyTwoWeekHigh": 443.3, "fiftyDayAverage": 299.05908, "twoHundredDayAverage": 320.4147, "trailingAnnualDividendRate": 2.0, "trailingAnnualDividendYield": 0.0051566325, "currency": "INR", "fromCurrency": null, "lastMarket": null, "algorithm": null, "tradeable": false}, "sectorTrend": {"maxAge": 1, "symbol": null, "estimates": []}, "incomeStatementHistoryQuarterly": {"incomeStatementHistory": [{"maxAge": 1, "endDate": "2020-06-30", "totalRevenue": 222812000, "costOfRevenue": 120827000, "grossProfit": 101985000, "researchDevelopment": {}, "sellingGeneralAdministrative": 18199000, "nonRecurring": {}, "otherOperatingExpenses": 31428000, "totalOperatingExpenses": 175508000, "operatingIncome": 47304000, "totalOtherIncomeExpenseNet": 10076000, "ebit": 47304000, "interestExpense": -12000, "incomeBeforeTax": 57380000, "incomeTaxExpense": 4700000, "minorityInterest": {}, "netIncomeFromContinuingOps": 52680000, "discontinuedOperations": {}, "extraordinaryItems": {}, "effectOfAccountingCharges": {}, "otherItems": {}, "netIncome": 52680000, "netIncomeApplicableToCommonShares": 52680000}, {"maxAge": 1, "endDate": "2020-03-31", "totalRevenue": 205515000, "costOfRevenue": 126012000, "grossProfit": 79503000, "researchDevelopment": {}, "sellingGeneralAdministrative": 41131000, "nonRecurring": {}, "otherOperatingExpenses": 12417000, "totalOperatingExpenses": 184082000, "operatingIncome": 21433000, "totalOtherIncomeExpenseNet": 26307000, "ebit": 21433000, "interestExpense": -276000, "incomeBeforeTax": 47740000, "incomeTaxExpense": 12867000, "minorityInterest": {}, "netIncomeFromContinuingOps": 34873000, "discontinuedOperations": {}, "extraordinaryItems": {}, "effectOfAccountingCharges": {}, "otherItems": {}, "netIncome": 34873000, "netIncomeApplicableToCommonShares": 34873000}, {"maxAge": 1, "endDate": "2019-12-31", "totalRevenue": 198934000, "costOfRevenue": 112062000, "grossProfit": 86872000, "researchDevelopment": {}, "sellingGeneralAdministrative": 24446000, "nonRecurring": {}, "otherOperatingExpenses": 41613000, "totalOperatingExpenses": 183996000, "operatingIncome": 14938000, "totalOtherIncomeExpenseNet": 11072000, "ebit": 14938000, "interestExpense": -50000, "incomeBeforeTax": 26010000, "incomeTaxExpense": 3500000, "minorityInterest": {}, "netIncomeFromContinuingOps": 22510000, "discontinuedOperations": {}, "extraordinaryItems": {}, "effectOfAccountingCharges": {}, "otherItems": {}, "netIncome": 22510000, "netIncomeApplicableToCommonShares": 22510000}, {"maxAge": 1, "endDate": "2019-09-30", "totalRevenue": 165086000, "costOfRevenue": 103293000, "grossProfit": 61793000, "researchDevelopment": {}, "sellingGeneralAdministrative": 23070000, "nonRecurring": {}, "otherOperatingExpenses": 30198000, "totalOperatingExpenses": 161445000, "operatingIncome": 3641000, "totalOtherIncomeExpenseNet": 8583000, "ebit": 3641000, "interestExpense": -141000, "incomeBeforeTax": 12224000, "incomeTaxExpense": 2200000, "minorityInterest": {}, "netIncomeFromContinuingOps": 10024000, "discontinuedOperations": {}, "extraordinaryItems": {}, "effectOfAccountingCharges": {}, "otherItems": {}, "netIncome": 10024000, "netIncomeApplicableToCommonShares": 10024000}], "maxAge": 86400}, "cashflowStatementHistoryQuarterly": {"cashflowStatements": [{"maxAge": 1, "endDate": "2020-06-30", "netIncome": 52680000, "changeToLiabilities": 0}, {"maxAge": 1, "endDate": "2020-03-31", "netIncome": 34873000, "changeToLiabilities": 0}, {"maxAge": 1, "endDate": "2019-12-31", "netIncome": 22510000, "changeToLiabilities": 0}, {"maxAge": 1, "endDate": "2019-09-30", "netIncome": 10024000, "changeToLiabilities": 0}], "maxAge": 86400}, "insiderHolders": {"holders": [{"maxAge": 1, "name": "Doshi (Chetan Navinchandra)", "relation": "Promoter", "url": "", "transactionDescription": "Other", "latestTransDate": "2019-06-20", "positionDirect": 1841562, "positionDirectDate": "2019-06-20"}, {"maxAge": 1, "name": "Doshi (Kundan Navinchandra)", "relation": "Promoter", "url": "", "transactionDescription": "Other", "latestTransDate": "2019-06-20", "positionDirect": 529073, "positionDirectDate": "2019-06-20"}, {"maxAge": 1, "name": "Doshi (Navinchandra Bahubhai)", "relation": "Promoter", "url": "", "transactionDescription": "Other", "latestTransDate": "2019-06-20", "positionDirect": 0, "positionDirectDate": "2019-06-20"}, {"maxAge": 1, "name": "Doshi (Sachin Navinchandra)", "relation": "Promoter", "url": "", "transactionDescription": "Acquisition", "latestTransDate": "2014-07-22", "positionDirect": 587926, "positionDirectDate": "2014-07-22"}], "maxAge": 1}, "earnings": {"maxAge": 86400, "earningsChart": {"quarterly": [{"date": "4Q2016", "actual": 14.13, "estimate": 12.62}, {"date": "2Q2017", "actual": 5.46, "estimate": 9.55}, {"date": "4Q2017", "actual": 5.95, "estimate": 16.05}], "currentQuarterEstimateDate": "1Q", "currentQuarterEstimateYear": 2018, "earningsDate": ["2020-09-04 05:30:S"]}, "financialsChart": {"yearly": [{"date": 2017, "revenue": 903986000, "earnings": 162958000}, {"date": 2018, "revenue": 924736000, "earnings": 124458000}, {"date": 2019, "revenue": 910812000, "earnings": 102165000}, {"date": 2020, "revenue": 705795000, "earnings": 71303000}], "quarterly": [{"date": "3Q2019", "revenue": 165086000, "earnings": 10024000}, {"date": "4Q2019", "revenue": 198934000, "earnings": 22510000}, {"date": "1Q2020", "revenue": 205515000, "earnings": 34873000}, {"date": "2Q2020", "revenue": 222812000, "earnings": 52680000}]}, "financialCurrency": "INR"}, "calendarEvents": {"maxAge": 1, "earnings": {"earningsDate": ["2020-09-04 05:30:S"], "revenueAverage": 289447000}}, "upgradeDowngradeHistory": {"history": [], "maxAge": 86400}, "price": {"maxAge": 1, "regularMarketChangePercent": 0.0032228953, "regularMarketChange": 1.25, "regularMarketTime": "2021-04-30 15:25:11", "priceHint": 2, "regularMarketPrice": 389.1, "regularMarketDayHigh": 397.0, "regularMarketDayLow": 382.75, "regularMarketVolume": 5433, "averageDailyVolume10Day": 1204, "averageDailyVolume3Month": 3050, "regularMarketPreviousClose": 387.85, "regularMarketSource": "FREE_REALTIME", "regularMarketOpen": 394.05, "exchange": "BSE", "exchangeName": "BSE", "exchangeDataDelayedBy": 0, "marketState": "CLOSED", "quoteType": "EQUITY", "symbol": "CORALAB.BO", "underlyingSymbol": null, "shortName": "CORAL LABORATORIES LTD.", "longName": "Coral Laboratories Limited", "currency": "INR", "quoteSourceName": "Delayed Quote", "currencySymbol": "\u20b9", "fromCurrency": null, "lastMarket": null, "marketCap": 1390098688}, "balanceSheetHistory": {"balanceSheetStatements": [{"maxAge": 1, "endDate": "2020-03-31", "cash": 11117000, "netReceivables": 448893000, "inventory": 192987000, "otherCurrentAssets": 301004000, "totalCurrentAssets": 958342000, "longTermInvestments": 248728000, "propertyPlantEquipment": 214906000, "intangibleAssets": 433000, "otherAssets": 20450000, "totalAssets": 1442859000, "accountsPayable": 141442000, "otherCurrentLiab": 42953000, "otherLiab": 35290000, "totalCurrentLiabilities": 250861000, "totalLiab": 286151000, "commonStock": 35726000, "retainedEarnings": 1068318000, "treasuryStock": 52664000, "otherStockholderEquity": 52664000, "totalStockholderEquity": 1156708000, "netTangibleAssets": 1156275000}, {"maxAge": 1, "endDate": "2019-03-31", "cash": 29685000, "netReceivables": 437453000, "inventory": 161725000, "otherCurrentAssets": 202928000, "totalCurrentAssets": 836320000, "longTermInvestments": 280554000, "propertyPlantEquipment": 221134000, "intangibleAssets": 623000, "otherAssets": 19104000, "totalAssets": 1357735000, "accountsPayable": 127067000, "otherCurrentLiab": 33126000, "otherLiab": 39834000, "totalCurrentLiabilities": 180205000, "totalLiab": 220039000, "commonStock": 35726000, "retainedEarnings": 1005630000, "treasuryStock": 96340000, "otherStockholderEquity": 96340000, "totalStockholderEquity": 1137696000, "netTangibleAssets": 1137073000}, {"maxAge": 1, "endDate": "2018-03-31", "cash": 18018000, "netReceivables": 415871000, "inventory": 175501000, "otherCurrentAssets": 109751000, "totalCurrentAssets": 723333000, "longTermInvestments": 449830000, "propertyPlantEquipment": 211674000, "intangibleAssets": 728000, "otherAssets": 16304000, "totalAssets": 1401869000, "accountsPayable": 128256000, "otherCurrentLiab": 51890000, "otherLiab": 36543000, "totalCurrentLiabilities": 201967000, "totalLiab": 238510000, "commonStock": 35726000, "retainedEarnings": 912069000, "treasuryStock": 215564000, "otherStockholderEquity": 215564000, "totalStockholderEquity": 1163359000, "netTangibleAssets": 1162631000}, {"maxAge": 1, "endDate": "2017-03-31", "cash": 41643000, "netReceivables": 397444000, "inventory": 207333000, "otherCurrentAssets": 84624000, "totalCurrentAssets": 735182000, "longTermInvestments": 386048000, "propertyPlantEquipment": 172811000, "intangibleAssets": 861000, "otherAssets": 16303000, "totalAssets": 1311205000, "accountsPayable": 100385000, "otherCurrentLiab": 52563000, "otherLiab": 34652000, "totalCurrentLiabilities": 184977000, "totalLiab": 219629000, "commonStock": 35726000, "retainedEarnings": 809110000, "treasuryStock": 246740000, "otherStockholderEquity": 246740000, "totalStockholderEquity": 1091576000, "netTangibleAssets": 1090715000}], "maxAge": 86400}, "earningsTrend": {"trend": [{"maxAge": 1, "period": "0q", "endDate": "2018-03-31", "growth": {}, "earningsEstimate": {"avg": 0.0, "low": 0.0, "high": 0.0, "yearAgoEps": {}, "numberOfAnalysts": 0, "growth": {}}, "revenueEstimate": {"avg": 289447000, "low": 0, "high": 0, "numberOfAnalysts": 0, "yearAgoRevenue": 305973000, "growth": -0.054}, "epsTrend": {"current": 0.0, "7daysAgo": 0.0, "30daysAgo": 0.0, "60daysAgo": 0.0, "90daysAgo": 0.0}, "epsRevisions": {"upLast7days": 0, "upLast30days": 0, "downLast30days": 0, "downLast90days": {}}}, {"maxAge": 1, "period": "+1q", "endDate": "2018-06-30", "growth": {}, "earningsEstimate": {"avg": 0.0, "low": 0.0, "high": 0.0, "yearAgoEps": 14.13, "numberOfAnalysts": 0, "growth": {}}, "revenueEstimate": {"avg": 235398000, "low": 0, "high": 0, "numberOfAnalysts": 0, "yearAgoRevenue": 185084000, "growth": 0.272}, "epsTrend": {"current": 0.0, "7daysAgo": 0.0, "30daysAgo": 0.0, "60daysAgo": 0.0, "90daysAgo": 0.0}, "epsRevisions": {"upLast7days": 0, "upLast30days": 0, "downLast30days": 0, "downLast90days": {}}}, {"maxAge": 1, "period": "0y", "endDate": "2018-03-31", "growth": {}, "earningsEstimate": {"avg": 0.0, "low": 0.0, "high": 0.0, "yearAgoEps": {}, "numberOfAnalysts": 0, "growth": {}}, "revenueEstimate": {"avg": 924735000, "low": 1067840000, "high": 1067840000, "numberOfAnalysts": 1, "yearAgoRevenue": 864417000, "growth": 0.07}, "epsTrend": {"current": 0.0, "7daysAgo": 51.62, "30daysAgo": 51.62, "60daysAgo": 51.62, "90daysAgo": 51.62}, "epsRevisions": {"upLast7days": 0, "upLast30days": 0, "downLast30days": 0, "downLast90days": {}}}, {"maxAge": 1, "period": "+1y", "endDate": "2019-03-31", "growth": {}, "earningsEstimate": {"avg": 0.0, "low": 0.0, "high": 0.0, "yearAgoEps": {}, "numberOfAnalysts": 0, "growth": {}}, "revenueEstimate": {"avg": 1215200000, "low": 1215200000, "high": 1215200000, "numberOfAnalysts": 1, "yearAgoRevenue": 924735000, "growth": 0.314}, "epsTrend": {"current": 0.0, "7daysAgo": 58.14, "30daysAgo": 58.14, "60daysAgo": 58.14, "90daysAgo": 58.14}, "epsRevisions": {"upLast7days": 0, "upLast30days": 0, "downLast30days": 0, "downLast90days": {}}}, {"maxAge": 1, "period": "+5y", "endDate": null, "growth": {}, "earningsEstimate": {"avg": {}, "low": {}, "high": {}, "yearAgoEps": {}, "numberOfAnalysts": {}, "growth": {}}, "revenueEstimate": {"avg": {}, "low": {}, "high": {}, "numberOfAnalysts": {}, "yearAgoRevenue": {}, "growth": {}}, "epsTrend": {"current": {}, "7daysAgo": {}, "30daysAgo": {}, "60daysAgo": {}, "90daysAgo": {}}, "epsRevisions": {"upLast7days": {}, "upLast30days": {}, "downLast30days": {}, "downLast90days": {}}}, {"maxAge": 1, "period": "-5y", "endDate": null, "growth": {}, "earningsEstimate": {"avg": {}, "low": {}, "high": {}, "yearAgoEps": {}, "numberOfAnalysts": {}, "growth": {}}, "revenueEstimate": {"avg": {}, "low": {}, "high": {}, "numberOfAnalysts": {}, "yearAgoRevenue": {}, "growth": {}}, "epsTrend": {"current": {}, "7daysAgo": {}, "30daysAgo": {}, "60daysAgo": {}, "90daysAgo": {}}, "epsRevisions": {"upLast7days": {}, "upLast30days": {}, "downLast30days": {}, "downLast90days": {}}}], "maxAge": 1}, "financialData": {"maxAge": 86400, "currentPrice": 389.1, "targetHighPrice": 480.0, "targetLowPrice": 480.0, "targetMeanPrice": 480.0, "targetMedianPrice": 480.0, "recommendationKey": "none", "numberOfAnalystOpinions": 1, "grossProfits": 288554000, "financialCurrency": "INR"}}}