{"CORDSCABLE.BO": {"recommendationTrend": {"trend": [{"period": "0m", "strongBuy": 0, "buy": 0, "hold": 0, "sell": 0, "strongSell": 0}, {"period": "-1m", "strongBuy": 0, "buy": 0, "hold": 0, "sell": 0, "strongSell": 0}, {"period": "-2m", "strongBuy": 0, "buy": 0, "hold": 0, "sell": 0, "strongSell": 0}, {"period": "-3m", "strongBuy": 0, "buy": 0, "hold": 0, "sell": 0, "strongSell": 0}], "maxAge": 86400}, "cashflowStatementHistory": {"cashflowStatements": [{"maxAge": 1, "endDate": "2020-03-31", "netIncome": 106676000, "depreciation": 66133000, "changeToNetincome": 213446000, "changeToAccountReceivables": -71210000, "changeToLiabilities": 73653000, "changeToInventory": 1523000, "changeToOperatingActivities": 30486000, "totalCashFromOperatingActivities": 420707000, "capitalExpenditures": -94167000, "investments": 1501000, "otherCashflowsFromInvestingActivities": -26741000, "totalCashflowsFromInvestingActivities": -118052000, "netBorrowings": -46972000, "otherCashflowsFromFinancingActivities": -257335000, "totalCashFromFinancingActivities": -304307000, "changeInCash": -1653000}, {"maxAge": 1, "endDate": "2019-03-31", "netIncome": 73542000, "depreciation": 56735000, "changeToNetincome": 215533000, "changeToAccountReceivables": -118234000, "changeToLiabilities": 75612000, "changeToInventory": -61849000, "changeToOperatingActivities": -64841000, "totalCashFromOperatingActivities": 176498000, "capitalExpenditures": -97768000, "investments": -518000, "otherCashflowsFromInvestingActivities": 70541000, "totalCashflowsFromInvestingActivities": -27745000, "netBorrowings": 88653000, "otherCashflowsFromFinancingActivities": -238301000, "totalCashFromFinancingActivities": -149648000, "changeInCash": -895000}, {"maxAge": 1, "endDate": "2018-03-31", "netIncome": 62620000, "depreciation": 50604000, "changeToNetincome": 232671000, "changeToAccountReceivables": -82255000, "changeToLiabilities": -94136000, "changeToInventory": -61942000, "changeToOperatingActivities": 91563000, "totalCashFromOperatingActivities": 199125000, "capitalExpenditures": -80554000, "investments": -230000, "otherCashflowsFromInvestingActivities": 10937000, "totalCashflowsFromInvestingActivities": -69402000, "netBorrowings": 99765000, "otherCashflowsFromFinancingActivities": -228658000, "totalCashFromFinancingActivities": -128893000, "changeInCash": 830000}, {"maxAge": 1, "endDate": "2017-03-31", "netIncome": 51719000, "depreciation": 52126000, "changeToNetincome": 209835000, "changeToAccountReceivables": 11116000, "changeToLiabilities": -149445000, "changeToInventory": 8148000, "changeToOperatingActivities": 5012000, "totalCashFromOperatingActivities": 188511000, "capitalExpenditures": -2915000, "investments": -2321000, "otherCashflowsFromInvestingActivities": -17122000, "totalCashflowsFromInvestingActivities": -22291000, "netBorrowings": 53815000, "otherCashflowsFromFinancingActivities": -220474000, "totalCashFromFinancingActivities": -166659000, "changeInCash": -438000}], "maxAge": 86400}, "institutionOwnership": {"maxAge": 1, "ownershipList": []}, "balanceSheetHistoryQuarterly": {"balanceSheetStatements": [{"maxAge": 1, "endDate": "2020-06-30", "totalStockholderEquity": 1413047000, "netTangibleAssets": 1413047000}, {"maxAge": 1, "endDate": "2020-03-31", "cash": 1703000, "shortTermInvestments": 2802000, "netReceivables": 1209028000, "inventory": 596728000, "otherCurrentAssets": 365217000, "totalCurrentAssets": 2175478000, "propertyPlantEquipment": 960354000, "otherAssets": 16790000, "totalAssets": 3152622000, "accountsPayable": 795151000, "shortLongTermDebt": 58673000, "otherCurrentLiab": 20761000, "longTermDebt": 119463000, "otherLiab": 71413000, "totalCurrentLiabilities": 1548699000, "totalLiab": 1739575000, "commonStock": 129278000, "retainedEarnings": 767375000, "treasuryStock": 13958000, "capitalSurplus": 502436000, "otherStockholderEquity": 13958000, "totalStockholderEquity": 1413047000, "netTangibleAssets": 1413047000}, {"maxAge": 1, "endDate": "2019-12-31", "totalStockholderEquity": 1384345000, "netTangibleAssets": 1384345000}, {"maxAge": 1, "endDate": "2019-09-30", "cash": 225104000, "shortTermInvestments": 4058000, "netReceivables": 1175110000, "inventory": 597402000, "otherCurrentAssets": 164789000, "totalCurrentAssets": 2166463000, "propertyPlantEquipment": 974347000, "otherAssets": 16359000, "totalAssets": 3157169000, "accountsPayable": 762141000, "shortLongTermDebt": 81347000, "otherCurrentLiab": 45783000, "longTermDebt": 136479000, "otherLiab": 97981000, "totalCurrentLiabilities": 1538364000, "totalLiab": 1772824000, "commonStock": 129278000, "treasuryStock": 1255067000, "otherStockholderEquity": 1255067000, "totalStockholderEquity": 1384345000, "netTangibleAssets": 1384345000}], "maxAge": 86400}, "earningsHistory": {"history": [{"maxAge": 1, "epsActual": {}, "epsEstimate": {}, "epsDifference": {}, "surprisePercent": {}, "quarter": {}, "period": "-4q"}, {"maxAge": 1, "epsActual": {}, "epsEstimate": {}, "epsDifference": {}, "surprisePercent": {}, "quarter": {}, "period": "-3q"}, {"maxAge": 1, "epsActual": {}, "epsEstimate": {}, "epsDifference": {}, "surprisePercent": {}, "quarter": {}, "period": "-2q"}, {"maxAge": 1, "epsActual": {}, "epsEstimate": {}, "epsDifference": {}, "surprisePercent": {}, "quarter": {}, "period": "-1q"}], "maxAge": 86400}, "indexTrend": {"maxAge": 1, "symbol": "SP5", "peRatio": 19.7411, "pegRatio": 1.34172, "estimates": [{"period": "0q", "growth": 0.549}, {"period": "+1q", "growth": 0.431}, {"period": "0y", "growth": 0.305}, {"period": "+1y", "growth": 0.109}, {"period": "+5y", "growth": 0.120865}, {"period": "-5y"}]}, "industryTrend": {"maxAge": 1, "symbol": null, "estimates": []}, "insiderTransactions": {"transactions": [{"maxAge": 1, "shares": 160342, "filerUrl": "", "transactionText": "", "filerName": "Prashar (Adesh)", "filerRelation": "Promoter", "moneyText": "", "startDate": "2015-04-21", "ownership": "D"}, {"maxAge": 1, "shares": 3338392, "filerUrl": "", "transactionText": "", "filerName": "Sawhney (Naveen)", "filerRelation": "Executive Chairman", "moneyText": "", "startDate": "2015-04-21", "ownership": "D"}, {"maxAge": 1, "shares": 184247, "filerUrl": "", "transactionText": "", "filerName": "Prashar (Rahul)", "filerRelation": "Promoter", "moneyText": "", "startDate": "2015-04-21", "ownership": "D"}, {"maxAge": 1, "shares": 2786044, "filerUrl": "", "transactionText": "", "filerName": "Prashar (Devender Kumar)", "filerRelation": "Promoter", "moneyText": "", "startDate": "2015-04-21", "ownership": "D"}, {"maxAge": 1, "shares": 192540, "filerUrl": "", "transactionText": "", "filerName": "Prashar (Amit)", "filerRelation": "Promoter", "moneyText": "", "startDate": "2015-04-21", "ownership": "D"}, {"maxAge": 1, "shares": 24752, "filerUrl": "", "transactionText": "", "filerName": "Sawhney (Naveen)", "filerRelation": "Executive Chairman", "moneyText": "", "startDate": "2013-04-25", "ownership": "D"}, {"maxAge": 1, "shares": 25997, "filerUrl": "", "transactionText": "", "filerName": "Prashar (Devender Kumar)", "filerRelation": "Joint Managing director", "moneyText": "", "startDate": "2013-03-26", "ownership": "D"}, {"maxAge": 1, "shares": 28000, "filerUrl": "", "transactionText": "", "filerName": "Sawhney (Naveen)", "filerRelation": "Executive Chairman", "moneyText": "", "startDate": "2012-06-11", "ownership": "D"}, {"maxAge": 1, "shares": 28700, "filerUrl": "", "transactionText": "", "filerName": "Prashar (Devender Kumar)", "filerRelation": "Joint Managing director", "moneyText": "", "startDate": "2012-06-11", "ownership": "D"}, {"maxAge": 1, "shares": 21508, "filerUrl": "", "transactionText": "", "filerName": "Sawhney (Naveen)", "filerRelation": "Executive Chairman", "moneyText": "", "startDate": "2012-06-06", "ownership": "D"}, {"maxAge": 1, "shares": 23764, "filerUrl": "", "transactionText": "", "filerName": "Prashar (Devender Kumar)", "filerRelation": "Joint Managing director", "moneyText": "", "startDate": "2012-06-01", "ownership": "D"}, {"maxAge": 1, "shares": 17156, "filerUrl": "", "transactionText": "", "filerName": "Sawhney (Naveen)", "filerRelation": "Executive Chairman", "moneyText": "", "startDate": "2012-04-18", "ownership": "D"}, {"maxAge": 1, "shares": 19963, "filerUrl": "", "transactionText": "", "filerName": "Prashar (Devender Kumar)", "filerRelation": "Joint Managing director", "moneyText": "", "startDate": "2012-04-02", "ownership": "D"}, {"maxAge": 1, "shares": 18806, "filerUrl": "", "transactionText": "", "filerName": "Sawhney (Naveen)", "filerRelation": "Executive Chairman", "moneyText": "", "startDate": "2012-01-30", "ownership": "D"}, {"maxAge": 1, "shares": 19492, "filerUrl": "", "transactionText": "", "filerName": "Prashar (Devender Kumar)", "filerRelation": "Joint Managing director", "moneyText": "", "startDate": "2011-12-27", "ownership": "D"}, {"maxAge": 1, "shares": 18800, "filerUrl": "", "transactionText": "", "filerName": "Sawhney (Naveen)", "filerRelation": "Executive Chairman", "moneyText": "", "startDate": "2011-12-16", "ownership": "D"}, {"maxAge": 1, "shares": 16499, "filerUrl": "", "transactionText": "", "filerName": "Prashar (Devender Kumar)", "filerRelation": "Joint Managing director", "moneyText": "", "startDate": "2011-11-17", "ownership": "D"}, {"maxAge": 1, "shares": 40000, "filerUrl": "", "transactionText": "", "filerName": "Prashar (Devender Kumar)", "filerRelation": "Joint Managing director", "moneyText": "", "startDate": "2011-10-04", "ownership": "D"}, {"maxAge": 1, "shares": 16030, "filerUrl": "", "transactionText": "", "filerName": "Sawhney (Naveen)", "filerRelation": "Executive Chairman", "moneyText": "", "startDate": "2011-09-28", "ownership": "D"}, {"maxAge": 1, "shares": 17600, "filerUrl": "", "transactionText": "", "filerName": "Prashar (Devender Kumar)", "filerRelation": "Joint Managing director", "moneyText": "", "startDate": "2011-09-28", "ownership": "D"}, {"maxAge": 1, "shares": 31038, "filerUrl": "", "transactionText": "", "filerName": "Prashar (Devender Kumar)", "filerRelation": "Joint Managing director", "moneyText": "", "startDate": "2011-08-16", "ownership": "D"}, {"maxAge": 1, "shares": 15739, "filerUrl": "", "transactionText": "", "filerName": "Sawhney (Naveen)", "filerRelation": "Executive Chairman", "moneyText": "", "startDate": "2011-08-11", "ownership": "D"}, {"maxAge": 1, "shares": 14050, "filerUrl": "", "transactionText": "", "filerName": "Sawhney (Naveen)", "filerRelation": "Executive Chairman", "moneyText": "", "startDate": "2011-02-08", "ownership": "D"}, {"maxAge": 1, "shares": 13600, "filerUrl": "", "transactionText": "", "filerName": "Prashar (Devender Kumar)", "filerRelation": "Joint Managing director", "moneyText": "", "startDate": "2010-11-30", "ownership": "D"}, {"maxAge": 1, "shares": 12913, "filerUrl": "", "transactionText": "", "filerName": "Sawhney (Naveen)", "filerRelation": "Executive Chairman", "moneyText": "", "startDate": "2010-10-18", "ownership": "D"}, {"maxAge": 1, "shares": 14947, "filerUrl": "", "transactionText": "", "filerName": "Prashar (Devender Kumar)", "filerRelation": "Joint Managing director", "moneyText": "", "startDate": "2010-03-31", "ownership": "D"}, {"maxAge": 1, "shares": 35000, "filerUrl": "", "transactionText": "", "filerName": "Prashar (Devender Kumar)", "filerRelation": "Joint Managing director", "moneyText": "", "startDate": "2010-03-23", "ownership": "D"}, {"maxAge": 1, "shares": 24000, "filerUrl": "", "transactionText": "", "filerName": "Prashar (Devender Kumar)", "filerRelation": "Joint Managing director", "moneyText": "", "startDate": "2010-03-19", "ownership": "D"}, {"maxAge": 1, "shares": 35000, "filerUrl": "", "transactionText": "", "filerName": "Prashar (Devender Kumar)", "filerRelation": "Joint Managing director", "moneyText": "", "startDate": "2010-03-15", "ownership": "D"}, {"maxAge": 1, "shares": 69500, "filerUrl": "", "transactionText": "", "filerName": "Sawhney (Naveen)", "filerRelation": "Executive Chairman", "moneyText": "", "startDate": "2010-03-15", "ownership": "D"}, {"maxAge": 1, "shares": 11500, "filerUrl": "", "transactionText": "", "filerName": "Sawhney (Gaurav)", "filerRelation": "UNREPORTED", "moneyText": "", "startDate": "2010-03-15", "ownership": "D"}, {"maxAge": 1, "shares": 11500, "filerUrl": "", "transactionText": "", "filerName": "Sawhney (Adarsh)", "filerRelation": "UNREPORTED", "moneyText": "", "startDate": "2010-03-15", "ownership": "D"}, {"maxAge": 1, "shares": 11500, "filerUrl": "", "transactionText": "", "filerName": "Sawhney (Varun)", "filerRelation": "UNREPORTED", "moneyText": "", "startDate": "2010-03-15", "ownership": "D"}], "maxAge": 1}, "quoteType": {"exchange": "BSE", "quoteType": "EQUITY", "symbol": "CORDSCABLE.BO", "underlyingSymbol": "CORDSCABLE.BO", "shortName": "CORDS CABLE INDUSTRIES LTD.", "longName": "Cords Cable Industries Limited", "firstTradeDateEpochUtc": "2008-02-13 09:15:00", "timeZoneFullName": "Asia/Kolkata", "timeZoneShortName": "IST", "uuid": "256dfa32-5f7e-30ca-878b-75f1e718cc0d", "messageBoardId": null, "gmtOffSetMilliseconds": 19800000, "maxAge": 1}, "incomeStatementHistory": {"incomeStatementHistory": [{"maxAge": 1, "endDate": "2020-03-31", "totalRevenue": 4208907000, "costOfRevenue": 3265524000, "grossProfit": 943383000, "researchDevelopment": {}, "sellingGeneralAdministrative": 244585000, "nonRecurring": {}, "otherOperatingExpenses": 281191000, "totalOperatingExpenses": 3857433000, "operatingIncome": 351474000, "totalOtherIncomeExpenseNet": -243005000, "ebit": 351474000, "interestExpense": -211098000, "incomeBeforeTax": 108469000, "incomeTaxExpense": 1793000, "minorityInterest": {}, "netIncomeFromContinuingOps": 106676000, "discontinuedOperations": {}, "extraordinaryItems": {}, "effectOfAccountingCharges": {}, "otherItems": {}, "netIncome": 106676000, "netIncomeApplicableToCommonShares": 106676000}, {"maxAge": 1, "endDate": "2019-03-31", "totalRevenue": 4167459000, "costOfRevenue": 3345346000, "grossProfit": 822113000, "researchDevelopment": {}, "sellingGeneralAdministrative": 194610000, "nonRecurring": {}, "otherOperatingExpenses": 235655000, "totalOperatingExpenses": 3832346000, "operatingIncome": 335113000, "totalOtherIncomeExpenseNet": -221715000, "ebit": 335113000, "interestExpense": -194688000, "incomeBeforeTax": 113398000, "incomeTaxExpense": 39856000, "minorityInterest": {}, "netIncomeFromContinuingOps": 73542000, "discontinuedOperations": {}, "extraordinaryItems": {}, "effectOfAccountingCharges": {}, "otherItems": {}, "netIncome": 73542000, "netIncomeApplicableToCommonShares": 73542000}, {"maxAge": 1, "endDate": "2018-03-31", "totalRevenue": 3653788000, "costOfRevenue": 2920765000, "grossProfit": 733023000, "researchDevelopment": {}, "sellingGeneralAdministrative": 165286000, "nonRecurring": {}, "otherOperatingExpenses": 208692000, "totalOperatingExpenses": 3345347000, "operatingIncome": 308441000, "totalOtherIncomeExpenseNet": -216304000, "ebit": 308441000, "interestExpense": -165925000, "incomeBeforeTax": 92137000, "incomeTaxExpense": 29517000, "minorityInterest": {}, "netIncomeFromContinuingOps": 62620000, "discontinuedOperations": {}, "extraordinaryItems": {}, "effectOfAccountingCharges": {}, "otherItems": {}, "netIncome": 62620000, "netIncomeApplicableToCommonShares": 62620000}, {"maxAge": 1, "endDate": "2017-03-31", "totalRevenue": 3234091000, "costOfRevenue": 2548129000, "grossProfit": 685962000, "researchDevelopment": {}, "sellingGeneralAdministrative": 140892000, "nonRecurring": {}, "otherOperatingExpenses": 212227000, "totalOperatingExpenses": 2953374000, "operatingIncome": 280717000, "totalOtherIncomeExpenseNet": -202208000, "ebit": 280717000, "interestExpense": -169652000, "incomeBeforeTax": 78509000, "incomeTaxExpense": 26790000, "minorityInterest": {}, "netIncomeFromContinuingOps": 51719000, "discontinuedOperations": {}, "extraordinaryItems": {}, "effectOfAccountingCharges": {}, "otherItems": {}, "netIncome": 51719000, "netIncomeApplicableToCommonShares": 50033000}], "maxAge": 86400}, "fundOwnership": {"maxAge": 1, "ownershipList": []}, "summaryDetail": {"maxAge": 1, "priceHint": 2, "previousClose": 41.05, "open": 40.55, "dayLow": 39.85, "dayHigh": 43.4, "regularMarketPreviousClose": 41.05, "regularMarketOpen": 40.55, "regularMarketDayLow": 39.85, "regularMarketDayHigh": 43.4, "trailingPE": 6.242312, "volume": 1341, "regularMarketVolume": 1341, "averageVolume": 13729, "averageVolume10days": 12155, "averageDailyVolume10Day": 12155, "bid": 37.0, "ask": 43.4, "bidSize": 0, "askSize": 0, "marketCap": 524868672, "fiftyTwoWeekLow": 22.1, "fiftyTwoWeekHigh": 52.7, "fiftyDayAverage": 46.015713, "twoHundredDayAverage": 43.038685, "currency": "INR", "fromCurrency": null, "toCurrency": null, "lastMarket": null, "algorithm": null, "tradeable": false}, "sectorTrend": {"maxAge": 1, "symbol": null, "estimates": []}, "incomeStatementHistoryQuarterly": {"incomeStatementHistory": [{"maxAge": 1, "endDate": "2020-06-30", "totalRevenue": 489950000, "costOfRevenue": 367973000, "grossProfit": 121977000, "researchDevelopment": {}, "sellingGeneralAdministrative": 31395000, "nonRecurring": {}, "otherOperatingExpenses": 38788000, "totalOperatingExpenses": 454593000, "operatingIncome": 35357000, "totalOtherIncomeExpenseNet": -32514000, "ebit": 35357000, "interestExpense": -37538000, "incomeBeforeTax": 2843000, "incomeTaxExpense": 1603000, "minorityInterest": {}, "netIncomeFromContinuingOps": 1240000, "discontinuedOperations": {}, "extraordinaryItems": {}, "effectOfAccountingCharges": {}, "otherItems": {}, "netIncome": 1240000, "netIncomeApplicableToCommonShares": 1240000}, {"maxAge": 1, "endDate": "2020-03-31", "totalRevenue": 974134000, "costOfRevenue": 735435000, "grossProfit": 238699000, "researchDevelopment": {}, "sellingGeneralAdministrative": 71894000, "nonRecurring": {}, "otherOperatingExpenses": 75864000, "totalOperatingExpenses": 899191000, "operatingIncome": 74943000, "totalOtherIncomeExpenseNet": -64664000, "ebit": 74943000, "interestExpense": -21340000, "incomeBeforeTax": 10279000, "incomeTaxExpense": -37225000, "minorityInterest": {}, "netIncomeFromContinuingOps": 47504000, "discontinuedOperations": {}, "extraordinaryItems": {}, "effectOfAccountingCharges": {}, "otherItems": {}, "netIncome": 47504000, "netIncomeApplicableToCommonShares": 47504000}, {"maxAge": 1, "endDate": "2019-12-31", "totalRevenue": 1131365000, "costOfRevenue": 872289000, "grossProfit": 259076000, "researchDevelopment": {}, "sellingGeneralAdministrative": 64793000, "nonRecurring": {}, "otherOperatingExpenses": 78669000, "totalOperatingExpenses": 1031587000, "operatingIncome": 99778000, "totalOtherIncomeExpenseNet": -65495000, "ebit": 99778000, "interestExpense": -68858000, "incomeBeforeTax": 34283000, "incomeTaxExpense": 13336000, "minorityInterest": {}, "netIncomeFromContinuingOps": 20947000, "discontinuedOperations": {}, "extraordinaryItems": {}, "effectOfAccountingCharges": {}, "otherItems": {}, "netIncome": 20947000, "netIncomeApplicableToCommonShares": 20947000}, {"maxAge": 1, "endDate": "2019-09-30", "totalRevenue": 1003663000, "costOfRevenue": 774973000, "grossProfit": 228690000, "researchDevelopment": {}, "sellingGeneralAdministrative": 55286000, "nonRecurring": {}, "otherOperatingExpenses": 60023000, "totalOperatingExpenses": 906091000, "operatingIncome": 97572000, "totalOtherIncomeExpenseNet": -59504000, "ebit": 97572000, "interestExpense": -62250000, "incomeBeforeTax": 38068000, "incomeTaxExpense": 15796000, "minorityInterest": {}, "netIncomeFromContinuingOps": 22272000, "discontinuedOperations": {}, "extraordinaryItems": {}, "effectOfAccountingCharges": {}, "otherItems": {}, "netIncome": 22272000, "netIncomeApplicableToCommonShares": 22272000}], "maxAge": 86400}, "cashflowStatementHistoryQuarterly": {"cashflowStatements": [{"maxAge": 1, "endDate": "2020-06-30", "netIncome": 1240000, "changeToLiabilities": 0}, {"maxAge": 1, "endDate": "2020-03-31", "netIncome": 47504000, "changeToLiabilities": 0}, {"maxAge": 1, "endDate": "2019-12-31", "netIncome": 20947000, "changeToLiabilities": 0}, {"maxAge": 1, "endDate": "2019-09-30", "netIncome": 22272000, "changeToLiabilities": 0}], "maxAge": 86400}, "insiderHolders": {"holders": [{"maxAge": 1, "name": "Prashar (Adesh)", "relation": "Promoter", "url": "", "transactionDescription": "Sale", "latestTransDate": "2015-04-21", "positionDirect": 0, "positionDirectDate": "2015-04-21"}, {"maxAge": 1, "name": "Prashar (Amit)", "relation": "Promoter", "url": "", "transactionDescription": "Sale", "latestTransDate": "2015-04-21", "positionDirect": 0, "positionDirectDate": "2015-04-21"}, {"maxAge": 1, "name": "Prashar (Devender Kumar)", "relation": "Promoter", "url": "", "transactionDescription": "Sale", "latestTransDate": "2015-04-21", "positionDirect": 0, "positionDirectDate": "2015-04-21"}, {"maxAge": 1, "name": "Prashar (Rahul)", "relation": "Promoter", "url": "", "transactionDescription": "Sale", "latestTransDate": "2015-04-21", "positionDirect": 0, "positionDirectDate": "2015-04-21"}, {"maxAge": 1, "name": "Sawhney (Adarsh)", "relation": "UNREPORTED", "url": "", "transactionDescription": "Acquisition", "latestTransDate": "2010-03-15", "positionDirect": 224006, "positionDirectDate": "2010-03-15"}, {"maxAge": 1, "name": "Sawhney (Gaurav)", "relation": "UNREPORTED", "url": "", "transactionDescription": "Acquisition", "latestTransDate": "2010-03-15", "positionDirect": 197916, "positionDirectDate": "2010-03-15"}, {"maxAge": 1, "name": "Sawhney (Naveen)", "relation": "Executive Chairman", "url": "", "transactionDescription": "Purchase", "latestTransDate": "2015-04-21", "positionDirect": 6048022, "positionDirectDate": "2015-04-21"}, {"maxAge": 1, "name": "Sawhney (Varun)", "relation": "UNREPORTED", "url": "", "transactionDescription": "Acquisition", "latestTransDate": "2010-03-15", "positionDirect": 171944, "positionDirectDate": "2010-03-15"}], "maxAge": 1}, "earnings": {"maxAge": 86400, "earningsChart": {"quarterly": [], "earningsDate": []}, "financialsChart": {"yearly": [{"date": 2017, "revenue": 3234091000, "earnings": 51719000}, {"date": 2018, "revenue": 3653788000, "earnings": 62620000}, {"date": 2019, "revenue": 4167459000, "earnings": 73542000}, {"date": 2020, "revenue": 4208907000, "earnings": 106676000}], "quarterly": [{"date": "3Q2019", "revenue": 1003663000, "earnings": 22272000}, {"date": "4Q2019", "revenue": 1131365000, "earnings": 20947000}, {"date": "1Q2020", "revenue": 974134000, "earnings": 47504000}, {"date": "2Q2020", "revenue": 489950000, "earnings": 1240000}]}, "financialCurrency": "INR"}, "calendarEvents": {"maxAge": 1, "earnings": {"earningsDate": []}}, "price": {"maxAge": 1, "regularMarketChangePercent": -0.01096226, "regularMarketChange": -0.45000076, "regularMarketTime": "2021-04-30 15:25:56", "priceHint": 2, "regularMarketPrice": 40.6, "regularMarketDayHigh": 43.4, "regularMarketDayLow": 39.85, "regularMarketVolume": 1341, "averageDailyVolume10Day": 12155, "averageDailyVolume3Month": 13729, "regularMarketPreviousClose": 41.05, "regularMarketSource": "FREE_REALTIME", "regularMarketOpen": 40.55, "exchange": "BSE", "exchangeName": "BSE", "exchangeDataDelayedBy": 0, "marketState": "CLOSED", "quoteType": "EQUITY", "symbol": "CORDSCABLE.BO", "underlyingSymbol": null, "shortName": "CORDS CABLE INDUSTRIES LTD.", "longName": "Cords Cable Industries Limited", "currency": "INR", "quoteSourceName": "Delayed Quote", "currencySymbol": "\u20b9", "fromCurrency": null, "toCurrency": null, "lastMarket": null, "marketCap": 524868672}, "balanceSheetHistory": {"balanceSheetStatements": [{"maxAge": 1, "endDate": "2020-03-31", "cash": 1703000, "shortTermInvestments": 2802000, "netReceivables": 1209028000, "inventory": 596728000, "otherCurrentAssets": 365217000, "totalCurrentAssets": 2175478000, "propertyPlantEquipment": 960354000, "otherAssets": 16790000, "totalAssets": 3152622000, "accountsPayable": 795151000, "shortLongTermDebt": 58673000, "otherCurrentLiab": 20761000, "longTermDebt": 119463000, "otherLiab": 71413000, "totalCurrentLiabilities": 1548699000, "totalLiab": 1739575000, "commonStock": 129278000, "retainedEarnings": 767375000, "treasuryStock": 13958000, "capitalSurplus": 502436000, "otherStockholderEquity": 13958000, "totalStockholderEquity": 1413047000, "netTangibleAssets": 1413047000}, {"maxAge": 1, "endDate": "2019-03-31", "cash": 3355000, "shortTermInvestments": 3092000, "netReceivables": 1183334000, "inventory": 598251000, "otherCurrentAssets": 324898000, "totalCurrentAssets": 2112930000, "propertyPlantEquipment": 963744000, "otherAssets": 15444000, "totalAssets": 3092118000, "accountsPayable": 715652000, "shortLongTermDebt": 76728000, "otherCurrentLiab": 33047000, "longTermDebt": 172807000, "otherLiab": 95403000, "totalCurrentLiabilities": 1477704000, "totalLiab": 1745914000, "commonStock": 129278000, "retainedEarnings": 699283000, "treasuryStock": 15207000, "capitalSurplus": 502436000, "otherStockholderEquity": 15207000, "totalStockholderEquity": 1346204000, "netTangibleAssets": 1346204000}, {"maxAge": 1, "endDate": "2018-03-31", "cash": 4250000, "shortTermInvestments": 3261000, "netReceivables": 1066448000, "inventory": 536403000, "otherCurrentAssets": 310821000, "totalCurrentAssets": 1921999000, "propertyPlantEquipment": 922711000, "otherAssets": 15412000, "totalAssets": 2860122000, "accountsPayable": 658378000, "shortLongTermDebt": 45385000, "otherCurrentLiab": 31268000, "longTermDebt": 149987000, "otherLiab": 90682000, "totalCurrentLiabilities": 1346873000, "totalLiab": 1587542000, "commonStock": 129278000, "retainedEarnings": 625743000, "treasuryStock": 15123000, "capitalSurplus": 502436000, "otherStockholderEquity": 15123000, "totalStockholderEquity": 1272580000, "netTangibleAssets": 1272580000}, {"maxAge": 1, "endDate": "2017-03-31", "cash": 3420000, "shortTermInvestments": 253463000, "netReceivables": 973994000, "inventory": 474461000, "otherCurrentAssets": 134517000, "totalCurrentAssets": 1863166000, "propertyPlantEquipment": 897461000, "otherAssets": 28686000, "totalAssets": 2789313000, "accountsPayable": 699127000, "shortLongTermDebt": 31866000, "otherCurrentLiab": 84569000, "longTermDebt": 121055000, "otherLiab": 105479000, "totalCurrentLiabilities": 1352622000, "totalLiab": 1579156000, "commonStock": 129278000, "retainedEarnings": 563123000, "treasuryStock": 15320000, "capitalSurplus": 502436000, "otherStockholderEquity": 15320000, "totalStockholderEquity": 1210157000, "netTangibleAssets": 1210157000}], "maxAge": 86400}, "earningsTrend": {"trend": [{"maxAge": 1, "period": "0q", "endDate": null, "growth": {}, "earningsEstimate": {"avg": 0.0, "low": 0.0, "high": 0.0, "yearAgoEps": {}, "numberOfAnalysts": 0, "growth": {}}, "revenueEstimate": {"avg": 0, "low": 0, "high": 0, "numberOfAnalysts": 0, "yearAgoRevenue": {}, "growth": {}}, "epsTrend": {"current": 0.0, "7daysAgo": 0.0, "30daysAgo": 0.0, "60daysAgo": 0.0, "90daysAgo": 0.0}, "epsRevisions": {"upLast7days": 0, "upLast30days": 0, "downLast30days": 0, "downLast90days": {}}}, {"maxAge": 1, "period": "+1q", "endDate": null, "growth": {}, "earningsEstimate": {"avg": 0.0, "low": 0.0, "high": 0.0, "yearAgoEps": {}, "numberOfAnalysts": 0, "growth": {}}, "revenueEstimate": {"avg": 0, "low": 0, "high": 0, "numberOfAnalysts": 0, "yearAgoRevenue": {}, "growth": {}}, "epsTrend": {"current": 0.0, "7daysAgo": 0.0, "30daysAgo": 0.0, "60daysAgo": 0.0, "90daysAgo": 0.0}, "epsRevisions": {"upLast7days": 0, "upLast30days": 0, "downLast30days": 0, "downLast90days": {}}}, {"maxAge": 1, "period": "0y", "endDate": null, "growth": {}, "earningsEstimate": {"avg": 0.0, "low": 0.0, "high": 0.0, "yearAgoEps": {}, "numberOfAnalysts": 0, "growth": {}}, "revenueEstimate": {"avg": 0, "low": 0, "high": 0, "numberOfAnalysts": 0, "yearAgoRevenue": {}, "growth": {}}, "epsTrend": {"current": 0.0, "7daysAgo": 0.0, "30daysAgo": 0.0, "60daysAgo": 0.0, "90daysAgo": 0.0}, "epsRevisions": {"upLast7days": 0, "upLast30days": 0, "downLast30days": 0, "downLast90days": {}}}, {"maxAge": 1, "period": "+1y", "endDate": null, "growth": {}, "earningsEstimate": {"avg": 0.0, "low": 0.0, "high": 0.0, "yearAgoEps": {}, "numberOfAnalysts": 0, "growth": {}}, "revenueEstimate": {"avg": 0, "low": 0, "high": 0, "numberOfAnalysts": 0, "yearAgoRevenue": {}, "growth": {}}, "epsTrend": {"current": 0.0, "7daysAgo": 0.0, "30daysAgo": 0.0, "60daysAgo": 0.0, "90daysAgo": 0.0}, "epsRevisions": {"upLast7days": 0, "upLast30days": 0, "downLast30days": 0, "downLast90days": {}}}, {"maxAge": 1, "period": "+5y", "endDate": null, "growth": {}, "earningsEstimate": {"avg": {}, "low": {}, "high": {}, "yearAgoEps": {}, "numberOfAnalysts": {}, "growth": {}}, "revenueEstimate": {"avg": {}, "low": {}, "high": {}, "numberOfAnalysts": {}, "yearAgoRevenue": {}, "growth": {}}, "epsTrend": {"current": {}, "7daysAgo": {}, "30daysAgo": {}, "60daysAgo": {}, "90daysAgo": {}}, "epsRevisions": {"upLast7days": {}, "upLast30days": {}, "downLast30days": {}, "downLast90days": {}}}, {"maxAge": 1, "period": "-5y", "endDate": null, "growth": {}, "earningsEstimate": {"avg": {}, "low": {}, "high": {}, "yearAgoEps": {}, "numberOfAnalysts": {}, "growth": {}}, "revenueEstimate": {"avg": {}, "low": {}, "high": {}, "numberOfAnalysts": {}, "yearAgoRevenue": {}, "growth": {}}, "epsTrend": {"current": {}, "7daysAgo": {}, "30daysAgo": {}, "60daysAgo": {}, "90daysAgo": {}}, "epsRevisions": {"upLast7days": {}, "upLast30days": {}, "downLast30days": {}, "downLast90days": {}}}], "maxAge": 1}, "financialData": {"maxAge": 86400, "currentPrice": 40.6, "targetHighPrice": 139.0, "targetLowPrice": 139.0, "targetMeanPrice": 139.0, "targetMedianPrice": 139.0, "recommendationKey": "none", "numberOfAnalystOpinions": 1, "grossProfits": 943383000, "financialCurrency": "INR"}}}