{"CORDSCABLE.NS": {"assetProfile": {"address1": "94, Shambhu Dayal Bagh Marg", "address2": "1st Floor Old Ishwar Nagar Near Okhla Industrial Area, Phase-III", "city": "New Delhi", "zip": "110020", "country": "India", "phone": "91 11 4055 1200", "fax": "91 11 2695 1281", "website": "http://cordscable.com/cordscable", "industry": "Electrical Equipment & Parts", "sector": "Industrials", "longBusinessSummary": "Cords Cable Industries Limited designs, develops, manufactures, and sells power, control, instrumentation, thermocouple extension/compensating, and communication cables in India. It offers cables, such as fieldbus, fire survival, EPR, low temperature, fire retardant low smoke, low smoke zero halogen, oil and gas, water desalination and special custom designed hybrid, and PV solar cables. The company's control cables are used in interconnection of process control, communication, and panel control systems; electrical cables are applied in electric power, lighting, and internal wiring; and LV power cables are used in connecting power supply to residential, commercial, and industrial units. Its instrumentation, signal, and data cables are applied in data acquisition systems, computer networking, PA systems, digital control/measuring, and communication systems; and thermocouple cables are used to extend thermocouple circuits from the sensor to reference units. The company also exports its products. It serves in power generation, electricity transmission and distribution, oil refining and distribution, petrochemicals, iron and steel, chemicals and fertilizers, cement, and engineering industries. Cords Cable Industries Ltd. was founded in 1987 and is headquartered in New Delhi, India.", "fullTimeEmployees": 228, "companyOfficers": [{"maxAge": 1, "name": "Mr. Naveen  Sawhney", "age": 68, "title": "Chairman & MD", "yearBorn": 1952, "fiscalYear": 2020, "totalPay": 10579000, "exercisedValue": 0, "unexercisedValue": 0}, {"maxAge": 1, "name": "Ms. Garima  Pant", "title": "Compliance Officer & Company Sec.", "fiscalYear": 2020, "totalPay": 503000, "exercisedValue": 0, "unexercisedValue": 0}, {"maxAge": 1, "name": "Mr. Varun  Sawhney", "age": 40, "title": "VP of Marketing, HR & Information Technology", "yearBorn": 1980, "exercisedValue": 0, "unexercisedValue": 0}, {"maxAge": 1, "name": "Mr. Sanjeev  Kumar", "age": 44, "title": "Whole Time Director", "yearBorn": 1976, "fiscalYear": 2020, "totalPay": 1808000, "exercisedValue": 0, "unexercisedValue": 0}, {"maxAge": 1, "name": "Mr. Gaurav  Sawhney B.Com.", "age": 37, "title": "VP of Fin. & Banking", "yearBorn": 1983, "exercisedValue": 0, "unexercisedValue": 0}, {"maxAge": 1, "name": "Mr. Hemant Kumar Pandita", "age": 65, "title": "VP of Marketing", "yearBorn": 1955, "exercisedValue": 0, "unexercisedValue": 0}, {"maxAge": 1, "name": "Mr. Sandeep  Kumar", "age": 51, "title": "CFO & GM of Accounts & Taxation", "yearBorn": 1969, "exercisedValue": 0, "unexercisedValue": 0}, {"maxAge": 1, "name": "Mr. Anil Kumar Gupta", "age": 59, "title": "Gen. Mang. of Technical", "yearBorn": 1961, "exercisedValue": 0, "unexercisedValue": 0}, {"maxAge": 1, "name": "Mr. Jugendra  Singh", "age": 54, "title": "Gen. Mang. of Sales & Marketing", "yearBorn": 1966, "exercisedValue": 0, "unexercisedValue": 0}, {"maxAge": 1, "name": "Mr. Ajay  Dixit", "age": 48, "title": "Gen. Mang. of Sales & Marketing", "yearBorn": 1972, "exercisedValue": 0, "unexercisedValue": 0}], "compensationAsOfEpochDate": "2020-12-31 05:30:00", "maxAge": 86400}, "recommendationTrend": {"trend": [{"period": "0m", "strongBuy": 0, "buy": 0, "hold": 0, "sell": 0, "strongSell": 0}, {"period": "-1m", "strongBuy": 0, "buy": 0, "hold": 0, "sell": 0, "strongSell": 0}, {"period": "-2m", "strongBuy": 0, "buy": 0, "hold": 0, "sell": 0, "strongSell": 0}, {"period": "-3m", "strongBuy": 0, "buy": 0, "hold": 0, "sell": 0, "strongSell": 0}], "maxAge": 86400}, "cashflowStatementHistory": {"cashflowStatements": [{"maxAge": 1, "endDate": "2020-03-31", "netIncome": 106676000, "depreciation": 66133000, "changeToNetincome": 213446000, "changeToAccountReceivables": -71210000, "changeToLiabilities": 73653000, "changeToInventory": 1523000, "changeToOperatingActivities": 30486000, "totalCashFromOperatingActivities": 420707000, "capitalExpenditures": -94167000, "investments": 1501000, "otherCashflowsFromInvestingActivities": -26741000, "totalCashflowsFromInvestingActivities": -118052000, "netBorrowings": -46972000, "otherCashflowsFromFinancingActivities": -257335000, "totalCashFromFinancingActivities": -304307000, "changeInCash": -1653000}, {"maxAge": 1, "endDate": "2019-03-31", "netIncome": 73542000, "depreciation": 56735000, "changeToNetincome": 215533000, "changeToAccountReceivables": -118234000, "changeToLiabilities": 75612000, "changeToInventory": -61849000, "changeToOperatingActivities": -64841000, "totalCashFromOperatingActivities": 176498000, "capitalExpenditures": -97768000, "investments": -518000, "otherCashflowsFromInvestingActivities": 70541000, "totalCashflowsFromInvestingActivities": -27745000, "netBorrowings": 88653000, "otherCashflowsFromFinancingActivities": -238301000, "totalCashFromFinancingActivities": -149648000, "changeInCash": -895000}, {"maxAge": 1, "endDate": "2018-03-31", "netIncome": 62620000, "depreciation": 50604000, "changeToNetincome": 232671000, "changeToAccountReceivables": -82255000, "changeToLiabilities": -94136000, "changeToInventory": -61942000, "changeToOperatingActivities": 91563000, "totalCashFromOperatingActivities": 199125000, "capitalExpenditures": -80554000, "investments": -230000, "otherCashflowsFromInvestingActivities": 10937000, "totalCashflowsFromInvestingActivities": -69402000, "netBorrowings": 99765000, "otherCashflowsFromFinancingActivities": -228658000, "totalCashFromFinancingActivities": -128893000, "changeInCash": 830000}, {"maxAge": 1, "endDate": "2017-03-31", "netIncome": 51719000, "depreciation": 52126000, "changeToNetincome": 209835000, "changeToAccountReceivables": 11116000, "changeToLiabilities": -149445000, "changeToInventory": 8148000, "changeToOperatingActivities": 5012000, "totalCashFromOperatingActivities": 188511000, "capitalExpenditures": -2915000, "investments": -2321000, "otherCashflowsFromInvestingActivities": -17122000, "totalCashflowsFromInvestingActivities": -22291000, "netBorrowings": 53815000, "otherCashflowsFromFinancingActivities": -220474000, "totalCashFromFinancingActivities": -166659000, "changeInCash": -438000}], "maxAge": 86400}, "indexTrend": {"maxAge": 1, "symbol": "SP5", "peRatio": 19.7411, "pegRatio": 1.34172, "estimates": [{"period": "0q", "growth": 0.549}, {"period": "+1q", "growth": 0.431}, {"period": "0y", "growth": 0.305}, {"period": "+1y", "growth": 0.109}, {"period": "+5y", "growth": 0.120865}, {"period": "-5y"}]}, "defaultKeyStatistics": {"maxAge": 1, "priceHint": 2, "enterpriseValue": 1152659840, "profitMargins": 0.022449998, "floatShares": 5218696, "sharesOutstanding": 12927800, "heldPercentInsiders": 0.56678003, "heldPercentInstitutions": 0.0, "beta": 1.358611, "category": null, "bookValue": 107.126, "priceToBook": 0.37665924, "fundFamily": null, "legalType": null, "lastFiscalYearEnd": "2020-03-31 05:30:00", "nextFiscalYearEnd": "2022-03-31 05:30:00", "mostRecentQuarter": "2020-12-31 05:30:00", "earningsQuarterlyGrowth": -0.375, "netIncomeToCommon": 71811000, "trailingEps": 5.395, "lastSplitFactor": null, "enterpriseToRevenue": 0.36, "enterpriseToEbitda": 3.521, "52WeekChange": 0.25897038, "SandP52WeekChange": 0.48148263, "lastDividendValue": 1.0, "lastDividendDate": 1285200000}, "industryTrend": {"maxAge": 1, "symbol": null, "estimates": []}, "quoteType": {"exchange": "NSI", "quoteType": "EQUITY", "symbol": "CORDSCABLE.NS", "underlyingSymbol": "CORDSCABLE.NS", "shortName": "CORDS CABLE INDUST", "longName": "Cords Cable Industries Limited", "firstTradeDateEpochUtc": "2008-02-13 09:15:00", "timeZoneFullName": "Asia/Kolkata", "timeZoneShortName": "IST", "uuid": "f3352d55-9125-3c53-8cab-d0aee1657cc3", "messageBoardId": "finmb_32431166", "gmtOffSetMilliseconds": 19800000, "maxAge": 1}, "incomeStatementHistory": {"incomeStatementHistory": [{"maxAge": 1, "endDate": "2020-03-31", "totalRevenue": 4208907000, "costOfRevenue": 3265524000, "grossProfit": 943383000, "researchDevelopment": {}, "sellingGeneralAdministrative": 244585000, "nonRecurring": {}, "otherOperatingExpenses": 281191000, "totalOperatingExpenses": 3857433000, "operatingIncome": 351474000, "totalOtherIncomeExpenseNet": -243005000, "ebit": 351474000, "interestExpense": -211098000, "incomeBeforeTax": 108469000, "incomeTaxExpense": 1793000, "minorityInterest": {}, "netIncomeFromContinuingOps": 106676000, "discontinuedOperations": {}, "extraordinaryItems": {}, "effectOfAccountingCharges": {}, "otherItems": {}, "netIncome": 106676000, "netIncomeApplicableToCommonShares": 106676000}, {"maxAge": 1, "endDate": "2019-03-31", "totalRevenue": 4167459000, "costOfRevenue": 3345346000, "grossProfit": 822113000, "researchDevelopment": {}, "sellingGeneralAdministrative": 194610000, "nonRecurring": {}, "otherOperatingExpenses": 235655000, "totalOperatingExpenses": 3832346000, "operatingIncome": 335113000, "totalOtherIncomeExpenseNet": -221715000, "ebit": 335113000, "interestExpense": -194688000, "incomeBeforeTax": 113398000, "incomeTaxExpense": 39856000, "minorityInterest": {}, "netIncomeFromContinuingOps": 73542000, "discontinuedOperations": {}, "extraordinaryItems": {}, "effectOfAccountingCharges": {}, "otherItems": {}, "netIncome": 73542000, "netIncomeApplicableToCommonShares": 73542000}, {"maxAge": 1, "endDate": "2018-03-31", "totalRevenue": 3653788000, "costOfRevenue": 2920765000, "grossProfit": 733023000, "researchDevelopment": {}, "sellingGeneralAdministrative": 165286000, "nonRecurring": {}, "otherOperatingExpenses": 208692000, "totalOperatingExpenses": 3345347000, "operatingIncome": 308441000, "totalOtherIncomeExpenseNet": -216304000, "ebit": 308441000, "interestExpense": -165925000, "incomeBeforeTax": 92137000, "incomeTaxExpense": 29517000, "minorityInterest": {}, "netIncomeFromContinuingOps": 62620000, "discontinuedOperations": {}, "extraordinaryItems": {}, "effectOfAccountingCharges": {}, "otherItems": {}, "netIncome": 62620000, "netIncomeApplicableToCommonShares": 62620000}, {"maxAge": 1, "endDate": "2017-03-31", "totalRevenue": 3234091000, "costOfRevenue": 2548129000, "grossProfit": 685962000, "researchDevelopment": {}, "sellingGeneralAdministrative": 140892000, "nonRecurring": {}, "otherOperatingExpenses": 212227000, "totalOperatingExpenses": 2953374000, "operatingIncome": 280717000, "totalOtherIncomeExpenseNet": -202208000, "ebit": 280717000, "interestExpense": -169652000, "incomeBeforeTax": 78509000, "incomeTaxExpense": 26790000, "minorityInterest": {}, "netIncomeFromContinuingOps": 51719000, "discontinuedOperations": {}, "extraordinaryItems": {}, "effectOfAccountingCharges": {}, "otherItems": {}, "netIncome": 51719000, "netIncomeApplicableToCommonShares": 50033000}], "maxAge": 86400}, "fundOwnership": {"maxAge": 1, "ownershipList": []}, "summaryDetail": {"maxAge": 1, "priceHint": 2, "previousClose": 41.05, "open": 40.85, "dayLow": 40.0, "dayHigh": 41.45, "regularMarketPreviousClose": 41.05, "regularMarketOpen": 40.85, "regularMarketDayLow": 40.0, "regularMarketDayHigh": 41.45, "exDividendDate": "2010-09-23 05:30:00", "payoutRatio": 0.0, "beta": 1.358611, "trailingPE": 7.479147, "volume": 13455, "regularMarketVolume": 13455, "averageVolume": 76940, "averageVolume10days": 16420, "averageDailyVolume10Day": 16420, "bid": 0.0, "ask": 0.0, "bidSize": 0, "askSize": 0, "marketCap": 521636704, "fiftyTwoWeekLow": 26.0, "fiftyTwoWeekHigh": 52.3, "priceToSalesTrailing12Months": 0.1630633, "fiftyDayAverage": 40.880302, "twoHundredDayAverage": 43.040424, "currency": "INR", "fromCurrency": null, "toCurrency": null, "lastMarket": null, "algorithm": null, "tradeable": false}, "insiderHolders": {"holders": [{"maxAge": 1, "name": "Prashar (Adesh)", "relation": "Promoter", "url": "", "transactionDescription": "Sale", "latestTransDate": "2015-04-21", "positionDirect": 0, "positionDirectDate": "2015-04-21"}, {"maxAge": 1, "name": "Prashar (Amit)", "relation": "Promoter", "url": "", "transactionDescription": "Sale", "latestTransDate": "2015-04-21", "positionDirect": 0, "positionDirectDate": "2015-04-21"}, {"maxAge": 1, "name": "Prashar (Devender Kumar)", "relation": "Promoter", "url": "", "transactionDescription": "Sale", "latestTransDate": "2015-04-21", "positionDirect": 0, "positionDirectDate": "2015-04-21"}, {"maxAge": 1, "name": "Prashar (Rahul)", "relation": "Promoter", "url": "", "transactionDescription": "Sale", "latestTransDate": "2015-04-21", "positionDirect": 0, "positionDirectDate": "2015-04-21"}, {"maxAge": 1, "name": "Sawhney (Adarsh)", "relation": "UNREPORTED", "url": "", "transactionDescription": "Acquisition", "latestTransDate": "2010-03-15", "positionDirect": 224006, "positionDirectDate": "2010-03-15"}, {"maxAge": 1, "name": "Sawhney (Gaurav)", "relation": "UNREPORTED", "url": "", "transactionDescription": "Acquisition", "latestTransDate": "2010-03-15", "positionDirect": 197916, "positionDirectDate": "2010-03-15"}, {"maxAge": 1, "name": "Sawhney (Naveen)", "relation": "Executive Chairman", "url": "", "transactionDescription": "Purchase", "latestTransDate": "2015-04-21", "positionDirect": 6048022, "positionDirectDate": "2015-04-21"}, {"maxAge": 1, "name": "Sawhney (Varun)", "relation": "UNREPORTED", "url": "", "transactionDescription": "Acquisition", "latestTransDate": "2010-03-15", "positionDirect": 171944, "positionDirectDate": "2010-03-15"}], "maxAge": 1}, "calendarEvents": {"maxAge": 1, "earnings": {"earningsDate": []}, "exDividendDate": "2010-09-23 05:30:00"}, "price": {"maxAge": 1, "regularMarketChangePercent": -0.017052393, "regularMarketChange": -0.70000076, "regularMarketTime": "2021-04-30 15:29:36", "priceHint": 2, "regularMarketPrice": 40.35, "regularMarketDayHigh": 41.45, "regularMarketDayLow": 40.0, "regularMarketVolume": 13455, "averageDailyVolume10Day": 16420, "averageDailyVolume3Month": 76940, "regularMarketPreviousClose": 41.05, "regularMarketSource": "FREE_REALTIME", "regularMarketOpen": 40.85, "exchange": "NSI", "exchangeName": "NSE", "exchangeDataDelayedBy": 15, "marketState": "CLOSED", "quoteType": "EQUITY", "symbol": "CORDSCABLE.NS", "underlyingSymbol": null, "shortName": "CORDS CABLE INDUST", "longName": "Cords Cable Industries Limited", "currency": "INR", "quoteSourceName": "Delayed Quote", "currencySymbol": "\u20b9", "fromCurrency": null, "toCurrency": null, "lastMarket": null, "marketCap": 521636704}, "balanceSheetHistory": {"balanceSheetStatements": [{"maxAge": 1, "endDate": "2020-03-31", "cash": 1703000, "shortTermInvestments": 2802000, "netReceivables": 1209028000, "inventory": 596728000, "otherCurrentAssets": 365217000, "totalCurrentAssets": 2175478000, "propertyPlantEquipment": 960354000, "otherAssets": 16790000, "totalAssets": 3152622000, "accountsPayable": 795151000, "shortLongTermDebt": 58673000, "otherCurrentLiab": 20761000, "longTermDebt": 119463000, "otherLiab": 71413000, "totalCurrentLiabilities": 1548699000, "totalLiab": 1739575000, "commonStock": 129278000, "retainedEarnings": 767375000, "treasuryStock": 13958000, "capitalSurplus": 502436000, "otherStockholderEquity": 13958000, "totalStockholderEquity": 1413047000, "netTangibleAssets": 1413047000}, {"maxAge": 1, "endDate": "2019-03-31", "cash": 3355000, "shortTermInvestments": 3092000, "netReceivables": 1183334000, "inventory": 598251000, "otherCurrentAssets": 324898000, "totalCurrentAssets": 2112930000, "propertyPlantEquipment": 963744000, "otherAssets": 15444000, "totalAssets": 3092118000, "accountsPayable": 715652000, "shortLongTermDebt": 76728000, "otherCurrentLiab": 33047000, "longTermDebt": 172807000, "otherLiab": 95403000, "totalCurrentLiabilities": 1477704000, "totalLiab": 1745914000, "commonStock": 129278000, "retainedEarnings": 699283000, "treasuryStock": 15207000, "capitalSurplus": 502436000, "otherStockholderEquity": 15207000, "totalStockholderEquity": 1346204000, "netTangibleAssets": 1346204000}, {"maxAge": 1, "endDate": "2018-03-31", "cash": 4250000, "shortTermInvestments": 3261000, "netReceivables": 1066448000, "inventory": 536403000, "otherCurrentAssets": 310821000, "totalCurrentAssets": 1921999000, "propertyPlantEquipment": 922711000, "otherAssets": 15412000, "totalAssets": 2860122000, "accountsPayable": 658378000, "shortLongTermDebt": 45385000, "otherCurrentLiab": 31268000, "longTermDebt": 149987000, "otherLiab": 90682000, "totalCurrentLiabilities": 1346873000, "totalLiab": 1587542000, "commonStock": 129278000, "retainedEarnings": 625743000, "treasuryStock": 15123000, "capitalSurplus": 502436000, "otherStockholderEquity": 15123000, "totalStockholderEquity": 1272580000, "netTangibleAssets": 1272580000}, {"maxAge": 1, "endDate": "2017-03-31", "cash": 3420000, "shortTermInvestments": 253463000, "netReceivables": 973994000, "inventory": 474461000, "otherCurrentAssets": 134517000, "totalCurrentAssets": 1863166000, "propertyPlantEquipment": 897461000, "otherAssets": 28686000, "totalAssets": 2789313000, "accountsPayable": 699127000, "shortLongTermDebt": 31866000, "otherCurrentLiab": 84569000, "longTermDebt": 121055000, "otherLiab": 105479000, "totalCurrentLiabilities": 1352622000, "totalLiab": 1579156000, "commonStock": 129278000, "retainedEarnings": 563123000, "treasuryStock": 15320000, "capitalSurplus": 502436000, "otherStockholderEquity": 15320000, "totalStockholderEquity": 1210157000, "netTangibleAssets": 1210157000}], "maxAge": 86400}, "earningsTrend": {"trend": [{"maxAge": 1, "period": "0q", "endDate": null, "growth": {}, "earningsEstimate": {"avg": 0.0, "low": 0.0, "high": 0.0, "yearAgoEps": {}, "numberOfAnalysts": 0, "growth": {}}, "revenueEstimate": {"avg": 0, "low": 0, "high": 0, "numberOfAnalysts": 0, "yearAgoRevenue": {}, "growth": {}}, "epsTrend": {"current": 0.0, "7daysAgo": 0.0, "30daysAgo": 0.0, "60daysAgo": 0.0, "90daysAgo": 0.0}, "epsRevisions": {"upLast7days": 0, "upLast30days": 0, "downLast30days": 0, "downLast90days": {}}}, {"maxAge": 1, "period": "+1q", "endDate": null, "growth": {}, "earningsEstimate": {"avg": 0.0, "low": 0.0, "high": 0.0, "yearAgoEps": {}, "numberOfAnalysts": 0, "growth": {}}, "revenueEstimate": {"avg": 0, "low": 0, "high": 0, "numberOfAnalysts": 0, "yearAgoRevenue": {}, "growth": {}}, "epsTrend": {"current": 0.0, "7daysAgo": 0.0, "30daysAgo": 0.0, "60daysAgo": 0.0, "90daysAgo": 0.0}, "epsRevisions": {"upLast7days": 0, "upLast30days": 0, "downLast30days": 0, "downLast90days": {}}}, {"maxAge": 1, "period": "0y", "endDate": null, "growth": {}, "earningsEstimate": {"avg": 0.0, "low": 0.0, "high": 0.0, "yearAgoEps": {}, "numberOfAnalysts": 0, "growth": {}}, "revenueEstimate": {"avg": 0, "low": 0, "high": 0, "numberOfAnalysts": 0, "yearAgoRevenue": {}, "growth": {}}, "epsTrend": {"current": 0.0, "7daysAgo": 0.0, "30daysAgo": 0.0, "60daysAgo": 0.0, "90daysAgo": 0.0}, "epsRevisions": {"upLast7days": 0, "upLast30days": 0, "downLast30days": 0, "downLast90days": {}}}, {"maxAge": 1, "period": "+1y", "endDate": null, "growth": {}, "earningsEstimate": {"avg": 0.0, "low": 0.0, "high": 0.0, "yearAgoEps": {}, "numberOfAnalysts": 0, "growth": {}}, "revenueEstimate": {"avg": 0, "low": 0, "high": 0, "numberOfAnalysts": 0, "yearAgoRevenue": {}, "growth": {}}, "epsTrend": {"current": 0.0, "7daysAgo": 0.0, "30daysAgo": 0.0, "60daysAgo": 0.0, "90daysAgo": 0.0}, "epsRevisions": {"upLast7days": 0, "upLast30days": 0, "downLast30days": 0, "downLast90days": {}}}, {"maxAge": 1, "period": "+5y", "endDate": null, "growth": {}, "earningsEstimate": {"avg": {}, "low": {}, "high": {}, "yearAgoEps": {}, "numberOfAnalysts": {}, "growth": {}}, "revenueEstimate": {"avg": {}, "low": {}, "high": {}, "numberOfAnalysts": {}, "yearAgoRevenue": {}, "growth": {}}, "epsTrend": {"current": {}, "7daysAgo": {}, "30daysAgo": {}, "60daysAgo": {}, "90daysAgo": {}}, "epsRevisions": {"upLast7days": {}, "upLast30days": {}, "downLast30days": {}, "downLast90days": {}}}, {"maxAge": 1, "period": "-5y", "endDate": null, "growth": -0.03154, "earningsEstimate": {"avg": {}, "low": {}, "high": {}, "yearAgoEps": {}, "numberOfAnalysts": {}, "growth": {}}, "revenueEstimate": {"avg": {}, "low": {}, "high": {}, "numberOfAnalysts": {}, "yearAgoRevenue": {}, "growth": {}}, "epsTrend": {"current": {}, "7daysAgo": {}, "30daysAgo": {}, "60daysAgo": {}, "90daysAgo": {}}, "epsRevisions": {"upLast7days": {}, "upLast30days": {}, "downLast30days": {}, "downLast90days": {}}}], "maxAge": 1}, "institutionOwnership": {"maxAge": 1, "ownershipList": []}, "majorHoldersBreakdown": {"maxAge": 1, "insidersPercentHeld": 0.56678003, "institutionsPercentHeld": 0.0, "institutionsFloatPercentHeld": 0.0, "institutionsCount": 0}, "balanceSheetHistoryQuarterly": {"balanceSheetStatements": [{"maxAge": 1, "endDate": "2020-12-31", "totalStockholderEquity": 1423630000, "netTangibleAssets": 1423630000}, {"maxAge": 1, "endDate": "2020-09-30", "cash": 198113000, "shortTermInvestments": 4233000, "netReceivables": 1112819000, "inventory": 482511000, "otherCurrentAssets": 100053000, "totalCurrentAssets": 1897729000, "propertyPlantEquipment": 936618000, "otherAssets": 16843000, "totalAssets": 2851190000, "accountsPayable": 511945000, "shortLongTermDebt": 69137000, "otherCurrentLiab": 20159000, "longTermDebt": 118979000, "otherLiab": 72924000, "totalCurrentLiabilities": 1235657000, "totalLiab": 1427560000, "commonStock": 129278000, "treasuryStock": 1294352000, "otherStockholderEquity": 1294352000, "totalStockholderEquity": 1423630000, "netTangibleAssets": 1423630000}, {"maxAge": 1, "endDate": "2020-06-30", "totalStockholderEquity": 1413047000, "netTangibleAssets": 1413047000}, {"maxAge": 1, "endDate": "2020-03-31", "cash": 1703000, "shortTermInvestments": 2802000, "netReceivables": 1209028000, "inventory": 596728000, "otherCurrentAssets": 365217000, "totalCurrentAssets": 2175478000, "propertyPlantEquipment": 960354000, "otherAssets": 16790000, "totalAssets": 3152622000, "accountsPayable": 795151000, "shortLongTermDebt": 58673000, "otherCurrentLiab": 20761000, "longTermDebt": 119463000, "otherLiab": 71413000, "totalCurrentLiabilities": 1548699000, "totalLiab": 1739575000, "commonStock": 129278000, "retainedEarnings": 767375000, "treasuryStock": 13958000, "capitalSurplus": 502436000, "otherStockholderEquity": 13958000, "totalStockholderEquity": 1413047000, "netTangibleAssets": 1413047000}], "maxAge": 86400}, "earningsHistory": {"history": [{"maxAge": 1, "epsActual": {}, "epsEstimate": {}, "epsDifference": {}, "surprisePercent": {}, "quarter": {}, "period": "-4q"}, {"maxAge": 1, "epsActual": {}, "epsEstimate": {}, "epsDifference": {}, "surprisePercent": {}, "quarter": {}, "period": "-3q"}, {"maxAge": 1, "epsActual": {}, "epsEstimate": {}, "epsDifference": {}, "surprisePercent": {}, "quarter": {}, "period": "-2q"}, {"maxAge": 1, "epsActual": {}, "epsEstimate": {}, "epsDifference": {}, "surprisePercent": {}, "quarter": {}, "period": "-1q"}], "maxAge": 86400}, "summaryProfile": {"address1": "94, Shambhu Dayal Bagh Marg", "address2": "1st Floor Old Ishwar Nagar Near Okhla Industrial Area, Phase-III", "city": "New Delhi", "zip": "110020", "country": "India", "phone": "91 11 4055 1200", "fax": "91 11 2695 1281", "website": "http://cordscable.com/cordscable", "industry": "Electrical Equipment & Parts", "sector": "Industrials", "longBusinessSummary": "Cords Cable Industries Limited designs, develops, manufactures, and sells power, control, instrumentation, thermocouple extension/compensating, and communication cables in India. It offers cables, such as fieldbus, fire survival, EPR, low temperature, fire retardant low smoke, low smoke zero halogen, oil and gas, water desalination and special custom designed hybrid, and PV solar cables. The company's control cables are used in interconnection of process control, communication, and panel control systems; electrical cables are applied in electric power, lighting, and internal wiring; and LV power cables are used in connecting power supply to residential, commercial, and industrial units. Its instrumentation, signal, and data cables are applied in data acquisition systems, computer networking, PA systems, digital control/measuring, and communication systems; and thermocouple cables are used to extend thermocouple circuits from the sensor to reference units. The company also exports its products. It serves in power generation, electricity transmission and distribution, oil refining and distribution, petrochemicals, iron and steel, chemicals and fertilizers, cement, and engineering industries. Cords Cable Industries Ltd. was founded in 1987 and is headquartered in New Delhi, India.", "fullTimeEmployees": 228, "companyOfficers": [], "maxAge": 86400}, "netSharePurchaseActivity": {"maxAge": 1, "period": "6m", "buyInfoCount": 0, "buyInfoShares": 0, "sellInfoCount": 0, "netInfoCount": 0, "netInfoShares": 0, "netPercentInsiderShares": 0.0, "totalInsiderShares": 7499816}, "insiderTransactions": {"transactions": [{"maxAge": 1, "shares": 184247, "filerUrl": "", "transactionText": "", "filerName": "Prashar (Rahul)", "filerRelation": "Promoter", "moneyText": "", "startDate": "2015-04-21", "ownership": "D"}, {"maxAge": 1, "shares": 192540, "filerUrl": "", "transactionText": "", "filerName": "Prashar (Amit)", "filerRelation": "Promoter", "moneyText": "", "startDate": "2015-04-21", "ownership": "D"}, {"maxAge": 1, "shares": 160342, "filerUrl": "", "transactionText": "", "filerName": "Prashar (Adesh)", "filerRelation": "Promoter", "moneyText": "", "startDate": "2015-04-21", "ownership": "D"}, {"maxAge": 1, "shares": 3338392, "filerUrl": "", "transactionText": "", "filerName": "Sawhney (Naveen)", "filerRelation": "Executive Chairman", "moneyText": "", "startDate": "2015-04-21", "ownership": "D"}, {"maxAge": 1, "shares": 2786044, "filerUrl": "", "transactionText": "", "filerName": "Prashar (Devender Kumar)", "filerRelation": "Promoter", "moneyText": "", "startDate": "2015-04-21", "ownership": "D"}, {"maxAge": 1, "shares": 24752, "filerUrl": "", "transactionText": "", "filerName": "Sawhney (Naveen)", "filerRelation": "Executive Chairman", "moneyText": "", "startDate": "2013-04-25", "ownership": "D"}, {"maxAge": 1, "shares": 25997, "filerUrl": "", "transactionText": "", "filerName": "Prashar (Devender Kumar)", "filerRelation": "Joint Managing director", "moneyText": "", "startDate": "2013-03-26", "ownership": "D"}, {"maxAge": 1, "shares": 28000, "filerUrl": "", "transactionText": "", "filerName": "Sawhney (Naveen)", "filerRelation": "Executive Chairman", "moneyText": "", "startDate": "2012-06-11", "ownership": "D"}, {"maxAge": 1, "shares": 28700, "filerUrl": "", "transactionText": "", "filerName": "Prashar (Devender Kumar)", "filerRelation": "Joint Managing director", "moneyText": "", "startDate": "2012-06-11", "ownership": "D"}, {"maxAge": 1, "shares": 21508, "filerUrl": "", "transactionText": "", "filerName": "Sawhney (Naveen)", "filerRelation": "Executive Chairman", "moneyText": "", "startDate": "2012-06-06", "ownership": "D"}, {"maxAge": 1, "shares": 23764, "filerUrl": "", "transactionText": "", "filerName": "Prashar (Devender Kumar)", "filerRelation": "Joint Managing director", "moneyText": "", "startDate": "2012-06-01", "ownership": "D"}, {"maxAge": 1, "shares": 17156, "filerUrl": "", "transactionText": "", "filerName": "Sawhney (Naveen)", "filerRelation": "Executive Chairman", "moneyText": "", "startDate": "2012-04-18", "ownership": "D"}, {"maxAge": 1, "shares": 19963, "filerUrl": "", "transactionText": "", "filerName": "Prashar (Devender Kumar)", "filerRelation": "Joint Managing director", "moneyText": "", "startDate": "2012-04-02", "ownership": "D"}, {"maxAge": 1, "shares": 18806, "filerUrl": "", "transactionText": "", "filerName": "Sawhney (Naveen)", "filerRelation": "Executive Chairman", "moneyText": "", "startDate": "2012-01-30", "ownership": "D"}, {"maxAge": 1, "shares": 19492, "filerUrl": "", "transactionText": "", "filerName": "Prashar (Devender Kumar)", "filerRelation": "Joint Managing director", "moneyText": "", "startDate": "2011-12-27", "ownership": "D"}, {"maxAge": 1, "shares": 18800, "filerUrl": "", "transactionText": "", "filerName": "Sawhney (Naveen)", "filerRelation": "Executive Chairman", "moneyText": "", "startDate": "2011-12-16", "ownership": "D"}, {"maxAge": 1, "shares": 16499, "filerUrl": "", "transactionText": "", "filerName": "Prashar (Devender Kumar)", "filerRelation": "Joint Managing director", "moneyText": "", "startDate": "2011-11-17", "ownership": "D"}, {"maxAge": 1, "shares": 40000, "filerUrl": "", "transactionText": "", "filerName": "Prashar (Devender Kumar)", "filerRelation": "Joint Managing director", "moneyText": "", "startDate": "2011-10-04", "ownership": "D"}, {"maxAge": 1, "shares": 17600, "filerUrl": "", "transactionText": "", "filerName": "Prashar (Devender Kumar)", "filerRelation": "Joint Managing director", "moneyText": "", "startDate": "2011-09-28", "ownership": "D"}, {"maxAge": 1, "shares": 16030, "filerUrl": "", "transactionText": "", "filerName": "Sawhney (Naveen)", "filerRelation": "Executive Chairman", "moneyText": "", "startDate": "2011-09-28", "ownership": "D"}, {"maxAge": 1, "shares": 31038, "filerUrl": "", "transactionText": "", "filerName": "Prashar (Devender Kumar)", "filerRelation": "Joint Managing director", "moneyText": "", "startDate": "2011-08-16", "ownership": "D"}, {"maxAge": 1, "shares": 15739, "filerUrl": "", "transactionText": "", "filerName": "Sawhney (Naveen)", "filerRelation": "Executive Chairman", "moneyText": "", "startDate": "2011-08-11", "ownership": "D"}, {"maxAge": 1, "shares": 14050, "filerUrl": "", "transactionText": "", "filerName": "Sawhney (Naveen)", "filerRelation": "Executive Chairman", "moneyText": "", "startDate": "2011-02-08", "ownership": "D"}, {"maxAge": 1, "shares": 13600, "filerUrl": "", "transactionText": "", "filerName": "Prashar (Devender Kumar)", "filerRelation": "Joint Managing director", "moneyText": "", "startDate": "2010-11-30", "ownership": "D"}, {"maxAge": 1, "shares": 12913, "filerUrl": "", "transactionText": "", "filerName": "Sawhney (Naveen)", "filerRelation": "Executive Chairman", "moneyText": "", "startDate": "2010-10-18", "ownership": "D"}, {"maxAge": 1, "shares": 14947, "filerUrl": "", "transactionText": "", "filerName": "Prashar (Devender Kumar)", "filerRelation": "Joint Managing director", "moneyText": "", "startDate": "2010-03-31", "ownership": "D"}, {"maxAge": 1, "shares": 35000, "filerUrl": "", "transactionText": "", "filerName": "Prashar (Devender Kumar)", "filerRelation": "Joint Managing director", "moneyText": "", "startDate": "2010-03-23", "ownership": "D"}, {"maxAge": 1, "shares": 24000, "filerUrl": "", "transactionText": "", "filerName": "Prashar (Devender Kumar)", "filerRelation": "Joint Managing director", "moneyText": "", "startDate": "2010-03-19", "ownership": "D"}, {"maxAge": 1, "shares": 69500, "filerUrl": "", "transactionText": "", "filerName": "Sawhney (Naveen)", "filerRelation": "Executive Chairman", "moneyText": "", "startDate": "2010-03-15", "ownership": "D"}, {"maxAge": 1, "shares": 11500, "filerUrl": "", "transactionText": "", "filerName": "Sawhney (Gaurav)", "filerRelation": "UNREPORTED", "moneyText": "", "startDate": "2010-03-15", "ownership": "D"}, {"maxAge": 1, "shares": 11500, "filerUrl": "", "transactionText": "", "filerName": "Sawhney (Adarsh)", "filerRelation": "UNREPORTED", "moneyText": "", "startDate": "2010-03-15", "ownership": "D"}, {"maxAge": 1, "shares": 11500, "filerUrl": "", "transactionText": "", "filerName": "Sawhney (Varun)", "filerRelation": "UNREPORTED", "moneyText": "", "startDate": "2010-03-15", "ownership": "D"}, {"maxAge": 1, "shares": 35000, "filerUrl": "", "transactionText": "", "filerName": "Prashar (Devender Kumar)", "filerRelation": "Joint Managing director", "moneyText": "", "startDate": "2010-03-15", "ownership": "D"}], "maxAge": 1}, "sectorTrend": {"maxAge": 1, "symbol": null, "estimates": []}, "incomeStatementHistoryQuarterly": {"incomeStatementHistory": [{"maxAge": 1, "endDate": "2020-12-31", "totalRevenue": 900795000, "costOfRevenue": 680566000, "grossProfit": 220229000, "researchDevelopment": {}, "sellingGeneralAdministrative": 54417000, "nonRecurring": {}, "otherOperatingExpenses": 68735000, "totalOperatingExpenses": 821572000, "operatingIncome": 79223000, "totalOtherIncomeExpenseNet": -60807000, "ebit": 79223000, "interestExpense": -63416000, "incomeBeforeTax": 18416000, "incomeTaxExpense": 5316000, "minorityInterest": {}, "netIncomeFromContinuingOps": 13100000, "discontinuedOperations": {}, "extraordinaryItems": {}, "effectOfAccountingCharges": {}, "otherItems": {}, "netIncome": 13100000, "netIncomeApplicableToCommonShares": 13100000}, {"maxAge": 1, "endDate": "2020-09-30", "totalRevenue": 834104000, "costOfRevenue": 632160000, "grossProfit": 201944000, "researchDevelopment": {}, "sellingGeneralAdministrative": 59225000, "nonRecurring": {}, "otherOperatingExpenses": 54175000, "totalOperatingExpenses": 764568000, "operatingIncome": 69536000, "totalOtherIncomeExpenseNet": -54565000, "ebit": 69536000, "interestExpense": -57515000, "incomeBeforeTax": 14971000, "incomeTaxExpense": 5004000, "minorityInterest": {}, "netIncomeFromContinuingOps": 9967000, "discontinuedOperations": {}, "extraordinaryItems": {}, "effectOfAccountingCharges": {}, "otherItems": {}, "netIncome": 9967000, "netIncomeApplicableToCommonShares": 9967000}, {"maxAge": 1, "endDate": "2020-06-30", "totalRevenue": 489950000, "costOfRevenue": 367973000, "grossProfit": 121977000, "researchDevelopment": {}, "sellingGeneralAdministrative": 31395000, "nonRecurring": {}, "otherOperatingExpenses": 38788000, "totalOperatingExpenses": 454593000, "operatingIncome": 35357000, "totalOtherIncomeExpenseNet": -32514000, "ebit": 35357000, "interestExpense": -37538000, "incomeBeforeTax": 2843000, "incomeTaxExpense": 1603000, "minorityInterest": {}, "netIncomeFromContinuingOps": 1240000, "discontinuedOperations": {}, "extraordinaryItems": {}, "effectOfAccountingCharges": {}, "otherItems": {}, "netIncome": 1240000, "netIncomeApplicableToCommonShares": 1240000}, {"maxAge": 1, "endDate": "2020-03-31", "totalRevenue": 974134000, "costOfRevenue": 735435000, "grossProfit": 238699000, "researchDevelopment": {}, "sellingGeneralAdministrative": 71894000, "nonRecurring": {}, "otherOperatingExpenses": 75864000, "totalOperatingExpenses": 899191000, "operatingIncome": 74943000, "totalOtherIncomeExpenseNet": -64664000, "ebit": 74943000, "interestExpense": -21340000, "incomeBeforeTax": 10279000, "incomeTaxExpense": -37225000, "minorityInterest": {}, "netIncomeFromContinuingOps": 47504000, "discontinuedOperations": {}, "extraordinaryItems": {}, "effectOfAccountingCharges": {}, "otherItems": {}, "netIncome": 47504000, "netIncomeApplicableToCommonShares": 47504000}], "maxAge": 86400}, "cashflowStatementHistoryQuarterly": {"cashflowStatements": [{"maxAge": 1, "endDate": "2020-12-31", "netIncome": 13100000, "changeToLiabilities": 0}, {"maxAge": 1, "endDate": "2020-09-30", "netIncome": 9967000, "changeToLiabilities": 0}, {"maxAge": 1, "endDate": "2020-06-30", "netIncome": 1240000, "changeToLiabilities": 0}, {"maxAge": 1, "endDate": "2020-03-31", "netIncome": 47504000, "changeToLiabilities": 0}], "maxAge": 86400}, "earnings": {"maxAge": 86400, "earningsChart": {"quarterly": [], "earningsDate": []}, "financialsChart": {"yearly": [{"date": 2017, "revenue": 3234091000, "earnings": 51719000}, {"date": 2018, "revenue": 3653788000, "earnings": 62620000}, {"date": 2019, "revenue": 4167459000, "earnings": 73542000}, {"date": 2020, "revenue": 4208907000, "earnings": 106676000}], "quarterly": [{"date": "1Q2020", "revenue": 974134000, "earnings": 47504000}, {"date": "2Q2020", "revenue": 489950000, "earnings": 1240000}, {"date": "3Q2020", "revenue": 834104000, "earnings": 9967000}, {"date": "4Q2020", "revenue": 900795000, "earnings": 13100000}]}, "financialCurrency": "INR"}, "financialData": {"maxAge": 86400, "currentPrice": 40.35, "targetHighPrice": 139.0, "targetLowPrice": 139.0, "targetMeanPrice": 139.0, "targetMedianPrice": 139.0, "recommendationMean": 1.5, "recommendationKey": "strong_buy", "numberOfAnalystOpinions": 1, "totalCash": 202346000, "totalCashPerShare": 15.292, "ebitda": 327380000, "totalDebt": 811819008, "totalRevenue": 3198982912, "debtToEquity": 57.025, "revenuePerShare": 240.344, "grossProfits": 943383000, "earningsGrowth": -0.389, "revenueGrowth": -0.204, "grossMargins": 0.24472, "ebitdaMargins": 0.102340005, "operatingMargins": 0.080979995, "profitMargins": 0.022449998, "financialCurrency": "INR"}}}