{"CORNE.BO": {"cashflowStatementHistory": {"cashflowStatements": [{"maxAge": 1, "endDate": "2020-03-31", "netIncome": -22861210, "depreciation": 1183450, "changeToNetincome": -378740, "changeToAccountReceivables": 11355130, "changeToLiabilities": 9503530, "changeToInventory": -7143130, "changeToOperatingActivities": 9211900, "totalCashFromOperatingActivities": 870930, "capitalExpenditures": -311580, "otherCashflowsFromInvestingActivities": 350, "totalCashflowsFromInvestingActivities": -311230, "netBorrowings": -950000, "totalCashFromFinancingActivities": -950000, "changeInCash": -390300}, {"maxAge": 1, "endDate": "2019-03-31", "netIncome": -6050540, "depreciation": 1105550, "changeToNetincome": 336840, "changeToAccountReceivables": 13222700, "changeToLiabilities": 2698300, "changeToInventory": -989740, "changeToOperatingActivities": -5965080, "totalCashFromOperatingActivities": 4358030, "capitalExpenditures": -2122530, "otherCashflowsFromInvestingActivities": 49140, "totalCashflowsFromInvestingActivities": -2073390, "netBorrowings": -1600000, "totalCashFromFinancingActivities": -1600000, "changeInCash": 684640}, {"maxAge": 1, "endDate": "2018-03-31", "netIncome": -4169170, "depreciation": 1670400, "changeToNetincome": -4508960, "changeToAccountReceivables": 3522730, "changeToLiabilities": -4368780, "changeToInventory": -1594120, "changeToOperatingActivities": 5333340, "totalCashFromOperatingActivities": -4114560, "capitalExpenditures": -459370, "otherCashflowsFromInvestingActivities": 46670, "totalCashflowsFromInvestingActivities": -412700, "netBorrowings": 1950000, "totalCashFromFinancingActivities": 1950000, "changeInCash": -2577250}, {"maxAge": 1, "endDate": "2017-03-31", "netIncome": -258984, "depreciation": 1722237, "changeToNetincome": -230221, "changeToAccountReceivables": -11688658, "changeToLiabilities": 11882579, "changeToInventory": -811451, "changeToOperatingActivities": 2432937, "totalCashFromOperatingActivities": 3048439, "capitalExpenditures": -664957, "otherCashflowsFromInvestingActivities": 57450, "totalCashflowsFromInvestingActivities": -607507, "netBorrowings": 1950000, "otherCashflowsFromFinancingActivities": -2490, "totalCashFromFinancingActivities": -2490, "changeInCash": 2438442}], "maxAge": 86400}, "institutionOwnership": {"maxAge": 1, "ownershipList": []}, "balanceSheetHistoryQuarterly": {"balanceSheetStatements": [{"maxAge": 1, "endDate": "2020-06-30"}, {"maxAge": 1, "endDate": "2020-03-31", "cash": 522370, "netReceivables": 23614180, "inventory": 16154790, "otherCurrentAssets": 761770, "totalCurrentAssets": 41057310, "propertyPlantEquipment": 15163520, "otherAssets": 783480, "totalAssets": 57004310, "accountsPayable": 55381700, "otherCurrentLiab": 9934280, "longTermDebt": 3564200, "otherLiab": 3122500, "totalCurrentLiabilities": 99691860, "totalLiab": 106378560, "commonStock": 50527000, "retainedEarnings": -99901250, "totalStockholderEquity": -49374250, "netTangibleAssets": -49374250}, {"maxAge": 1, "endDate": "2019-12-31"}, {"maxAge": 1, "endDate": "2019-09-30"}], "maxAge": 86400}, "indexTrend": {"maxAge": 1, "symbol": "SP5", "peRatio": 19.7411, "pegRatio": 1.34172, "estimates": [{"period": "0q", "growth": 0.549}, {"period": "+1q", "growth": 0.431}, {"period": "0y", "growth": 0.305}, {"period": "+1y", "growth": 0.109}, {"period": "+5y", "growth": 0.120859005}, {"period": "-5y"}]}, "quoteType": {"exchange": "BSE", "quoteType": "EQUITY", "symbol": "CORNE.BO", "underlyingSymbol": "CORNE.BO", "shortName": "CORAL NEWSPRINTS LTD.", "longName": "Coral Newsprints Ltd", "firstTradeDateEpochUtc": "2002-07-19 09:15:00", "timeZoneFullName": "Asia/Kolkata", "timeZoneShortName": "IST", "uuid": "25146576-336f-390b-8d95-e6fe1c363450", "messageBoardId": null, "gmtOffSetMilliseconds": 19800000, "maxAge": 1}, "incomeStatementHistory": {"incomeStatementHistory": [{"maxAge": 1, "endDate": "2020-03-31", "totalRevenue": 106258990, "costOfRevenue": 79714010, "grossProfit": 26544980, "researchDevelopment": {}, "sellingGeneralAdministrative": 9271210, "nonRecurring": {}, "otherOperatingExpenses": 40399710, "totalOperatingExpenses": 130568380, "operatingIncome": -24309390, "totalOtherIncomeExpenseNet": 1342190, "ebit": -24309390, "interestExpense": {}, "incomeBeforeTax": -22967200, "incomeTaxExpense": -105990, "minorityInterest": {}, "netIncomeFromContinuingOps": -22861210, "discontinuedOperations": {}, "extraordinaryItems": {}, "effectOfAccountingCharges": {}, "otherItems": {}, "netIncome": -22861210, "netIncomeApplicableToCommonShares": -22861210}, {"maxAge": 1, "endDate": "2019-03-31", "totalRevenue": 160310630, "costOfRevenue": 106228520, "grossProfit": 54082110, "researchDevelopment": {}, "sellingGeneralAdministrative": 13055190, "nonRecurring": {}, "otherOperatingExpenses": 45997020, "totalOperatingExpenses": 166459660, "operatingIncome": -6149030, "totalOtherIncomeExpenseNet": 1079630, "ebit": -6149030, "interestExpense": {}, "incomeBeforeTax": -5069400, "incomeTaxExpense": 981140, "minorityInterest": {}, "netIncomeFromContinuingOps": -6050540, "discontinuedOperations": {}, "extraordinaryItems": {}, "effectOfAccountingCharges": {}, "otherItems": {}, "netIncome": -6050540, "netIncomeApplicableToCommonShares": -6050540}, {"maxAge": 1, "endDate": "2018-03-31", "totalRevenue": 117046630, "costOfRevenue": 79417030, "grossProfit": 37629600, "researchDevelopment": {}, "sellingGeneralAdministrative": 11430520, "nonRecurring": {}, "otherOperatingExpenses": 33586870, "totalOperatingExpenses": 126190570, "operatingIncome": -9143940, "totalOtherIncomeExpenseNet": 3212130, "ebit": -9143940, "interestExpense": {}, "incomeBeforeTax": -5931810, "incomeTaxExpense": -1762640, "minorityInterest": {}, "netIncomeFromContinuingOps": -4169170, "discontinuedOperations": {}, "extraordinaryItems": {}, "effectOfAccountingCharges": {}, "otherItems": {}, "netIncome": -4169170, "netIncomeApplicableToCommonShares": -4169170}, {"maxAge": 1, "endDate": "2017-03-31", "totalRevenue": 154224711, "costOfRevenue": 101208391, "grossProfit": 53016320, "researchDevelopment": {}, "sellingGeneralAdministrative": 12126286, "nonRecurring": {}, "otherOperatingExpenses": 39577492, "totalOperatingExpenses": 154634406, "operatingIncome": -409695, "totalOtherIncomeExpenseNet": 57450, "ebit": -409695, "interestExpense": {}, "incomeBeforeTax": -352245, "incomeTaxExpense": -93261, "minorityInterest": {}, "netIncomeFromContinuingOps": -258984, "discontinuedOperations": {}, "extraordinaryItems": {}, "effectOfAccountingCharges": {}, "otherItems": {}, "netIncome": -258984, "netIncomeApplicableToCommonShares": -270014}], "maxAge": 86400}, "fundOwnership": {"maxAge": 1, "ownershipList": []}, "summaryDetail": {"maxAge": 1, "priceHint": 4, "previousClose": 3.97, "open": 3.9, "dayLow": 3.8, "dayHigh": 3.9, "regularMarketPreviousClose": 3.97, "regularMarketOpen": 3.9, "regularMarketDayLow": 3.8, "regularMarketDayHigh": 3.9, "volume": 324, "regularMarketVolume": 324, "averageVolume": 836, "averageVolume10days": 1126, "averageDailyVolume10Day": 1126, "bid": 0.0, "ask": 3.9, "marketCap": 14461083, "fiftyTwoWeekLow": 2.88, "fiftyTwoWeekHigh": 7.75, "fiftyDayAverage": 4.239714, "twoHundredDayAverage": 5.4547443, "currency": "INR", "fromCurrency": null, "toCurrency": null, "lastMarket": null, "algorithm": null, "tradeable": false}, "incomeStatementHistoryQuarterly": {"incomeStatementHistory": [{"maxAge": 1, "endDate": "2020-06-30", "totalRevenue": 7616000, "costOfRevenue": 6720000, "grossProfit": 896000, "researchDevelopment": {}, "sellingGeneralAdministrative": 1362000, "nonRecurring": {}, "otherOperatingExpenses": 4699000, "totalOperatingExpenses": 13076000, "operatingIncome": -5460000, "totalOtherIncomeExpenseNet": 0, "ebit": -5460000, "interestExpense": {}, "incomeBeforeTax": -5460000, "incomeTaxExpense": 0, "minorityInterest": {}, "netIncomeFromContinuingOps": -5460000, "discontinuedOperations": {}, "extraordinaryItems": {}, "effectOfAccountingCharges": {}, "otherItems": {}, "netIncome": -5460000, "netIncomeApplicableToCommonShares": -5460000}, {"maxAge": 1, "endDate": "2020-03-31", "totalRevenue": 20879990, "costOfRevenue": 23243010, "grossProfit": -2363020, "researchDevelopment": {}, "sellingGeneralAdministrative": 2354210, "nonRecurring": {}, "otherOperatingExpenses": 11075710, "totalOperatingExpenses": 37028380, "operatingIncome": -16148390, "totalOtherIncomeExpenseNet": 1341190, "ebit": -16148390, "interestExpense": {}, "incomeBeforeTax": -14807200, "incomeTaxExpense": -105990, "minorityInterest": {}, "netIncomeFromContinuingOps": -14701210, "discontinuedOperations": {}, "extraordinaryItems": {}, "effectOfAccountingCharges": {}, "otherItems": {}, "netIncome": -14701210, "netIncomeApplicableToCommonShares": -14701210}, {"maxAge": 1, "endDate": "2019-12-31", "totalRevenue": 23726000, "costOfRevenue": 15479000, "grossProfit": 8247000, "researchDevelopment": {}, "sellingGeneralAdministrative": 2022000, "nonRecurring": {}, "otherOperatingExpenses": 8631000, "totalOperatingExpenses": 26408000, "operatingIncome": -2682000, "totalOtherIncomeExpenseNet": -1000, "ebit": -2682000, "interestExpense": {}, "incomeBeforeTax": -2683000, "incomeTaxExpense": 0, "minorityInterest": {}, "netIncomeFromContinuingOps": -2683000, "discontinuedOperations": {}, "extraordinaryItems": {}, "effectOfAccountingCharges": {}, "otherItems": {}, "netIncome": -2683000, "netIncomeApplicableToCommonShares": -2683000}, {"maxAge": 1, "endDate": "2019-09-30", "totalRevenue": 31262000, "costOfRevenue": 20814000, "grossProfit": 10448000, "researchDevelopment": {}, "sellingGeneralAdministrative": 2366000, "nonRecurring": {}, "otherOperatingExpenses": 10450000, "totalOperatingExpenses": 33906000, "operatingIncome": -2644000, "totalOtherIncomeExpenseNet": 0, "ebit": -2644000, "interestExpense": {}, "incomeBeforeTax": -2644000, "incomeTaxExpense": 0, "minorityInterest": {}, "netIncomeFromContinuingOps": -2644000, "discontinuedOperations": {}, "extraordinaryItems": {}, "effectOfAccountingCharges": {}, "otherItems": {}, "netIncome": -2644000, "netIncomeApplicableToCommonShares": -2644000}], "maxAge": 86400}, "cashflowStatementHistoryQuarterly": {"cashflowStatements": [{"maxAge": 1, "endDate": "2020-06-30", "netIncome": -5460000, "changeToLiabilities": 0}, {"maxAge": 1, "endDate": "2020-03-31", "netIncome": -14701210, "changeToLiabilities": 0}, {"maxAge": 1, "endDate": "2019-12-31", "netIncome": -2683000, "changeToLiabilities": 0}, {"maxAge": 1, "endDate": "2019-09-30", "netIncome": -2644000, "changeToLiabilities": 0}], "maxAge": 86400}, "insiderHolders": {"holders": [], "maxAge": 1}, "calendarEvents": {"maxAge": 1, "earnings": {"earningsDate": []}}, "price": {"maxAge": 1, "regularMarketChangePercent": -0.017632226, "regularMarketChange": -0.06999993, "regularMarketTime": "2021-04-30 14:00:29", "priceHint": 4, "regularMarketPrice": 3.9, "regularMarketDayHigh": 3.9, "regularMarketDayLow": 3.8, "regularMarketVolume": 324, "averageDailyVolume10Day": 1126, "averageDailyVolume3Month": 836, "regularMarketPreviousClose": 3.97, "regularMarketSource": "FREE_REALTIME", "regularMarketOpen": 3.9, "exchange": "BSE", "exchangeName": "BSE", "exchangeDataDelayedBy": 0, "marketState": "CLOSED", "quoteType": "EQUITY", "symbol": "CORNE.BO", "underlyingSymbol": null, "shortName": "CORAL NEWSPRINTS LTD.", "longName": "Coral Newsprints Ltd", "currency": "INR", "quoteSourceName": "Delayed Quote", "currencySymbol": "\u20b9", "fromCurrency": null, "toCurrency": null, "lastMarket": null, "marketCap": 14461083}, "balanceSheetHistory": {"balanceSheetStatements": [{"maxAge": 1, "endDate": "2020-03-31", "cash": 522370, "netReceivables": 23614180, "inventory": 16154790, "otherCurrentAssets": 761770, "totalCurrentAssets": 41057310, "propertyPlantEquipment": 15163520, "otherAssets": 783480, "totalAssets": 57004310, "accountsPayable": 55381700, "otherCurrentLiab": 9934280, "longTermDebt": 3564200, "otherLiab": 3122500, "totalCurrentLiabilities": 99691860, "totalLiab": 106378560, "commonStock": 50527000, "retainedEarnings": -99901250, "totalStockholderEquity": -49374250, "netTangibleAssets": -49374250}, {"maxAge": 1, "endDate": "2019-03-31", "cash": 912690, "netReceivables": 35913690, "inventory": 9011660, "otherCurrentAssets": 590960, "totalCurrentAssets": 46451830, "propertyPlantEquipment": 16035380, "otherAssets": 973150, "totalAssets": 63460360, "accountsPayable": 52182040, "otherCurrentLiab": 1516390, "longTermDebt": 21091510, "otherLiab": 2918780, "totalCurrentLiabilities": 65963110, "totalLiab": 89973400, "commonStock": 50527000, "retainedEarnings": -77040040, "totalStockholderEquity": -26513040, "netTangibleAssets": -26513040}, {"maxAge": 1, "endDate": "2018-03-31", "cash": 228040, "netReceivables": 49230700, "inventory": 8021920, "otherCurrentAssets": 504770, "totalCurrentAssets": 58005570, "propertyPlantEquipment": 15016090, "otherAssets": 1923570, "deferredLongTermAssetCharges": 950420, "totalAssets": 74945230, "accountsPayable": 49160740, "otherCurrentLiab": 7421950, "longTermDebt": 22691510, "otherLiab": 2968550, "totalCurrentLiabilities": 69749980, "totalLiab": 95410040, "commonStock": 50527000, "retainedEarnings": -70991810, "totalStockholderEquity": -20464810, "netTangibleAssets": -20464810}, {"maxAge": 1, "endDate": "2017-03-31", "cash": 2805298, "netReceivables": 52727127, "inventory": 6485342, "otherCurrentAssets": 684108, "totalCurrentAssets": 62728377, "propertyPlantEquipment": 16227112, "otherAssets": 973146, "totalAssets": 79928635, "accountsPayable": 62158081, "otherCurrentLiab": 2625314, "longTermDebt": 20741508, "otherLiab": 3423477, "totalCurrentLiabilities": 72059297, "totalLiab": 96224282, "commonStock": 50527000, "retainedEarnings": -66822647, "totalStockholderEquity": -16295647, "netTangibleAssets": -16295647}], "maxAge": 86400}, "financialData": {"maxAge": 86400, "currentPrice": 3.9, "recommendationKey": "none", "grossProfits": 26544980, "financialCurrency": "INR"}}}