{"COROENGG.BO": {"cashflowStatementHistory": {"cashflowStatements": [{"maxAge": 1, "endDate": "2020-03-31", "netIncome": -46561000, "depreciation": 33462000, "changeToNetincome": 29079000, "changeToAccountReceivables": -142678000, "changeToLiabilities": 31913000, "changeToInventory": 79506000, "totalCashFromOperatingActivities": -15279000, "capitalExpenditures": -762000, "otherCashflowsFromInvestingActivities": 21425000, "totalCashflowsFromInvestingActivities": 20681000, "netBorrowings": -152516000, "otherCashflowsFromFinancingActivities": -66142000, "totalCashFromFinancingActivities": -5095000, "changeInCash": 307000}, {"maxAge": 1, "endDate": "2019-03-31", "netIncome": -118190000, "depreciation": 35644000, "changeToNetincome": 57591000, "changeToAccountReceivables": 24552000, "changeToLiabilities": 7775000, "changeToInventory": 30567000, "totalCashFromOperatingActivities": 37939000, "capitalExpenditures": -1129000, "investments": 380000, "otherCashflowsFromInvestingActivities": 5782000, "totalCashflowsFromInvestingActivities": 5065000, "netBorrowings": 15554000, "otherCashflowsFromFinancingActivities": -58483000, "totalCashFromFinancingActivities": -42929000, "changeInCash": 75000}, {"maxAge": 1, "endDate": "2018-03-31", "netIncome": -125689000, "depreciation": 36800000, "changeToNetincome": 101417000, "changeToAccountReceivables": 100933000, "changeToLiabilities": 2432000, "changeToInventory": -314852000, "totalCashFromOperatingActivities": -198959000, "capitalExpenditures": -1390000, "investments": 380000, "otherCashflowsFromInvestingActivities": 1811000, "totalCashflowsFromInvestingActivities": 1931000, "netBorrowings": 228297000, "otherCashflowsFromFinancingActivities": -31303000, "totalCashFromFinancingActivities": 196994000, "changeInCash": -34000}, {"maxAge": 1, "endDate": "2017-03-31", "netIncome": -76785000, "depreciation": 38802000, "changeToNetincome": 39421000, "changeToAccountReceivables": 140386000, "changeToLiabilities": -159822000, "changeToInventory": 7072000, "totalCashFromOperatingActivities": -10773000, "capitalExpenditures": -330000, "investments": 380000, "otherCashflowsFromInvestingActivities": 500000, "totalCashflowsFromInvestingActivities": 663000, "netBorrowings": 41885000, "otherCashflowsFromFinancingActivities": -31716000, "totalCashFromFinancingActivities": 10169000, "changeInCash": 59000}], "maxAge": 86400}, "institutionOwnership": {"maxAge": 1, "ownershipList": []}, "balanceSheetHistoryQuarterly": {"balanceSheetStatements": [{"maxAge": 1, "endDate": "2020-06-30", "totalStockholderEquity": 705000, "netTangibleAssets": 705000}, {"maxAge": 1, "endDate": "2020-03-31", "cash": 604000, "shortTermInvestments": 13316000, "netReceivables": 267430000, "inventory": 327303000, "otherCurrentAssets": 68697000, "totalCurrentAssets": 677350000, "longTermInvestments": 1537000, "propertyPlantEquipment": 101441000, "otherAssets": 182716000, "deferredLongTermAssetCharges": 146216000, "totalAssets": 963044000, "accountsPayable": 78435000, "otherCurrentLiab": 199001000, "longTermDebt": 453559000, "otherLiab": 14818000, "totalCurrentLiabilities": 493962000, "totalLiab": 962339000, "commonStock": 332336000, "retainedEarnings": -577832000, "treasuryStock": 2121000, "capitalSurplus": 244080000, "otherStockholderEquity": 2121000, "totalStockholderEquity": 705000, "netTangibleAssets": 705000}, {"maxAge": 1, "endDate": "2019-12-31", "totalStockholderEquity": 11027000, "netTangibleAssets": 11027000}, {"maxAge": 1, "endDate": "2019-09-30", "cash": 549000, "shortTermInvestments": 12931000, "netReceivables": 82755000, "inventory": 352382000, "otherCurrentAssets": 115310000, "totalCurrentAssets": 563927000, "longTermInvestments": 1537000, "propertyPlantEquipment": 116995000, "otherAssets": 169875000, "deferredLongTermAssetCharges": 133375000, "totalAssets": 852334000, "accountsPayable": 97850000, "otherCurrentLiab": 100019000, "longTermDebt": 435983000, "otherLiab": 4181000, "totalCurrentLiabilities": 401143000, "totalLiab": 841307000, "commonStock": 332336000, "treasuryStock": -321309000, "otherStockholderEquity": -321309000, "totalStockholderEquity": 11027000, "netTangibleAssets": 11027000}], "maxAge": 86400}, "indexTrend": {"maxAge": 1, "symbol": "SP5", "peRatio": 19.7411, "pegRatio": 1.34172, "estimates": [{"period": "0q", "growth": 0.549}, {"period": "+1q", "growth": 0.431}, {"period": "0y", "growth": 0.305}, {"period": "+1y", "growth": 0.109}, {"period": "+5y", "growth": 0.120859005}, {"period": "-5y"}]}, "insiderTransactions": {"transactions": [{"maxAge": 1, "shares": 6000, "filerUrl": "", "transactionText": "", "filerName": "Venkatachalam (M M)", "filerRelation": "Director", "moneyText": "", "startDate": "2020-01-30", "ownership": "D"}, {"maxAge": 1, "shares": 6000, "filerUrl": "", "transactionText": "", "filerName": "Muthiah (M V)", "filerRelation": "Promoter", "moneyText": "", "startDate": "2020-01-30", "ownership": "D"}, {"maxAge": 1, "shares": 8320, "filerUrl": "", "transactionText": "", "filerName": "Vellayan (S)", "filerRelation": "Promoter", "moneyText": "", "startDate": "2019-06-28", "ownership": "D"}, {"maxAge": 1, "shares": 19987, "filerUrl": "", "transactionText": "", "filerName": "Subbiah (Seetha M V)", "filerRelation": "Promoter", "moneyText": "", "startDate": "2019-06-28", "ownership": "D"}, {"maxAge": 1, "shares": 4160, "filerUrl": "", "transactionText": "", "filerName": "Subbiah (M V)", "filerRelation": "Promoter", "moneyText": "", "startDate": "2019-06-28", "ownership": "D"}, {"maxAge": 1, "shares": 7236, "filerUrl": "", "transactionText": "", "filerName": "Subbiah (M V)", "filerRelation": "Promoter", "moneyText": "", "startDate": "2019-06-28", "ownership": "D"}, {"maxAge": 1, "shares": 8320, "filerUrl": "", "transactionText": "", "filerName": "Saraswathi Trust", "filerRelation": "Institution- Corporation", "moneyText": "", "startDate": "2019-06-28", "ownership": "D"}, {"maxAge": 1, "shares": 284935, "filerUrl": "", "transactionText": "", "filerName": "Vellayan (S)", "filerRelation": "Promoter", "moneyText": "", "startDate": "2019-06-03", "ownership": "D"}, {"maxAge": 1, "shares": 29981, "filerUrl": "", "transactionText": "", "filerName": "Subbiah (Seetha M V)", "filerRelation": "Promoter", "moneyText": "", "startDate": "2019-06-03", "ownership": "D"}, {"maxAge": 1, "shares": 16854, "filerUrl": "", "transactionText": "", "filerName": "Subbiah (M V)", "filerRelation": "Promoter", "moneyText": "", "startDate": "2019-06-03", "ownership": "D"}], "maxAge": 1}, "quoteType": {"exchange": "BSE", "quoteType": "EQUITY", "symbol": "COROENGG.BO", "underlyingSymbol": "COROENGG.BO", "shortName": "COROMANDEL ENGINEERING COMPANY", "longName": "Coromandel Engineering Company Limited", "firstTradeDateEpochUtc": "2010-03-15 09:15:00", "timeZoneFullName": "Asia/Kolkata", "timeZoneShortName": "IST", "uuid": "0644ff42-ab7d-32cd-9dcc-74ee6148939b", "messageBoardId": null, "gmtOffSetMilliseconds": 19800000, "maxAge": 1}, "incomeStatementHistory": {"incomeStatementHistory": [{"maxAge": 1, "endDate": "2020-03-31", "totalRevenue": 576727000, "costOfRevenue": 487892000, "grossProfit": 88835000, "researchDevelopment": {}, "sellingGeneralAdministrative": 74661000, "nonRecurring": {}, "otherOperatingExpenses": -3402000, "totalOperatingExpenses": 592613000, "operatingIncome": -15886000, "totalOtherIncomeExpenseNet": -43516000, "ebit": -15886000, "interestExpense": -64633000, "incomeBeforeTax": -59402000, "incomeTaxExpense": -12841000, "minorityInterest": {}, "netIncomeFromContinuingOps": -46561000, "discontinuedOperations": {}, "extraordinaryItems": {}, "effectOfAccountingCharges": {}, "otherItems": {}, "netIncome": -46561000, "netIncomeApplicableToCommonShares": -46561000}, {"maxAge": 1, "endDate": "2019-03-31", "totalRevenue": 457160000, "costOfRevenue": 373168000, "grossProfit": 83992000, "researchDevelopment": {}, "sellingGeneralAdministrative": 73625000, "nonRecurring": {}, "otherOperatingExpenses": 33313000, "totalOperatingExpenses": 515750000, "operatingIncome": -58590000, "totalOtherIncomeExpenseNet": -56025000, "ebit": -58590000, "interestExpense": -61443000, "incomeBeforeTax": -114615000, "incomeTaxExpense": 3575000, "minorityInterest": {}, "netIncomeFromContinuingOps": -118190000, "discontinuedOperations": {}, "extraordinaryItems": {}, "effectOfAccountingCharges": {}, "otherItems": {}, "netIncome": -118190000, "netIncomeApplicableToCommonShares": -118190000}, {"maxAge": 1, "endDate": "2018-03-31", "totalRevenue": 325008000, "costOfRevenue": 290435000, "grossProfit": 34573000, "researchDevelopment": {}, "sellingGeneralAdministrative": 50400000, "nonRecurring": {}, "otherOperatingExpenses": 26277000, "totalOperatingExpenses": 403912000, "operatingIncome": -78904000, "totalOtherIncomeExpenseNet": -30193000, "ebit": -78904000, "interestExpense": -33517000, "incomeBeforeTax": -109097000, "incomeTaxExpense": 16592000, "minorityInterest": {}, "netIncomeFromContinuingOps": -125689000, "discontinuedOperations": {}, "extraordinaryItems": {}, "effectOfAccountingCharges": {}, "otherItems": {}, "netIncome": -125689000, "netIncomeApplicableToCommonShares": -125689000}, {"maxAge": 1, "endDate": "2017-03-31", "totalRevenue": 313384000, "costOfRevenue": 226354000, "grossProfit": 87030000, "researchDevelopment": {}, "sellingGeneralAdministrative": 59006000, "nonRecurring": {}, "otherOperatingExpenses": 38355000, "totalOperatingExpenses": 362670000, "operatingIncome": -49286000, "totalOtherIncomeExpenseNet": -29256000, "ebit": -49286000, "interestExpense": -33230000, "incomeBeforeTax": -78542000, "incomeTaxExpense": -1757000, "minorityInterest": {}, "netIncomeFromContinuingOps": -76785000, "discontinuedOperations": {}, "extraordinaryItems": {}, "effectOfAccountingCharges": {}, "otherItems": {}, "netIncome": -76785000, "netIncomeApplicableToCommonShares": -76785000}], "maxAge": 86400}, "fundOwnership": {"maxAge": 1, "ownershipList": []}, "summaryDetail": {"maxAge": 1, "priceHint": 2, "previousClose": 25.3, "open": 25.2, "dayLow": 25.2, "dayHigh": 26.5, "regularMarketPreviousClose": 25.3, "regularMarketOpen": 25.2, "regularMarketDayLow": 25.2, "regularMarketDayHigh": 26.5, "volume": 3244, "regularMarketVolume": 3244, "averageVolume": 8726, "averageVolume10days": 16723, "averageDailyVolume10Day": 16723, "bid": 25.5, "ask": 26.35, "bidSize": 0, "askSize": 0, "marketCap": 875705344, "fiftyTwoWeekLow": 11.5, "fiftyTwoWeekHigh": 32.6, "fiftyDayAverage": 28.19143, "twoHundredDayAverage": 23.590511, "currency": "INR", "fromCurrency": null, "toCurrency": null, "lastMarket": null, "algorithm": null, "tradeable": false}, "incomeStatementHistoryQuarterly": {"incomeStatementHistory": [{"maxAge": 1, "endDate": "2020-06-30", "totalRevenue": 80557000, "costOfRevenue": 77141000, "grossProfit": 3416000, "researchDevelopment": {}, "sellingGeneralAdministrative": 16459000, "nonRecurring": {}, "otherOperatingExpenses": 8557000, "totalOperatingExpenses": 109542000, "operatingIncome": -28985000, "totalOtherIncomeExpenseNet": -16091000, "ebit": -28985000, "interestExpense": -16091000, "incomeBeforeTax": -45076000, "incomeTaxExpense": 2914000, "minorityInterest": {}, "netIncomeFromContinuingOps": -47990000, "discontinuedOperations": {}, "extraordinaryItems": {}, "effectOfAccountingCharges": {}, "otherItems": {}, "netIncome": -47990000, "netIncomeApplicableToCommonShares": -47990000}, {"maxAge": 1, "endDate": "2020-03-31", "totalRevenue": 220151000, "costOfRevenue": 197877000, "grossProfit": 22274000, "researchDevelopment": {}, "sellingGeneralAdministrative": 32783000, "nonRecurring": {}, "otherOperatingExpenses": -40928000, "totalOperatingExpenses": 196393000, "operatingIncome": 23758000, "totalOtherIncomeExpenseNet": -15826000, "ebit": 23758000, "interestExpense": -14199000, "incomeBeforeTax": 7932000, "incomeTaxExpense": -12841000, "minorityInterest": {}, "netIncomeFromContinuingOps": 20773000, "discontinuedOperations": {}, "extraordinaryItems": {}, "effectOfAccountingCharges": {}, "otherItems": {}, "netIncome": 20773000, "netIncomeApplicableToCommonShares": 20773000}, {"maxAge": 1, "endDate": "2019-12-31", "totalRevenue": 134177000, "costOfRevenue": 115574000, "grossProfit": 18603000, "researchDevelopment": {}, "sellingGeneralAdministrative": 13876000, "nonRecurring": {}, "otherOperatingExpenses": 10522000, "totalOperatingExpenses": 148913000, "operatingIncome": -14736000, "totalOtherIncomeExpenseNet": -15817000, "ebit": -14736000, "interestExpense": -16330000, "incomeBeforeTax": -30553000, "incomeTaxExpense": 0, "minorityInterest": {}, "netIncomeFromContinuingOps": -30553000, "discontinuedOperations": {}, "extraordinaryItems": {}, "effectOfAccountingCharges": {}, "otherItems": {}, "netIncome": -30553000, "netIncomeApplicableToCommonShares": -30553000}, {"maxAge": 1, "endDate": "2019-09-30", "totalRevenue": 98231000, "costOfRevenue": 76269000, "grossProfit": 21962000, "researchDevelopment": {}, "sellingGeneralAdministrative": 13674000, "nonRecurring": {}, "otherOperatingExpenses": 13550000, "totalOperatingExpenses": 112336000, "operatingIncome": -14105000, "totalOtherIncomeExpenseNet": 5031000, "ebit": -14105000, "interestExpense": -17140000, "incomeBeforeTax": -9074000, "incomeTaxExpense": 0, "minorityInterest": {}, "netIncomeFromContinuingOps": -9074000, "discontinuedOperations": {}, "extraordinaryItems": {}, "effectOfAccountingCharges": {}, "otherItems": {}, "netIncome": -9074000, "netIncomeApplicableToCommonShares": -9074000}], "maxAge": 86400}, "cashflowStatementHistoryQuarterly": {"cashflowStatements": [{"maxAge": 1, "endDate": "2020-06-30", "netIncome": -47990000, "changeToLiabilities": 0}, {"maxAge": 1, "endDate": "2020-03-31", "netIncome": 20773000, "changeToLiabilities": 0}, {"maxAge": 1, "endDate": "2019-12-31", "netIncome": -30553000, "changeToLiabilities": 0}, {"maxAge": 1, "endDate": "2019-09-30", "netIncome": -9074000, "changeToLiabilities": 0}], "maxAge": 86400}, "insiderHolders": {"holders": [{"maxAge": 1, "name": "Muthiah (M V)", "relation": "Promoter", "url": "", "transactionDescription": "Gift", "latestTransDate": "2020-01-30", "positionDirect": 0, "positionDirectDate": "2020-01-30"}, {"maxAge": 1, "name": "Saraswathi Trust", "relation": "Institution- Corporation", "url": "", "transactionDescription": "Acquisition", "latestTransDate": "2019-06-28", "positionDirect": 35543, "positionDirectDate": "2019-06-28"}, {"maxAge": 1, "name": "Subbiah (M V)", "relation": "Promoter", "url": "", "transactionDescription": "Sale", "latestTransDate": "2019-06-28", "positionDirect": 0, "positionDirectDate": "2019-06-28"}, {"maxAge": 1, "name": "Subbiah (Seetha M V)", "relation": "Promoter", "url": "", "transactionDescription": "Sale", "latestTransDate": "2019-06-28", "positionDirect": 0, "positionDirectDate": "2019-06-28"}, {"maxAge": 1, "name": "Vellayan (S)", "relation": "Promoter", "url": "", "transactionDescription": "Sale", "latestTransDate": "2019-06-28", "positionDirect": 0, "positionDirectDate": "2019-06-28"}, {"maxAge": 1, "name": "Venkatachalam (M M)", "relation": "Director", "url": "", "transactionDescription": "Gift", "latestTransDate": "2020-01-30", "positionDirect": 457610, "positionDirectDate": "2020-01-30"}], "maxAge": 1}, "calendarEvents": {"maxAge": 1, "earnings": {"earningsDate": []}}, "price": {"maxAge": 1, "regularMarketChangePercent": 0.04150202, "regularMarketChange": 1.0500011, "regularMarketTime": "2021-04-30 14:27:13", "priceHint": 2, "regularMarketPrice": 26.35, "regularMarketDayHigh": 26.5, "regularMarketDayLow": 25.2, "regularMarketVolume": 3244, "averageDailyVolume10Day": 16723, "averageDailyVolume3Month": 8726, "regularMarketPreviousClose": 25.3, "regularMarketSource": "FREE_REALTIME", "regularMarketOpen": 25.2, "exchange": "BSE", "exchangeName": "BSE", "exchangeDataDelayedBy": 0, "marketState": "CLOSED", "quoteType": "EQUITY", "symbol": "COROENGG.BO", "underlyingSymbol": null, "shortName": "COROMANDEL ENGINEERING COMPANY", "longName": "Coromandel Engineering Company Limited", "currency": "INR", "quoteSourceName": "Delayed Quote", "currencySymbol": "\u20b9", "fromCurrency": null, "toCurrency": null, "lastMarket": null, "marketCap": 875705344}, "balanceSheetHistory": {"balanceSheetStatements": [{"maxAge": 1, "endDate": "2020-03-31", "cash": 604000, "shortTermInvestments": 13316000, "netReceivables": 267430000, "inventory": 327303000, "otherCurrentAssets": 68697000, "totalCurrentAssets": 677350000, "longTermInvestments": 1537000, "propertyPlantEquipment": 101441000, "otherAssets": 182716000, "deferredLongTermAssetCharges": 146216000, "totalAssets": 963044000, "accountsPayable": 78435000, "otherCurrentLiab": 199001000, "longTermDebt": 453559000, "otherLiab": 14818000, "totalCurrentLiabilities": 493962000, "totalLiab": 962339000, "commonStock": 332336000, "retainedEarnings": -577832000, "treasuryStock": 2121000, "capitalSurplus": 244080000, "otherStockholderEquity": 2121000, "totalStockholderEquity": 705000, "netTangibleAssets": 705000}, {"maxAge": 1, "endDate": "2019-03-31", "cash": 1092000, "shortTermInvestments": 13081000, "netReceivables": 135634000, "inventory": 406810000, "otherCurrentAssets": 54293000, "totalCurrentAssets": 610910000, "longTermInvestments": 1537000, "propertyPlantEquipment": 134322000, "otherAssets": 169875000, "deferredLongTermAssetCharges": 133375000, "totalAssets": 916644000, "accountsPayable": 120612000, "shortLongTermDebt": 40000000, "otherCurrentLiab": 117807000, "longTermDebt": 353868000, "otherLiab": 22485000, "totalCurrentLiabilities": 492483000, "totalLiab": 868836000, "commonStock": 332336000, "retainedEarnings": -538500000, "treasuryStock": 9892000, "capitalSurplus": 244080000, "otherStockholderEquity": 9892000, "totalStockholderEquity": 47808000, "netTangibleAssets": 47808000}, {"maxAge": 1, "endDate": "2018-03-31", "cash": 1203000, "shortTermInvestments": 12653000, "netReceivables": 150953000, "inventory": 437377000, "otherCurrentAssets": 60111000, "totalCurrentAssets": 662297000, "longTermInvestments": 1917000, "propertyPlantEquipment": 168849000, "otherAssets": 174243000, "deferredLongTermAssetCharges": 136950000, "totalAssets": 1007306000, "accountsPayable": 84510000, "shortLongTermDebt": 40000000, "otherCurrentLiab": 146879000, "longTermDebt": 428980000, "otherLiab": 17227000, "totalCurrentLiabilities": 394265000, "totalLiab": 840472000, "commonStock": 332336000, "retainedEarnings": -419474000, "treasuryStock": 9892000, "capitalSurplus": 244080000, "otherStockholderEquity": 9892000, "totalStockholderEquity": 166834000, "netTangibleAssets": 166834000}, {"maxAge": 1, "endDate": "2017-03-31", "cash": 1435000, "shortTermInvestments": 11098000, "netReceivables": 234329000, "inventory": 122525000, "otherCurrentAssets": 122429000, "totalCurrentAssets": 491816000, "longTermInvestments": 1767000, "propertyPlantEquipment": 206553000, "otherAssets": 197779000, "deferredLongTermAssetCharges": 153542000, "totalAssets": 897915000, "accountsPayable": 142307000, "otherCurrentLiab": 83915000, "longTermDebt": 70000000, "otherLiab": 16520000, "totalCurrentLiabilities": 519256000, "totalLiab": 605776000, "commonStock": 332336000, "retainedEarnings": -294019000, "treasuryStock": 9742000, "capitalSurplus": 244080000, "otherStockholderEquity": 9742000, "totalStockholderEquity": 292139000, "netTangibleAssets": 292139000}], "maxAge": 86400}, "financialData": {"maxAge": 86400, "currentPrice": 26.35, "recommendationKey": "none", "grossProfits": 88835000, "financialCurrency": "INR"}}}