{"CORPOCO.BO": {"cashflowStatementHistory": {"cashflowStatements": [{"maxAge": 1, "endDate": "2020-03-31", "netIncome": -14126, "changeToAccountReceivables": 20210, "changeToLiabilities": 3000, "changeToOperatingActivities": 35300, "totalCashFromOperatingActivities": 44384, "netBorrowings": -34500, "totalCashFromFinancingActivities": -34500, "changeInCash": 9884}, {"maxAge": 1, "endDate": "2019-03-31", "netIncome": 4730193, "changeToAccountReceivables": 2275101, "changeToLiabilities": -232024, "changeToOperatingActivities": 1771165, "totalCashFromOperatingActivities": 8544435, "totalCashflowsFromInvestingActivities": -7755311, "netBorrowings": -675000, "totalCashFromFinancingActivities": -675000, "changeInCash": 114124}, {"maxAge": 1, "endDate": "2018-03-31", "netIncome": 2208792, "changeToAccountReceivables": -918864, "changeToLiabilities": 320524, "changeToOperatingActivities": -19766594, "totalCashFromOperatingActivities": -18156142, "totalCashflowsFromInvestingActivities": -7755311, "netBorrowings": 709500, "totalCashFromFinancingActivities": 18109500, "changeInCash": -46642, "issuanceOfStock": 17400000}, {"maxAge": 1, "endDate": "2017-03-31", "netIncome": 1714299, "changeToNetincome": 2701000, "changeToAccountReceivables": -3512947, "changeToLiabilities": 0, "changeToOperatingActivities": 1822404, "totalCashFromOperatingActivities": 23756, "totalCashflowsFromInvestingActivities": -7755311, "netBorrowings": 709500, "totalCashFromFinancingActivities": 18109500, "changeInCash": 23756, "issuanceOfStock": 17400000}], "maxAge": 86400}, "institutionOwnership": {"ownershipList": [], "maxAge": 1}, "balanceSheetHistoryQuarterly": {"balanceSheetStatements": [{"maxAge": 1, "endDate": "2020-06-30", "cash": 404000, "netReceivables": 3535000, "otherCurrentAssets": 2564000, "totalCurrentAssets": 6503000, "totalAssets": 6503000, "accountsPayable": 91000, "otherCurrentLiab": 2417000, "totalCurrentLiabilities": 2508000, "totalLiab": 2508000, "commonStock": 71764000, "treasuryStock": -67769000, "otherStockholderEquity": -67769000, "totalStockholderEquity": 3995000, "netTangibleAssets": 3995000}, {"maxAge": 1, "endDate": "2020-03-31", "cash": 211547, "netReceivables": 3535000, "otherCurrentAssets": 2328345, "totalCurrentAssets": 6074892, "totalAssets": 6074892, "accountsPayable": 91500, "otherCurrentLiab": 2416600, "totalCurrentLiabilities": 2508100, "totalLiab": 2508100, "commonStock": 71763500, "retainedEarnings": -137131897, "treasuryStock": -7755311, "capitalSurplus": 76690500, "otherStockholderEquity": -7755311, "totalStockholderEquity": 3566792, "netTangibleAssets": 3566792}, {"maxAge": 1, "endDate": "2019-12-31", "cash": 219000, "netReceivables": 4555000, "otherCurrentAssets": 2353000, "totalCurrentAssets": 7127000, "totalAssets": 7127000, "accountsPayable": 17000, "otherCurrentLiab": 2702000, "totalCurrentLiabilities": 2728000, "totalLiab": 2728000, "commonStock": 71764000, "treasuryStock": -67365000, "otherStockholderEquity": -67365000, "totalStockholderEquity": 4399000, "netTangibleAssets": 4399000}, {"maxAge": 1, "endDate": "2019-09-30", "cash": 215000, "netReceivables": 4305000, "otherCurrentAssets": 2494000, "totalCurrentAssets": 7014000, "totalAssets": 7014000, "accountsPayable": 98000, "otherCurrentLiab": 2653000, "totalCurrentLiabilities": 2760000, "totalLiab": 2760000, "commonStock": 71764000, "treasuryStock": -67510000, "otherStockholderEquity": -67510000, "totalStockholderEquity": 4254000, "netTangibleAssets": 4254000}], "maxAge": 86400}, "indexTrend": {"maxAge": 1, "symbol": "SP5", "peRatio": 19.7411, "pegRatio": 1.34172, "estimates": [{"period": "0q", "growth": 0.549}, {"period": "+1q", "growth": 0.431}, {"period": "0y", "growth": 0.305}, {"period": "+1y", "growth": 0.109}, {"period": "+5y", "growth": 0.120859005}, {"period": "-5y"}]}, "insiderTransactions": {"transactions": [{"maxAge": 1, "shares": 720000, "filerUrl": "", "transactionText": "", "filerName": "Renaud Infracons LLP", "filerRelation": "Promoter", "moneyText": "", "startDate": "2014-09-19", "ownership": "D"}, {"maxAge": 1, "shares": 24500, "filerUrl": "", "transactionText": "", "filerName": "Renaud Infracons LLP", "filerRelation": "Promoter", "moneyText": "", "startDate": "2014-05-09", "ownership": "D"}, {"maxAge": 1, "shares": 305400, "filerUrl": "", "transactionText": "", "filerName": "Reddy (Usha)", "filerRelation": "Promoter", "moneyText": "", "startDate": "2013-12-30", "ownership": "D"}, {"maxAge": 1, "shares": 20500, "filerUrl": "", "transactionText": "", "filerName": "Sriraman (K S)", "filerRelation": "Promoter", "moneyText": "", "startDate": "2013-12-30", "ownership": "D"}, {"maxAge": 1, "shares": 5000, "filerUrl": "", "transactionText": "", "filerName": "Sarathy (Stanila)", "filerRelation": "Promoter", "moneyText": "", "startDate": "2013-12-30", "ownership": "D"}, {"maxAge": 1, "shares": 644400, "filerUrl": "", "transactionText": "", "filerName": "Renaud Infracons LLP", "filerRelation": "Promoter", "moneyText": "", "startDate": "2013-12-30", "ownership": "D"}, {"maxAge": 1, "shares": 75100, "filerUrl": "", "transactionText": "", "filerName": "Reddy (Veena)", "filerRelation": "Promoter", "moneyText": "", "startDate": "2013-12-30", "ownership": "D"}, {"maxAge": 1, "shares": 32300, "filerUrl": "", "transactionText": "", "filerName": "Raman (Murali S)", "filerRelation": "Promoter", "moneyText": "", "startDate": "2013-12-30", "ownership": "D"}, {"maxAge": 1, "shares": 68800, "filerUrl": "", "transactionText": "", "filerName": "Ramadevi (C)", "filerRelation": "Promoter", "moneyText": "", "startDate": "2013-12-30", "ownership": "D"}, {"maxAge": 1, "shares": 137300, "filerUrl": "", "transactionText": "", "filerName": "Reddy (Madhu J)", "filerRelation": "Promoter", "moneyText": "", "startDate": "2013-12-23", "ownership": "D"}, {"maxAge": 1, "shares": 216000, "filerUrl": "", "transactionText": "", "filerName": "Iyer (Sudha)", "filerRelation": "Promoter", "moneyText": "", "startDate": "2013-12-23", "ownership": "D"}, {"maxAge": 1, "shares": 2007400, "filerUrl": "", "transactionText": "", "filerName": "Renaud Infracons LLP", "filerRelation": "Promoter", "moneyText": "", "startDate": "2013-12-23", "ownership": "D"}, {"maxAge": 1, "shares": 109100, "filerUrl": "", "transactionText": "", "filerName": "Raghavan (Amritha)", "filerRelation": "Promoter", "moneyText": "", "startDate": "2013-12-23", "ownership": "D"}, {"maxAge": 1, "shares": 1011500, "filerUrl": "", "transactionText": "", "filerName": "Multimode Transhipments Pvt Ltd", "filerRelation": "Promoter", "moneyText": "", "startDate": "2013-12-23", "ownership": "D"}, {"maxAge": 1, "shares": 104700, "filerUrl": "", "transactionText": "", "filerName": "Sarathy (Raghavan T)", "filerRelation": "Promoter", "moneyText": "", "startDate": "2013-12-23", "ownership": "D"}, {"maxAge": 1, "shares": 386000, "filerUrl": "", "transactionText": "", "filerName": "Kalyanaraman (R)", "filerRelation": "Promoter", "moneyText": "", "startDate": "2013-12-23", "ownership": "D"}, {"maxAge": 1, "shares": 180100, "filerUrl": "", "transactionText": "", "filerName": "Iyer (Suresh V)", "filerRelation": "Promoter", "moneyText": "", "startDate": "2013-12-23", "ownership": "D"}], "maxAge": 1}, "quoteType": {"exchange": "BSE", "quoteType": "EQUITY", "symbol": "CORPOCO.BO", "underlyingSymbol": "CORPOCO.BO", "shortName": "CORPORATE COURIER AND CARGO LT", "longName": "Corporate Courier and Cargo Limited", "firstTradeDateEpochUtc": "1998-12-30 09:15:00", "timeZoneFullName": "Asia/Kolkata", "timeZoneShortName": "IST", "uuid": "4d1188e5-d7a0-3f50-8d0b-28a140832c15", "gmtOffSetMilliseconds": 19800000, "maxAge": 1}, "incomeStatementHistory": {"incomeStatementHistory": [{"maxAge": 1, "endDate": "2020-03-31", "totalRevenue": 1200000, "costOfRevenue": 0, "grossProfit": 1200000, "researchDevelopment": {}, "sellingGeneralAdministrative": {}, "nonRecurring": {}, "otherOperatingExpenses": 693916, "totalOperatingExpenses": 1214126, "operatingIncome": -14126, "totalOtherIncomeExpenseNet": 0, "ebit": -14126, "interestExpense": {}, "incomeBeforeTax": -14126, "incomeTaxExpense": 0, "minorityInterest": {}, "netIncomeFromContinuingOps": -14126, "discontinuedOperations": {}, "extraordinaryItems": {}, "effectOfAccountingCharges": {}, "otherItems": {}, "netIncome": -14126, "netIncomeApplicableToCommonShares": -14126}, {"maxAge": 1, "endDate": "2019-03-31", "totalRevenue": 6050000, "costOfRevenue": 0, "grossProfit": 6050000, "researchDevelopment": {}, "sellingGeneralAdministrative": {}, "nonRecurring": {}, "otherOperatingExpenses": 854466, "totalOperatingExpenses": 1383807, "operatingIncome": 4666193, "totalOtherIncomeExpenseNet": 0, "ebit": 4666193, "interestExpense": {}, "incomeBeforeTax": 4666193, "incomeTaxExpense": 1360500, "minorityInterest": {}, "netIncomeFromContinuingOps": 3305693, "discontinuedOperations": 1424500, "extraordinaryItems": {}, "effectOfAccountingCharges": {}, "otherItems": {}, "netIncome": 4730193, "netIncomeApplicableToCommonShares": 4730193}, {"maxAge": 1, "endDate": "2018-03-31", "totalRevenue": 3812000, "costOfRevenue": 0, "grossProfit": 3812000, "researchDevelopment": {}, "sellingGeneralAdministrative": 12607, "nonRecurring": {}, "otherOperatingExpenses": 1030601, "totalOperatingExpenses": 1043208, "operatingIncome": 2768792, "totalOtherIncomeExpenseNet": 0, "ebit": 2768792, "interestExpense": {}, "incomeBeforeTax": 2768792, "incomeTaxExpense": 560000, "minorityInterest": {}, "netIncomeFromContinuingOps": 2208792, "discontinuedOperations": 1424500, "extraordinaryItems": {}, "effectOfAccountingCharges": {}, "otherItems": {}, "netIncome": 2208792, "netIncomeApplicableToCommonShares": 2208792}, {"maxAge": 1, "endDate": "2017-03-31", "totalRevenue": 4861447, "costOfRevenue": 2110090, "grossProfit": 2751357, "researchDevelopment": {}, "sellingGeneralAdministrative": 545000, "nonRecurring": {}, "otherOperatingExpenses": 492058, "totalOperatingExpenses": 3147148, "operatingIncome": 1714299, "totalOtherIncomeExpenseNet": -13000, "ebit": 1714299, "interestExpense": {}, "incomeBeforeTax": 1714299, "incomeTaxExpense": 0, "minorityInterest": {}, "netIncomeFromContinuingOps": 1714299, "discontinuedOperations": 1424500, "extraordinaryItems": {}, "effectOfAccountingCharges": {}, "otherItems": {}, "netIncome": 1714299, "netIncomeApplicableToCommonShares": 1714299}], "maxAge": 86400}, "fundOwnership": {"ownershipList": [], "maxAge": 1}, "summaryDetail": {"maxAge": 1, "priceHint": 4, "previousClose": 4.51, "open": 4.72, "dayLow": 4.31, "dayHigh": 4.72, "regularMarketPreviousClose": 4.51, "regularMarketOpen": 4.72, "regularMarketDayLow": 4.31, "regularMarketDayHigh": 4.72, "trailingPE": 168.57141, "volume": 2813, "regularMarketVolume": 2813, "averageVolume": 6400, "averageVolume10days": 3190, "averageDailyVolume10Day": 3190, "bid": 4.32, "ask": 4.72, "bidSize": 0, "askSize": 0, "marketCap": 33984000, "fiftyTwoWeekLow": 1.61, "fiftyTwoWeekHigh": 8.45, "fiftyDayAverage": 3.3427272, "twoHundredDayAverage": 3.04625, "currency": "INR", "fromCurrency": null, "lastMarket": null, "algorithm": null, "tradeable": false}, "incomeStatementHistoryQuarterly": {"incomeStatementHistory": [{"maxAge": 1, "endDate": "2020-06-30", "totalRevenue": 486000, "costOfRevenue": 0, "grossProfit": 486000, "researchDevelopment": {}, "sellingGeneralAdministrative": 20000, "nonRecurring": {}, "otherOperatingExpenses": 37000, "totalOperatingExpenses": 57000, "operatingIncome": 429000, "totalOtherIncomeExpenseNet": 0, "ebit": 429000, "interestExpense": {}, "incomeBeforeTax": 429000, "incomeTaxExpense": 0, "minorityInterest": {}, "netIncomeFromContinuingOps": 429000, "discontinuedOperations": {}, "extraordinaryItems": {}, "effectOfAccountingCharges": {}, "otherItems": {}, "netIncome": 429000, "netIncomeApplicableToCommonShares": 429000}, {"maxAge": 1, "endDate": "2020-03-31", "totalRevenue": -500000, "costOfRevenue": 0, "grossProfit": -500000, "researchDevelopment": {}, "sellingGeneralAdministrative": -54000, "nonRecurring": {}, "otherOperatingExpenses": 146916, "totalOperatingExpenses": 613126, "operatingIncome": -1113126, "totalOtherIncomeExpenseNet": 0, "ebit": -1113126, "interestExpense": {}, "incomeBeforeTax": -1113126, "incomeTaxExpense": -281000, "minorityInterest": {}, "netIncomeFromContinuingOps": -832126, "discontinuedOperations": {}, "extraordinaryItems": {}, "effectOfAccountingCharges": {}, "otherItems": {}, "netIncome": -832126, "netIncomeApplicableToCommonShares": -832126}, {"maxAge": 1, "endDate": "2019-12-31", "totalRevenue": 250000, "costOfRevenue": 0, "grossProfit": 250000, "researchDevelopment": {}, "sellingGeneralAdministrative": 54000, "nonRecurring": {}, "otherOperatingExpenses": 1000, "totalOperatingExpenses": 55000, "operatingIncome": 195000, "totalOtherIncomeExpenseNet": 0, "ebit": 195000, "interestExpense": {}, "incomeBeforeTax": 195000, "incomeTaxExpense": 49000, "minorityInterest": {}, "netIncomeFromContinuingOps": 146000, "discontinuedOperations": {}, "extraordinaryItems": {}, "effectOfAccountingCharges": {}, "otherItems": {}, "netIncome": 146000, "netIncomeApplicableToCommonShares": 146000}, {"maxAge": 1, "endDate": "2019-09-30", "totalRevenue": 700000, "costOfRevenue": 0, "grossProfit": 700000, "researchDevelopment": {}, "sellingGeneralAdministrative": 54000, "nonRecurring": {}, "otherOperatingExpenses": 91000, "totalOperatingExpenses": 91000, "operatingIncome": 609000, "totalOtherIncomeExpenseNet": 0, "ebit": 609000, "interestExpense": {}, "incomeBeforeTax": 609000, "incomeTaxExpense": 152000, "minorityInterest": {}, "netIncomeFromContinuingOps": 457000, "discontinuedOperations": {}, "extraordinaryItems": {}, "effectOfAccountingCharges": {}, "otherItems": {}, "netIncome": 457000, "netIncomeApplicableToCommonShares": 457000}], "maxAge": 86400}, "cashflowStatementHistoryQuarterly": {"cashflowStatements": [{"maxAge": 1, "endDate": "2020-06-30", "netIncome": 429000, "changeToLiabilities": 0}, {"maxAge": 1, "endDate": "2020-03-31", "netIncome": -832126, "changeToLiabilities": 0}, {"maxAge": 1, "endDate": "2019-12-31", "netIncome": 146000, "changeToLiabilities": 0}, {"maxAge": 1, "endDate": "2019-09-30", "netIncome": 457000, "changeToLiabilities": 0}], "maxAge": 86400}, "insiderHolders": {"holders": [{"maxAge": 1, "name": "Iyer (Sudha)", "relation": "Promoter", "url": "", "transactionDescription": "Sale", "latestTransDate": "2013-12-23", "positionDirect": 0, "positionDirectDate": "2013-12-23"}, {"maxAge": 1, "name": "Raghavan (Amritha)", "relation": "Promoter", "url": "", "transactionDescription": "Sale", "latestTransDate": "2013-12-23", "positionDirect": 0, "positionDirectDate": "2013-12-23"}, {"maxAge": 1, "name": "Ramadevi (C)", "relation": "Promoter", "url": "", "transactionDescription": "Sale", "latestTransDate": "2013-12-30", "positionDirect": 0, "positionDirectDate": "2013-12-30"}, {"maxAge": 1, "name": "Raman (Murali S)", "relation": "Promoter", "url": "", "transactionDescription": "Sale", "latestTransDate": "2013-12-30", "positionDirect": 0, "positionDirectDate": "2013-12-30"}, {"maxAge": 1, "name": "Reddy (Madhu J)", "relation": "Promoter", "url": "", "transactionDescription": "Sale", "latestTransDate": "2013-12-23", "positionDirect": 0, "positionDirectDate": "2013-12-23"}, {"maxAge": 1, "name": "Reddy (Usha)", "relation": "Promoter", "url": "", "transactionDescription": "Sale", "latestTransDate": "2013-12-30", "positionDirect": 0, "positionDirectDate": "2013-12-30"}, {"maxAge": 1, "name": "Reddy (Veena)", "relation": "Promoter", "url": "", "transactionDescription": "Sale", "latestTransDate": "2013-12-30", "positionDirect": 0, "positionDirectDate": "2013-12-30"}, {"maxAge": 1, "name": "Renaud Infracons LLP", "relation": "Promoter", "url": "", "transactionDescription": "Sale", "latestTransDate": "2014-09-19", "positionDirect": 1956300, "positionDirectDate": "2014-09-19"}, {"maxAge": 1, "name": "Sarathy (Stanila)", "relation": "Promoter", "url": "", "transactionDescription": "Sale", "latestTransDate": "2013-12-30", "positionDirect": 0, "positionDirectDate": "2013-12-30"}, {"maxAge": 1, "name": "Sriraman (K S)", "relation": "Promoter", "url": "", "transactionDescription": "Sale", "latestTransDate": "2013-12-30", "positionDirect": 0, "positionDirectDate": "2013-12-30"}], "maxAge": 1}, "calendarEvents": {"maxAge": 1, "earnings": {"earningsDate": []}}, "upgradeDowngradeHistory": {"history": [], "maxAge": 86400}, "price": {"maxAge": 1, "regularMarketChangePercent": 0.046563093, "regularMarketChange": 0.20999956, "regularMarketTime": "2021-04-30 15:29:51", "priceHint": 4, "regularMarketPrice": 4.72, "regularMarketDayHigh": 4.72, "regularMarketDayLow": 4.31, "regularMarketVolume": 2813, "averageDailyVolume10Day": 3190, "averageDailyVolume3Month": 6400, "regularMarketPreviousClose": 4.51, "regularMarketSource": "FREE_REALTIME", "regularMarketOpen": 4.72, "exchange": "BSE", "exchangeName": "BSE", "exchangeDataDelayedBy": 0, "marketState": "CLOSED", "quoteType": "EQUITY", "symbol": "CORPOCO.BO", "underlyingSymbol": null, "shortName": "CORPORATE COURIER AND CARGO LT", "longName": "Corporate Courier and Cargo Limited", "currency": "INR", "quoteSourceName": "Delayed Quote", "currencySymbol": "\u20b9", "fromCurrency": null, "lastMarket": null, "marketCap": 33984000}, "balanceSheetHistory": {"balanceSheetStatements": [{"maxAge": 1, "endDate": "2020-03-31", "cash": 211547, "netReceivables": 3535000, "otherCurrentAssets": 2328345, "totalCurrentAssets": 6074892, "totalAssets": 6074892, "accountsPayable": 91500, "otherCurrentLiab": 2416600, "totalCurrentLiabilities": 2508100, "totalLiab": 2508100, "commonStock": 71763500, "retainedEarnings": -137131897, "treasuryStock": -7755311, "capitalSurplus": 76690500, "otherStockholderEquity": -7755311, "totalStockholderEquity": 3566792, "netTangibleAssets": 3566792}, {"maxAge": 1, "endDate": "2019-03-31", "cash": 201663, "netReceivables": 3555210, "otherCurrentAssets": 2343345, "totalCurrentAssets": 6100218, "totalAssets": 6100218, "accountsPayable": 88500, "otherCurrentLiab": 2396300, "otherLiab": -1000, "totalCurrentLiabilities": 2519300, "totalLiab": 2519300, "commonStock": 71763500, "retainedEarnings": -137117771, "treasuryStock": -7755311, "capitalSurplus": 76690500, "otherStockholderEquity": -7755311, "totalStockholderEquity": 3580918, "netTangibleAssets": 3580918}, {"maxAge": 1, "endDate": "2018-03-31", "cash": 87539, "netReceivables": 5830311, "otherCurrentAssets": 2278210, "totalCurrentAssets": 8196060, "totalAssets": 8196060, "accountsPayable": 320524, "otherCurrentLiab": 560000, "totalCurrentLiabilities": 1590024, "totalLiab": 1590024, "commonStock": 71763500, "retainedEarnings": -141746744, "treasuryStock": -101220, "capitalSurplus": 76690500, "otherStockholderEquity": -101220, "totalStockholderEquity": 6606036, "netTangibleAssets": 6606036}, {"maxAge": 1, "endDate": "2017-03-31", "cash": 134181, "netReceivables": 4911447, "otherCurrentAssets": 840000, "totalCurrentAssets": 5885628, "longTermInvestments": 1138720, "otherAssets": -1000, "totalAssets": 7024348, "otherCurrentLiab": 2785959, "otherLiab": 16102425, "totalCurrentLiabilities": 2785959, "totalLiab": 18888384, "commonStock": 59763500, "retainedEarnings": -143955536, "treasuryStock": 1037500, "capitalSurplus": 71290500, "otherStockholderEquity": 1037500, "totalStockholderEquity": -11864036, "netTangibleAssets": -11864036}], "maxAge": 86400}, "financialData": {"maxAge": 86400, "currentPrice": 4.72, "recommendationKey": "none", "grossProfits": 1200000, "financialCurrency": "INR"}}}