{"COSCO.BO": {"recommendationTrend": {"trend": [{"period": "0m", "strongBuy": 0, "buy": 0, "hold": 0, "sell": 0, "strongSell": 0}, {"period": "-1m", "strongBuy": 0, "buy": 0, "hold": 0, "sell": 0, "strongSell": 0}, {"period": "-2m", "strongBuy": 0, "buy": 0, "hold": 0, "sell": 0, "strongSell": 0}, {"period": "-3m", "strongBuy": 0, "buy": 0, "hold": 0, "sell": 0, "strongSell": 0}], "maxAge": 86400}, "cashflowStatementHistory": {"cashflowStatements": [{"maxAge": 1, "endDate": "2020-03-31", "netIncome": 18072000, "depreciation": 14238000, "changeToNetincome": 41554000, "changeToAccountReceivables": -51907000, "changeToLiabilities": 47397000, "changeToInventory": 6444000, "changeToOperatingActivities": -39822000, "totalCashFromOperatingActivities": 36371000, "capitalExpenditures": -9073000, "otherCashflowsFromInvestingActivities": 236000, "totalCashflowsFromInvestingActivities": -8792000, "netBorrowings": -7429000, "otherCashflowsFromFinancingActivities": -44020000, "totalCashFromFinancingActivities": -51449000, "changeInCash": -23870000}, {"maxAge": 1, "endDate": "2019-03-31", "netIncome": 30178000, "depreciation": 9483000, "changeToNetincome": 40873000, "changeToAccountReceivables": -5000000, "changeToLiabilities": -8244000, "changeToInventory": -37738000, "changeToOperatingActivities": 11548000, "totalCashFromOperatingActivities": 41403000, "capitalExpenditures": -10042000, "otherCashflowsFromInvestingActivities": 230000, "totalCashflowsFromInvestingActivities": -9812000, "netBorrowings": 12770000, "otherCashflowsFromFinancingActivities": -42427000, "totalCashFromFinancingActivities": -29657000, "changeInCash": 1934000}, {"maxAge": 1, "endDate": "2018-03-31", "netIncome": 39302000, "depreciation": 9943000, "changeToNetincome": 42463000, "changeToAccountReceivables": -39098000, "changeToLiabilities": -4899000, "changeToInventory": -37890000, "changeToOperatingActivities": -45041000, "totalCashFromOperatingActivities": -35074000, "capitalExpenditures": -6416000, "otherCashflowsFromInvestingActivities": 4000, "totalCashflowsFromInvestingActivities": -6355000, "netBorrowings": 41941000, "otherCashflowsFromFinancingActivities": -39480000, "totalCashFromFinancingActivities": 2461000, "changeInCash": -38968000}, {"maxAge": 1, "endDate": "2017-03-31", "netIncome": 55599000, "depreciation": 9733000, "changeToNetincome": 13680000, "changeToAccountReceivables": -13114000, "changeToLiabilities": -3295000, "changeToInventory": 13967000, "changeToOperatingActivities": 3984000, "totalCashFromOperatingActivities": 80845000, "capitalExpenditures": -19874000, "investments": 295000, "otherCashflowsFromInvestingActivities": 4073000, "totalCashflowsFromInvestingActivities": 951000, "netBorrowings": 6641000, "otherCashflowsFromFinancingActivities": -34283000, "totalCashFromFinancingActivities": -27642000, "changeInCash": 54154000}], "maxAge": 86400}, "institutionOwnership": {"maxAge": 1, "ownershipList": []}, "balanceSheetHistoryQuarterly": {"balanceSheetStatements": [{"maxAge": 1, "endDate": "2020-06-30", "totalStockholderEquity": 392095000, "netTangibleAssets": 391405000}, {"maxAge": 1, "endDate": "2020-03-31", "cash": 2410000, "shortTermInvestments": 600000, "netReceivables": 303616000, "inventory": 529049000, "otherCurrentAssets": 21417000, "totalCurrentAssets": 860025000, "propertyPlantEquipment": 76715000, "intangibleAssets": 690000, "otherAssets": 40463000, "deferredLongTermAssetCharges": 5628000, "totalAssets": 977893000, "accountsPayable": 86502000, "shortLongTermDebt": 137456000, "otherCurrentLiab": 16391000, "longTermDebt": 141300000, "otherLiab": 9340000, "totalCurrentLiabilities": 417195000, "totalLiab": 585798000, "commonStock": 41610000, "retainedEarnings": 320293000, "treasuryStock": -1038000, "capitalSurplus": 31230000, "otherStockholderEquity": -1038000, "totalStockholderEquity": 392095000, "netTangibleAssets": 391405000}, {"maxAge": 1, "endDate": "2019-12-31", "totalStockholderEquity": 384449000, "netTangibleAssets": 383586000}, {"maxAge": 1, "endDate": "2019-09-30", "cash": 15454000, "shortTermInvestments": 4795000, "netReceivables": 316858000, "inventory": 563421000, "otherCurrentAssets": 53096000, "totalCurrentAssets": 953624000, "longTermInvestments": 22301000, "propertyPlantEquipment": 55204000, "intangibleAssets": 863000, "otherAssets": 1139000, "deferredLongTermAssetCharges": 1139000, "totalAssets": 1033131000, "accountsPayable": 103746000, "shortLongTermDebt": 323700000, "otherCurrentLiab": 69595000, "longTermDebt": 137800000, "otherLiab": 7748000, "totalCurrentLiabilities": 503134000, "totalLiab": 648682000, "commonStock": 41610000, "treasuryStock": 342839000, "otherStockholderEquity": 342839000, "totalStockholderEquity": 384449000, "netTangibleAssets": 383586000}], "maxAge": 86400}, "earningsHistory": {"history": [{"maxAge": 1, "epsActual": {}, "epsEstimate": {}, "epsDifference": {}, "surprisePercent": {}, "quarter": {}, "period": "-4q"}, {"maxAge": 1, "epsActual": {}, "epsEstimate": {}, "epsDifference": {}, "surprisePercent": {}, "quarter": {}, "period": "-3q"}, {"maxAge": 1, "epsActual": {}, "epsEstimate": {}, "epsDifference": {}, "surprisePercent": {}, "quarter": {}, "period": "-2q"}, {"maxAge": 1, "epsActual": {}, "epsEstimate": {}, "epsDifference": {}, "surprisePercent": {}, "quarter": {}, "period": "-1q"}], "maxAge": 86400}, "indexTrend": {"maxAge": 1, "symbol": "SP5", "peRatio": 19.7411, "pegRatio": 1.34172, "estimates": [{"period": "0q", "growth": 0.549}, {"period": "+1q", "growth": 0.431}, {"period": "0y", "growth": 0.305}, {"period": "+1y", "growth": 0.109}, {"period": "+5y", "growth": 0.120859005}, {"period": "-5y"}]}, "industryTrend": {"maxAge": 1, "symbol": null, "estimates": []}, "insiderTransactions": {"transactions": [{"maxAge": 1, "shares": 27867, "filerUrl": "", "transactionText": "", "filerName": "Jain (Amita)", "filerRelation": "Promoter", "moneyText": "", "startDate": "2019-09-23", "ownership": "D"}, {"maxAge": 1, "shares": 83600, "filerUrl": "", "transactionText": "", "filerName": "Jain (Narinder Kumar) HUF", "filerRelation": "Promoter", "moneyText": "", "startDate": "2019-09-23", "ownership": "D"}, {"maxAge": 1, "shares": 27867, "filerUrl": "", "transactionText": "", "filerName": "Jain (Narinder Kumar)", "filerRelation": "Managing Director", "moneyText": "", "startDate": "2019-09-23", "ownership": "D"}, {"maxAge": 1, "shares": 27866, "filerUrl": "", "transactionText": "", "filerName": "Jain (Neeraj)", "filerRelation": "Wholetime Director", "moneyText": "", "startDate": "2019-09-23", "ownership": "D"}, {"maxAge": 1, "shares": 83600, "filerUrl": "", "transactionText": "", "filerName": "Jain (Devinder Kumar) HUF", "filerRelation": "Promoter", "moneyText": "", "startDate": "2019-08-21", "ownership": "D"}, {"maxAge": 1, "shares": 20900, "filerUrl": "", "transactionText": "", "filerName": "Jain (Manish)", "filerRelation": "Wholetime Director", "moneyText": "", "startDate": "2019-08-21", "ownership": "D"}, {"maxAge": 1, "shares": 20900, "filerUrl": "", "transactionText": "", "filerName": "Jain (Devinder Kumar)", "filerRelation": "Executive Chairman", "moneyText": "", "startDate": "2019-08-21", "ownership": "D"}, {"maxAge": 1, "shares": 20900, "filerUrl": "", "transactionText": "", "filerName": "Jain (Prabha)", "filerRelation": "Promoter", "moneyText": "", "startDate": "2019-08-21", "ownership": "D"}, {"maxAge": 1, "shares": 20900, "filerUrl": "", "transactionText": "", "filerName": "Jain (Arun)", "filerRelation": "Wholetime Director", "moneyText": "", "startDate": "2019-08-21", "ownership": "D"}, {"maxAge": 1, "shares": 20000, "filerUrl": "", "transactionText": "", "filerName": "Jain (Veena)", "filerRelation": "Promoter", "moneyText": "", "startDate": "2018-10-26", "ownership": "D"}, {"maxAge": 1, "shares": 63600, "filerUrl": "", "transactionText": "", "filerName": "Jain (Pankaj)", "filerRelation": "Chief Financial Officer", "moneyText": "", "startDate": "2018-10-26", "ownership": "D"}, {"maxAge": 1, "shares": 83600, "filerUrl": "", "transactionText": "", "filerName": "Jain (Darshan Kumar)", "filerRelation": "Promoter", "moneyText": "", "startDate": "2018-10-26", "ownership": "D"}], "maxAge": 1}, "quoteType": {"exchange": "BSE", "quoteType": "EQUITY", "symbol": "COSCO.BO", "underlyingSymbol": "COSCO.BO", "shortName": "COSCO (INDIA) LTD.", "longName": "Cosco (India) Limited", "firstTradeDateEpochUtc": "2000-11-02 09:15:00", "timeZoneFullName": "Asia/Kolkata", "timeZoneShortName": "IST", "uuid": "898f36ca-8724-32b8-a434-a6af2e965608", "messageBoardId": null, "gmtOffSetMilliseconds": 19800000, "maxAge": 1}, "incomeStatementHistory": {"incomeStatementHistory": [{"maxAge": 1, "endDate": "2020-03-31", "totalRevenue": 1338201000, "costOfRevenue": 880158000, "grossProfit": 458043000, "researchDevelopment": {}, "sellingGeneralAdministrative": 178365000, "nonRecurring": {}, "otherOperatingExpenses": 204187000, "totalOperatingExpenses": 1277343000, "operatingIncome": 60858000, "totalOtherIncomeExpenseNet": -38680000, "ebit": 60858000, "interestExpense": -42862000, "incomeBeforeTax": 22178000, "incomeTaxExpense": 4106000, "minorityInterest": {}, "netIncomeFromContinuingOps": 18072000, "discontinuedOperations": {}, "extraordinaryItems": {}, "effectOfAccountingCharges": {}, "otherItems": {}, "netIncome": 18072000, "netIncomeApplicableToCommonShares": 18072000}, {"maxAge": 1, "endDate": "2019-03-31", "totalRevenue": 1328842000, "costOfRevenue": 860431000, "grossProfit": 468411000, "researchDevelopment": {}, "sellingGeneralAdministrative": 168758000, "nonRecurring": {}, "otherOperatingExpenses": 207838000, "totalOperatingExpenses": 1246813000, "operatingIncome": 82029000, "totalOtherIncomeExpenseNet": -35057000, "ebit": 82029000, "interestExpense": -41139000, "incomeBeforeTax": 46972000, "incomeTaxExpense": 16794000, "minorityInterest": {}, "netIncomeFromContinuingOps": 30178000, "discontinuedOperations": {}, "extraordinaryItems": {}, "effectOfAccountingCharges": {}, "otherItems": {}, "netIncome": 30178000, "netIncomeApplicableToCommonShares": 30178000}, {"maxAge": 1, "endDate": "2018-03-31", "totalRevenue": 1257925000, "costOfRevenue": 772573000, "grossProfit": 485352000, "researchDevelopment": {}, "sellingGeneralAdministrative": 160190000, "nonRecurring": {}, "otherOperatingExpenses": 217692000, "totalOperatingExpenses": 1161136000, "operatingIncome": 96789000, "totalOtherIncomeExpenseNet": -34083000, "ebit": 96789000, "interestExpense": -37653000, "incomeBeforeTax": 62706000, "incomeTaxExpense": 23404000, "minorityInterest": {}, "netIncomeFromContinuingOps": 39302000, "discontinuedOperations": {}, "extraordinaryItems": {}, "effectOfAccountingCharges": {}, "otherItems": {}, "netIncome": 39302000, "netIncomeApplicableToCommonShares": 39302000}, {"maxAge": 1, "endDate": "2017-03-31", "totalRevenue": 1344794000, "costOfRevenue": 860700000, "grossProfit": 484094000, "researchDevelopment": {}, "sellingGeneralAdministrative": 154629000, "nonRecurring": {}, "otherOperatingExpenses": 231369000, "totalOperatingExpenses": 1256943000, "operatingIncome": 87851000, "totalOtherIncomeExpenseNet": -8853000, "ebit": 87851000, "interestExpense": -34287000, "incomeBeforeTax": 78998000, "incomeTaxExpense": 23399000, "minorityInterest": {}, "netIncomeFromContinuingOps": 55599000, "discontinuedOperations": {}, "extraordinaryItems": {}, "effectOfAccountingCharges": {}, "otherItems": {}, "netIncome": 55599000, "netIncomeApplicableToCommonShares": 55599000}], "maxAge": 86400}, "fundOwnership": {"maxAge": 1, "ownershipList": []}, "summaryDetail": {"maxAge": 1, "priceHint": 2, "previousClose": 103.4, "open": 106.8, "dayLow": 103.25, "dayHigh": 108.0, "regularMarketPreviousClose": 103.4, "regularMarketOpen": 106.8, "regularMarketDayLow": 103.25, "regularMarketDayHigh": 108.0, "trailingPE": 31.461493, "forwardPE": 4.116412, "volume": 2642, "regularMarketVolume": 2642, "averageVolume": 4771, "averageVolume10days": 4657, "averageDailyVolume10Day": 4657, "bid": 103.0, "ask": 107.85, "bidSize": 0, "askSize": 0, "marketCap": 448763840, "fiftyTwoWeekLow": 50.75, "fiftyTwoWeekHigh": 117.8, "fiftyDayAverage": 99.39, "twoHundredDayAverage": 86.75876, "currency": "INR", "fromCurrency": null, "toCurrency": null, "lastMarket": null, "algorithm": null, "tradeable": false}, "sectorTrend": {"maxAge": 1, "symbol": null, "estimates": []}, "incomeStatementHistoryQuarterly": {"incomeStatementHistory": [{"maxAge": 1, "endDate": "2020-06-30", "totalRevenue": 270155000, "costOfRevenue": 188436000, "grossProfit": 81719000, "researchDevelopment": {}, "sellingGeneralAdministrative": 24228000, "nonRecurring": {}, "otherOperatingExpenses": 40250000, "totalOperatingExpenses": 256553000, "operatingIncome": 13602000, "totalOtherIncomeExpenseNet": -7805000, "ebit": 13602000, "interestExpense": -10013000, "incomeBeforeTax": 5797000, "incomeTaxExpense": 2095000, "minorityInterest": {}, "netIncomeFromContinuingOps": 3702000, "discontinuedOperations": {}, "extraordinaryItems": {}, "effectOfAccountingCharges": {}, "otherItems": {}, "netIncome": 3702000, "netIncomeApplicableToCommonShares": 3702000}, {"maxAge": 1, "endDate": "2020-03-31", "totalRevenue": 331892000, "costOfRevenue": 235885000, "grossProfit": 96007000, "researchDevelopment": {}, "sellingGeneralAdministrative": 68690000, "nonRecurring": {}, "otherOperatingExpenses": 16262000, "totalOperatingExpenses": 324351000, "operatingIncome": 7541000, "totalOtherIncomeExpenseNet": -7118000, "ebit": 7541000, "interestExpense": -7557000, "incomeBeforeTax": 423000, "incomeTaxExpense": -1535000, "minorityInterest": {}, "netIncomeFromContinuingOps": 1958000, "discontinuedOperations": {}, "extraordinaryItems": {}, "effectOfAccountingCharges": {}, "otherItems": {}, "netIncome": 1958000, "netIncomeApplicableToCommonShares": 1958000}, {"maxAge": 1, "endDate": "2019-12-31", "totalRevenue": 310286000, "costOfRevenue": 188066000, "grossProfit": 122220000, "researchDevelopment": {}, "sellingGeneralAdministrative": 37520000, "nonRecurring": {}, "otherOperatingExpenses": 59328000, "totalOperatingExpenses": 291272000, "operatingIncome": 19014000, "totalOtherIncomeExpenseNet": -12677000, "ebit": 19014000, "interestExpense": -13831000, "incomeBeforeTax": 6337000, "incomeTaxExpense": 558000, "minorityInterest": {}, "netIncomeFromContinuingOps": 5779000, "discontinuedOperations": {}, "extraordinaryItems": {}, "effectOfAccountingCharges": {}, "otherItems": {}, "netIncome": 5779000, "netIncomeApplicableToCommonShares": 5779000}, {"maxAge": 1, "endDate": "2019-09-30", "totalRevenue": 363659000, "costOfRevenue": 240904000, "grossProfit": 122755000, "researchDevelopment": {}, "sellingGeneralAdministrative": 36775000, "nonRecurring": {}, "otherOperatingExpenses": 65722000, "totalOperatingExpenses": 345879000, "operatingIncome": 17780000, "totalOtherIncomeExpenseNet": -7215000, "ebit": 17780000, "interestExpense": -9439000, "incomeBeforeTax": 10565000, "incomeTaxExpense": 7739000, "minorityInterest": {}, "netIncomeFromContinuingOps": 2826000, "discontinuedOperations": {}, "extraordinaryItems": {}, "effectOfAccountingCharges": {}, "otherItems": {}, "netIncome": 2826000, "netIncomeApplicableToCommonShares": 2826000}], "maxAge": 86400}, "cashflowStatementHistoryQuarterly": {"cashflowStatements": [{"maxAge": 1, "endDate": "2020-06-30", "netIncome": 3702000, "changeToLiabilities": 0}, {"maxAge": 1, "endDate": "2020-03-31", "netIncome": 1958000, "changeToLiabilities": 0}, {"maxAge": 1, "endDate": "2019-12-31", "netIncome": 5779000, "changeToLiabilities": 0}, {"maxAge": 1, "endDate": "2019-09-30", "netIncome": 2826000, "changeToLiabilities": 0}], "maxAge": 86400}, "insiderHolders": {"holders": [{"maxAge": 1, "name": "Jain (Amita)", "relation": "Promoter", "url": "", "transactionDescription": "Other", "latestTransDate": "2019-09-23", "positionDirect": 111467, "positionDirectDate": "2019-09-23"}, {"maxAge": 1, "name": "Jain (Arun)", "relation": "Wholetime Director", "url": "", "transactionDescription": "Other", "latestTransDate": "2019-08-21", "positionDirect": 84400, "positionDirectDate": "2019-08-21"}, {"maxAge": 1, "name": "Jain (Devinder Kumar)", "relation": "Executive Chairman", "url": "", "transactionDescription": "Other", "latestTransDate": "2019-08-21", "positionDirect": 146820, "positionDirectDate": "2019-08-21"}, {"maxAge": 1, "name": "Jain (Devinder Kumar) HUF", "relation": "Promoter", "url": "", "transactionDescription": "Other", "latestTransDate": "2019-08-21", "positionDirect": 0, "positionDirectDate": "2019-08-21"}, {"maxAge": 1, "name": "Jain (Manish)", "relation": "Wholetime Director", "url": "", "transactionDescription": "Other", "latestTransDate": "2019-08-21", "positionDirect": 91400, "positionDirectDate": "2019-08-21"}, {"maxAge": 1, "name": "Jain (Narinder Kumar)", "relation": "Managing Director", "url": "", "transactionDescription": "Other", "latestTransDate": "2019-09-23", "positionDirect": 153707, "positionDirectDate": "2019-09-23"}, {"maxAge": 1, "name": "Jain (Narinder Kumar) HUF", "relation": "Promoter", "url": "", "transactionDescription": "Other", "latestTransDate": "2019-09-23", "positionDirect": 0, "positionDirectDate": "2019-09-23"}, {"maxAge": 1, "name": "Jain (Neeraj)", "relation": "Wholetime Director", "url": "", "transactionDescription": "Other", "latestTransDate": "2019-09-23", "positionDirect": 98566, "positionDirectDate": "2019-09-23"}, {"maxAge": 1, "name": "Jain (Prabha)", "relation": "Promoter", "url": "", "transactionDescription": "Other", "latestTransDate": "2019-08-21", "positionDirect": 104500, "positionDirectDate": "2019-08-21"}, {"maxAge": 1, "name": "Jain (Veena)", "relation": "Promoter", "url": "", "transactionDescription": "Other", "latestTransDate": "2018-10-26", "positionDirect": 103600, "positionDirectDate": "2018-10-26"}], "maxAge": 1}, "earnings": {"maxAge": 86400, "earningsChart": {"quarterly": [], "earningsDate": ["2020-09-15 05:30:S"]}, "financialsChart": {"yearly": [{"date": 2017, "revenue": 1344794000, "earnings": 55599000}, {"date": 2018, "revenue": 1257925000, "earnings": 39302000}, {"date": 2019, "revenue": 1328842000, "earnings": 30178000}, {"date": 2020, "revenue": 1338201000, "earnings": 18072000}], "quarterly": [{"date": "3Q2019", "revenue": 363659000, "earnings": 2826000}, {"date": "4Q2019", "revenue": 310286000, "earnings": 5779000}, {"date": "1Q2020", "revenue": 331892000, "earnings": 1958000}, {"date": "2Q2020", "revenue": 270155000, "earnings": 3702000}]}, "financialCurrency": "INR"}, "calendarEvents": {"maxAge": 1, "earnings": {"earningsDate": ["2020-09-15 05:30:S"]}}, "price": {"maxAge": 1, "regularMarketChangePercent": 0.04303672, "regularMarketChange": 4.449997, "regularMarketTime": "2021-04-30 15:28:27", "priceHint": 2, "regularMarketPrice": 107.85, "regularMarketDayHigh": 108.0, "regularMarketDayLow": 103.25, "regularMarketVolume": 2642, "averageDailyVolume10Day": 4657, "averageDailyVolume3Month": 4771, "regularMarketPreviousClose": 103.4, "regularMarketSource": "FREE_REALTIME", "regularMarketOpen": 106.8, "exchange": "BSE", "exchangeName": "BSE", "exchangeDataDelayedBy": 0, "marketState": "CLOSED", "quoteType": "EQUITY", "symbol": "COSCO.BO", "underlyingSymbol": null, "shortName": "COSCO (INDIA) LTD.", "longName": "Cosco (India) Limited", "currency": "INR", "quoteSourceName": "Delayed Quote", "currencySymbol": "\u20b9", "fromCurrency": null, "toCurrency": null, "lastMarket": null, "marketCap": 448763840}, "balanceSheetHistory": {"balanceSheetStatements": [{"maxAge": 1, "endDate": "2020-03-31", "cash": 2410000, "shortTermInvestments": 600000, "netReceivables": 303616000, "inventory": 529049000, "otherCurrentAssets": 21417000, "totalCurrentAssets": 860025000, "propertyPlantEquipment": 76715000, "intangibleAssets": 690000, "otherAssets": 40463000, "deferredLongTermAssetCharges": 5628000, "totalAssets": 977893000, "accountsPayable": 86502000, "shortLongTermDebt": 137456000, "otherCurrentLiab": 16391000, "longTermDebt": 141300000, "otherLiab": 9340000, "totalCurrentLiabilities": 417195000, "totalLiab": 585798000, "commonStock": 41610000, "retainedEarnings": 320293000, "treasuryStock": -1038000, "capitalSurplus": 31230000, "otherStockholderEquity": -1038000, "totalStockholderEquity": 392095000, "netTangibleAssets": 391405000}, {"maxAge": 1, "endDate": "2019-03-31", "cash": 26280000, "netReceivables": 255483000, "inventory": 535492000, "otherCurrentAssets": 39879000, "totalCurrentAssets": 858696000, "propertyPlantEquipment": 56396000, "intangibleAssets": 414000, "otherAssets": 24785000, "deferredLongTermAssetCharges": 1043000, "totalAssets": 940291000, "accountsPayable": 39104000, "shortLongTermDebt": 132107000, "otherCurrentLiab": 12662000, "longTermDebt": 150000000, "otherLiab": 7749000, "totalCurrentLiabilities": 408428000, "totalLiab": 566177000, "commonStock": 41610000, "retainedEarnings": 302221000, "treasuryStock": -947000, "capitalSurplus": 31230000, "otherStockholderEquity": -947000, "totalStockholderEquity": 374114000, "netTangibleAssets": 373700000}, {"maxAge": 1, "endDate": "2018-03-31", "cash": 24346000, "netReceivables": 255655000, "inventory": 497755000, "otherCurrentAssets": 17486000, "totalCurrentAssets": 795242000, "propertyPlantEquipment": 56186000, "intangibleAssets": 391000, "otherAssets": 26196000, "deferredLongTermAssetCharges": 4523000, "totalAssets": 878015000, "accountsPayable": 47349000, "shortLongTermDebt": 129336000, "otherCurrentLiab": 21067000, "longTermDebt": 140000000, "otherLiab": 7262000, "totalCurrentLiabilities": 386204000, "totalLiab": 533466000, "commonStock": 41610000, "retainedEarnings": 272044000, "treasuryStock": -335000, "capitalSurplus": 31230000, "otherStockholderEquity": -335000, "totalStockholderEquity": 344549000, "netTangibleAssets": 344158000}, {"maxAge": 1, "endDate": "2017-03-31", "cash": 63314000, "netReceivables": 207154000, "inventory": 459865000, "otherCurrentAssets": 57646000, "totalCurrentAssets": 787979000, "propertyPlantEquipment": 60153000, "intangibleAssets": 211000, "otherAssets": 7621000, "deferredLongTermAssetCharges": 2274000, "totalAssets": 855964000, "accountsPayable": 52248000, "shortLongTermDebt": 88395000, "otherCurrentLiab": 19538000, "longTermDebt": 140000000, "otherLiab": 6520000, "totalCurrentLiabilities": 407326000, "totalLiab": 553846000, "commonStock": 41610000, "retainedEarnings": 230430000, "treasuryStock": -1152000, "capitalSurplus": 31230000, "otherStockholderEquity": -1152000, "totalStockholderEquity": 302118000, "netTangibleAssets": 301907000}], "maxAge": 86400}, "earningsTrend": {"trend": [{"maxAge": 1, "period": "0q", "endDate": null, "growth": {}, "earningsEstimate": {"avg": 0.0, "low": 0.0, "high": 0.0, "yearAgoEps": {}, "numberOfAnalysts": 0, "growth": {}}, "revenueEstimate": {"avg": 0, "low": 0, "high": 0, "numberOfAnalysts": 0, "yearAgoRevenue": {}, "growth": {}}, "epsTrend": {"current": 0.0, "7daysAgo": 0.0, "30daysAgo": 0.0, "60daysAgo": 0.0, "90daysAgo": 0.0}, "epsRevisions": {"upLast7days": 0, "upLast30days": 0, "downLast30days": 0, "downLast90days": {}}}, {"maxAge": 1, "period": "+1q", "endDate": null, "growth": {}, "earningsEstimate": {"avg": 0.0, "low": 0.0, "high": 0.0, "yearAgoEps": {}, "numberOfAnalysts": 0, "growth": {}}, "revenueEstimate": {"avg": 0, "low": 0, "high": 0, "numberOfAnalysts": 0, "yearAgoRevenue": {}, "growth": {}}, "epsTrend": {"current": 0.0, "7daysAgo": 0.0, "30daysAgo": 0.0, "60daysAgo": 0.0, "90daysAgo": 0.0}, "epsRevisions": {"upLast7days": 0, "upLast30days": 0, "downLast30days": 0, "downLast90days": {}}}, {"maxAge": 1, "period": "0y", "endDate": null, "growth": {}, "earningsEstimate": {"avg": 0.0, "low": 0.0, "high": 0.0, "yearAgoEps": {}, "numberOfAnalysts": 0, "growth": {}}, "revenueEstimate": {"avg": 0, "low": 0, "high": 0, "numberOfAnalysts": 0, "yearAgoRevenue": {}, "growth": {}}, "epsTrend": {"current": 0.0, "7daysAgo": 0.0, "30daysAgo": 0.0, "60daysAgo": 0.0, "90daysAgo": 0.0}, "epsRevisions": {"upLast7days": 0, "upLast30days": 0, "downLast30days": 0, "downLast90days": {}}}, {"maxAge": 1, "period": "+1y", "endDate": null, "growth": {}, "earningsEstimate": {"avg": 0.0, "low": 0.0, "high": 0.0, "yearAgoEps": {}, "numberOfAnalysts": 0, "growth": {}}, "revenueEstimate": {"avg": 0, "low": 0, "high": 0, "numberOfAnalysts": 0, "yearAgoRevenue": {}, "growth": {}}, "epsTrend": {"current": 0.0, "7daysAgo": 0.0, "30daysAgo": 0.0, "60daysAgo": 0.0, "90daysAgo": 0.0}, "epsRevisions": {"upLast7days": 0, "upLast30days": 0, "downLast30days": 0, "downLast90days": {}}}, {"maxAge": 1, "period": "+5y", "endDate": null, "growth": {}, "earningsEstimate": {"avg": {}, "low": {}, "high": {}, "yearAgoEps": {}, "numberOfAnalysts": {}, "growth": {}}, "revenueEstimate": {"avg": {}, "low": {}, "high": {}, "numberOfAnalysts": {}, "yearAgoRevenue": {}, "growth": {}}, "epsTrend": {"current": {}, "7daysAgo": {}, "30daysAgo": {}, "60daysAgo": {}, "90daysAgo": {}}, "epsRevisions": {"upLast7days": {}, "upLast30days": {}, "downLast30days": {}, "downLast90days": {}}}, {"maxAge": 1, "period": "-5y", "endDate": null, "growth": {}, "earningsEstimate": {"avg": {}, "low": {}, "high": {}, "yearAgoEps": {}, "numberOfAnalysts": {}, "growth": {}}, "revenueEstimate": {"avg": {}, "low": {}, "high": {}, "numberOfAnalysts": {}, "yearAgoRevenue": {}, "growth": {}}, "epsTrend": {"current": {}, "7daysAgo": {}, "30daysAgo": {}, "60daysAgo": {}, "90daysAgo": {}}, "epsRevisions": {"upLast7days": {}, "upLast30days": {}, "downLast30days": {}, "downLast90days": {}}}], "maxAge": 1}, "financialData": {"maxAge": 86400, "currentPrice": 107.85, "targetHighPrice": 433.0, "targetLowPrice": 433.0, "targetMeanPrice": 433.0, "targetMedianPrice": 433.0, "recommendationKey": "none", "numberOfAnalystOpinions": 1, "grossProfits": 458043000, "financialCurrency": "INR"}}}