{"COSMOFILMS.BO": {"recommendationTrend": {"trend": [{"period": "0m", "strongBuy": 0, "buy": 0, "hold": 0, "sell": 0, "strongSell": 0}, {"period": "-1m", "strongBuy": 0, "buy": 0, "hold": 0, "sell": 0, "strongSell": 0}, {"period": "-2m", "strongBuy": 0, "buy": 0, "hold": 0, "sell": 0, "strongSell": 0}, {"period": "-3m", "strongBuy": 0, "buy": 0, "hold": 0, "sell": 0, "strongSell": 0}], "maxAge": 86400}, "cashflowStatementHistory": {"cashflowStatements": [{"maxAge": 1, "endDate": "2020-03-31", "netIncome": 1134400000, "depreciation": 536200000, "changeToNetincome": 436300000, "changeToAccountReceivables": 246100000, "changeToLiabilities": -431000000, "changeToInventory": 25200000, "changeToOperatingActivities": 452700000, "totalCashFromOperatingActivities": 2404000000, "capitalExpenditures": -500200000, "investments": -661200000, "otherCashflowsFromInvestingActivities": 104100000, "totalCashflowsFromInvestingActivities": -1057300000, "dividendsPaid": -402400000, "netBorrowings": -599000000, "otherCashflowsFromFinancingActivities": -607800000, "totalCashFromFinancingActivities": -1654400000, "changeInCash": -307700000, "repurchaseOfStock": -45200000}, {"maxAge": 1, "endDate": "2019-03-31", "netIncome": 611100000, "depreciation": 533100000, "changeToNetincome": 209300000, "changeToAccountReceivables": -180600000, "changeToLiabilities": 134000000, "changeToInventory": 40800000, "changeToOperatingActivities": 76700000, "totalCashFromOperatingActivities": 1428900000, "capitalExpenditures": -906800000, "investments": -360800000, "otherCashflowsFromInvestingActivities": 20800000, "totalCashflowsFromInvestingActivities": -902500000, "dividendsPaid": -115000000, "netBorrowings": 349600000, "otherCashflowsFromFinancingActivities": -588600000, "totalCashFromFinancingActivities": -354000000, "changeInCash": 172400000, "repurchaseOfStock": -45200000}, {"maxAge": 1, "endDate": "2018-03-31", "netIncome": 644300000, "depreciation": 502800000, "changeToNetincome": 118300000, "changeToAccountReceivables": -384100000, "changeToLiabilities": 437600000, "changeToInventory": -392700000, "changeToOperatingActivities": -112200000, "totalCashFromOperatingActivities": 823300000, "capitalExpenditures": -766500000, "investments": -541000000, "otherCashflowsFromInvestingActivities": 13900000, "totalCashflowsFromInvestingActivities": -1227900000, "dividendsPaid": -191600000, "netBorrowings": 1364800000, "otherCashflowsFromFinancingActivities": -557700000, "totalCashFromFinancingActivities": 615500000, "changeInCash": 210900000, "repurchaseOfStock": -45200000}, {"maxAge": 1, "endDate": "2017-03-31", "netIncome": 857400000, "depreciation": 408100000, "changeToNetincome": 209600000, "changeToAccountReceivables": -403800000, "changeToLiabilities": 246500000, "changeToInventory": -670100000, "changeToOperatingActivities": -156700000, "totalCashFromOperatingActivities": 504000000, "capitalExpenditures": -2239700000, "investments": -11500000, "otherCashflowsFromInvestingActivities": 6600000, "totalCashflowsFromInvestingActivities": -2229200000, "dividendsPaid": -191600000, "netBorrowings": 2038200000, "otherCashflowsFromFinancingActivities": -359100000, "totalCashFromFinancingActivities": 1650400000, "changeInCash": -74800000, "repurchaseOfStock": -28700000}], "maxAge": 86400}, "institutionOwnership": {"maxAge": 1, "ownershipList": []}, "balanceSheetHistoryQuarterly": {"balanceSheetStatements": [{"maxAge": 1, "endDate": "2020-06-30", "totalStockholderEquity": 7409200000, "netTangibleAssets": 7382000000}, {"maxAge": 1, "endDate": "2020-03-31", "cash": 264800000, "shortTermInvestments": 30800000, "netReceivables": 2191600000, "inventory": 2753400000, "otherCurrentAssets": 1014800000, "totalCurrentAssets": 7812200000, "longTermInvestments": 2000000, "propertyPlantEquipment": 10171300000, "intangibleAssets": 27200000, "otherAssets": 1089400000, "deferredLongTermAssetCharges": 49700000, "totalAssets": 19102100000, "accountsPayable": 1571100000, "shortLongTermDebt": 1278200000, "otherCurrentLiab": 304200000, "longTermDebt": 3553000000, "otherLiab": 1238800000, "totalCurrentLiabilities": 6901100000, "totalLiab": 11692900000, "commonStock": 194400000, "retainedEarnings": 6829800000, "treasuryStock": 72400000, "capitalSurplus": 312600000, "otherStockholderEquity": 202200000, "totalStockholderEquity": 7409200000, "netTangibleAssets": 7382000000}, {"maxAge": 1, "endDate": "2019-12-31", "totalStockholderEquity": 7273200000, "netTangibleAssets": 7242300000}, {"maxAge": 1, "endDate": "2019-09-30", "cash": 1382000000, "shortTermInvestments": 1238300000, "netReceivables": 2113200000, "inventory": 2926700000, "otherCurrentAssets": 431800000, "totalCurrentAssets": 8092000000, "longTermInvestments": 64300000, "propertyPlantEquipment": 10136300000, "intangibleAssets": 30900000, "otherAssets": 1089800000, "deferredLongTermAssetCharges": 46500000, "totalAssets": 19413300000, "accountsPayable": 1840100000, "otherCurrentLiab": 2131000000, "longTermDebt": 3990600000, "otherLiab": 1072100000, "totalCurrentLiabilities": 7077400000, "totalLiab": 12140100000, "commonStock": 194400000, "treasuryStock": 7078800000, "otherStockholderEquity": 7078800000, "totalStockholderEquity": 7273200000, "netTangibleAssets": 7242300000}], "maxAge": 86400}, "earningsHistory": {"history": [{"maxAge": 1, "epsActual": {}, "epsEstimate": {}, "epsDifference": {}, "surprisePercent": {}, "quarter": {}, "period": "-4q"}, {"maxAge": 1, "epsActual": {}, "epsEstimate": {}, "epsDifference": {}, "surprisePercent": {}, "quarter": {}, "period": "-3q"}, {"maxAge": 1, "epsActual": 5.1, "epsEstimate": 11.14, "epsDifference": -6.04, "surprisePercent": -0.542, "quarter": "2017-12-31", "period": "-2q"}, {"maxAge": 1, "epsActual": 13.08, "epsEstimate": 11.81, "epsDifference": 1.27, "surprisePercent": 0.108, "quarter": "2018-03-31", "period": "-1q"}], "maxAge": 86400}, "indexTrend": {"maxAge": 1, "symbol": "SP5", "peRatio": 19.7411, "pegRatio": 1.34172, "estimates": [{"period": "0q", "growth": 0.549}, {"period": "+1q", "growth": 0.431}, {"period": "0y", "growth": 0.305}, {"period": "+1y", "growth": 0.109}, {"period": "+5y", "growth": 0.120865}, {"period": "-5y"}]}, "industryTrend": {"maxAge": 1, "symbol": null, "estimates": []}, "insiderTransactions": {"transactions": [{"maxAge": 1, "shares": 14000, "value": 75950, "filerUrl": "", "transactionText": "Sale at price 5.42 per share.", "filerName": "Cosmo Films ESOP 2015 Trust", "filerRelation": "Institution- Corporation", "moneyText": "", "startDate": "2020-09-03", "ownership": "D"}, {"maxAge": 1, "shares": 7000, "value": 38119, "filerUrl": "", "transactionText": "Other at price 5.45 per share.", "filerName": "Verma (Shailesh)", "filerRelation": "UNREPORTED", "moneyText": "", "startDate": "2020-09-03", "ownership": "D"}, {"maxAge": 1, "shares": 7000, "value": 37892, "filerUrl": "", "transactionText": "Other at price 5.41 per share.", "filerName": "Anand (Kapil)", "filerRelation": "UNREPORTED", "moneyText": "", "startDate": "2020-09-02", "ownership": "D"}, {"maxAge": 1, "shares": 6500, "value": 34303, "filerUrl": "", "transactionText": "Sale at price 5.28 per share.", "filerName": "Cosmo Films ESOP 2015 Trust", "filerRelation": "Institution- Corporation", "moneyText": "", "startDate": "2020-08-31", "ownership": "D"}, {"maxAge": 1, "shares": 6500, "value": 34303, "filerUrl": "", "transactionText": "Other at price 5.28 per share.", "filerName": "Gupta (Rajesh Kumar)", "filerRelation": "UNREPORTED", "moneyText": "", "startDate": "2020-08-31", "ownership": "D"}, {"maxAge": 1, "shares": 50000, "filerUrl": "", "transactionText": "Gift at price 0.00 per share.", "filerName": "Jaipuriya (Ashok)", "filerRelation": "Executive Chairman", "moneyText": "", "startDate": "2020-08-25", "ownership": "D"}, {"maxAge": 1, "shares": 50000, "filerUrl": "", "transactionText": "Gift at price 0.00 per share.", "filerName": "Kumar (Yamini)", "filerRelation": "Promoter", "moneyText": "", "startDate": "2020-08-25", "ownership": "D"}, {"maxAge": 1, "shares": 160470, "filerUrl": "", "transactionText": "", "filerName": "Cosmo Films ESOP 2015 Trust", "filerRelation": "Institution- Corporation", "moneyText": "", "startDate": "2020-03-31", "ownership": "D"}, {"maxAge": 1, "shares": 20116, "filerUrl": "", "transactionText": "", "filerName": "Cosmo Films ESOP 2015 Trust", "filerRelation": "Institution- Corporation", "moneyText": "", "startDate": "2020-03-27", "ownership": "D"}, {"maxAge": 1, "shares": 35000, "filerUrl": "", "transactionText": "", "filerName": "Cosmo Films ESOP 2015 Trust", "filerRelation": "Institution- Corporation", "moneyText": "", "startDate": "2020-03-20", "ownership": "D"}, {"maxAge": 1, "shares": 28070, "filerUrl": "", "transactionText": "", "filerName": "Jaipuria (Ambrish)", "filerRelation": "Promoter", "moneyText": "", "startDate": "2019-08-29", "ownership": "D"}, {"maxAge": 1, "shares": 21930, "filerUrl": "", "transactionText": "", "filerName": "Jaipuria (Ambrish)", "filerRelation": "Promoter", "moneyText": "", "startDate": "2019-08-20", "ownership": "D"}, {"maxAge": 1, "shares": 203367, "filerUrl": "", "transactionText": "", "filerName": "Fawkes Management Pvt.Ltd.", "filerRelation": "Institution- Corporation", "moneyText": "", "startDate": "2019-06-25", "ownership": "D"}, {"maxAge": 1, "shares": 7113055, "filerUrl": "", "transactionText": "", "filerName": "Jaipuriya (Ashok)", "filerRelation": "Executive Chairman", "moneyText": "", "startDate": "2019-06-25", "ownership": "D"}, {"maxAge": 1, "shares": 15000, "filerUrl": "", "transactionText": "", "filerName": "Jaipuriya (Ashok)", "filerRelation": "Executive Chairman", "moneyText": "", "startDate": "2019-03-06", "ownership": "D"}, {"maxAge": 1, "shares": 7400, "filerUrl": "", "transactionText": "", "filerName": "Jaipuriya (Ashok)", "filerRelation": "Executive Chairman", "moneyText": "", "startDate": "2019-02-28", "ownership": "D"}, {"maxAge": 1, "shares": 19000, "filerUrl": "", "transactionText": "", "filerName": "Jaipuriya (Ashok)", "filerRelation": "Executive Chairman", "moneyText": "", "startDate": "2019-02-27", "ownership": "D"}, {"maxAge": 1, "shares": 3000, "filerUrl": "", "transactionText": "", "filerName": "Jaipuriya (Ashok)", "filerRelation": "Executive Chairman", "moneyText": "", "startDate": "2019-02-22", "ownership": "D"}, {"maxAge": 1, "shares": 8564, "filerUrl": "", "transactionText": "", "filerName": "Jaipuriya (Ashok)", "filerRelation": "Executive Chairman", "moneyText": "", "startDate": "2019-02-21", "ownership": "D"}, {"maxAge": 1, "shares": 6856724, "filerUrl": "", "transactionText": "", "filerName": "Jaipuriya (Ashok)", "filerRelation": "Promoter", "moneyText": "", "startDate": "2019-02-04", "ownership": "D"}], "maxAge": 1}, "quoteType": {"exchange": "BSE", "quoteType": "EQUITY", "symbol": "COSMOFILMS.BO", "underlyingSymbol": "COSMOFILMS.BO", "shortName": "COSMO FILMS LTD.", "longName": "Cosmo Films Limited", "firstTradeDateEpochUtc": "2000-01-03 09:15:00", "timeZoneFullName": "Asia/Kolkata", "timeZoneShortName": "IST", "uuid": "fec9716f-7606-3def-89ee-e7a2c625fa42", "messageBoardId": null, "gmtOffSetMilliseconds": 19800000, "maxAge": 1}, "incomeStatementHistory": {"incomeStatementHistory": [{"maxAge": 1, "endDate": "2020-03-31", "totalRevenue": 22035300000, "costOfRevenue": 14716000000, "grossProfit": 7319300000, "researchDevelopment": {}, "sellingGeneralAdministrative": 1745600000, "nonRecurring": {}, "otherOperatingExpenses": 2842500000, "totalOperatingExpenses": 19851000000, "operatingIncome": 2184300000, "totalOtherIncomeExpenseNet": -555900000, "ebit": 2184300000, "interestExpense": -356400000, "incomeBeforeTax": 1628400000, "incomeTaxExpense": 494000000, "minorityInterest": {}, "netIncomeFromContinuingOps": 1134400000, "discontinuedOperations": {}, "extraordinaryItems": {}, "effectOfAccountingCharges": {}, "otherItems": {}, "netIncome": 1134400000, "netIncomeApplicableToCommonShares": 1134400000}, {"maxAge": 1, "endDate": "2019-03-31", "totalRevenue": 21565200000, "costOfRevenue": 15768600000, "grossProfit": 5796600000, "researchDevelopment": {}, "sellingGeneralAdministrative": 1419000000, "nonRecurring": {}, "otherOperatingExpenses": 2698400000, "totalOperatingExpenses": 20430500000, "operatingIncome": 1134700000, "totalOtherIncomeExpenseNet": -418300000, "ebit": 1134700000, "interestExpense": -425900000, "incomeBeforeTax": 716400000, "incomeTaxExpense": 105300000, "minorityInterest": {}, "netIncomeFromContinuingOps": 611100000, "discontinuedOperations": {}, "extraordinaryItems": {}, "effectOfAccountingCharges": {}, "otherItems": {}, "netIncome": 611100000, "netIncomeApplicableToCommonShares": 611100000}, {"maxAge": 1, "endDate": "2018-03-31", "totalRevenue": 18465200000, "costOfRevenue": 13246900000, "grossProfit": 5218300000, "researchDevelopment": {}, "sellingGeneralAdministrative": 1395100000, "nonRecurring": {}, "otherOperatingExpenses": 2299600000, "totalOperatingExpenses": 17455800000, "operatingIncome": 1009400000, "totalOtherIncomeExpenseNet": -369400000, "ebit": 1009400000, "interestExpense": -347800000, "incomeBeforeTax": 640000000, "incomeTaxExpense": -4300000, "minorityInterest": {}, "netIncomeFromContinuingOps": 644300000, "discontinuedOperations": {}, "extraordinaryItems": {}, "effectOfAccountingCharges": {}, "otherItems": {}, "netIncome": 644300000, "netIncomeApplicableToCommonShares": 644300000}, {"maxAge": 1, "endDate": "2017-03-31", "totalRevenue": 15869200000, "costOfRevenue": 10053100000, "grossProfit": 5816100000, "researchDevelopment": {}, "sellingGeneralAdministrative": 1357900000, "nonRecurring": {}, "otherOperatingExpenses": 2889500000, "totalOperatingExpenses": 14732300000, "operatingIncome": 1136900000, "totalOtherIncomeExpenseNet": -225000000, "ebit": 1136900000, "interestExpense": -248100000, "incomeBeforeTax": 911900000, "incomeTaxExpense": 54500000, "minorityInterest": {}, "netIncomeFromContinuingOps": 857400000, "discontinuedOperations": {}, "extraordinaryItems": {}, "effectOfAccountingCharges": {}, "otherItems": {}, "netIncome": 857400000, "netIncomeApplicableToCommonShares": 857400000}], "maxAge": 86400}, "fundOwnership": {"maxAge": 1, "ownershipList": []}, "summaryDetail": {"maxAge": 1, "priceHint": 2, "previousClose": 657.65, "open": 657.0, "dayLow": 650.5, "dayHigh": 677.3, "regularMarketPreviousClose": 657.65, "regularMarketOpen": 657.0, "regularMarketDayLow": 650.5, "regularMarketDayHigh": 677.3, "trailingPE": 9.531541, "forwardPE": 15.010227, "volume": 5533, "regularMarketVolume": 5533, "averageVolume": 9670, "averageVolume10days": 7216, "averageDailyVolume10Day": 7216, "bid": 649.0, "ask": 663.0, "bidSize": 0, "askSize": 0, "marketCap": 12839214080, "fiftyTwoWeekLow": 187.2, "fiftyTwoWeekHigh": 677.3, "fiftyDayAverage": 476.6543, "twoHundredDayAverage": 444.7372, "trailingAnnualDividendRate": 15.0, "trailingAnnualDividendYield": 0.022808485, "currency": "INR", "fromCurrency": null, "toCurrency": null, "lastMarket": null, "algorithm": null, "tradeable": false}, "sectorTrend": {"maxAge": 1, "symbol": null, "estimates": []}, "incomeStatementHistoryQuarterly": {"incomeStatementHistory": [{"maxAge": 1, "endDate": "2020-06-30", "totalRevenue": 4812900000, "costOfRevenue": 2840800000, "grossProfit": 1972100000, "researchDevelopment": {}, "sellingGeneralAdministrative": 428800000, "nonRecurring": {}, "otherOperatingExpenses": 662000000, "totalOperatingExpenses": 4076300000, "operatingIncome": 736600000, "totalOtherIncomeExpenseNet": -72700000, "ebit": 736600000, "interestExpense": -93800000, "incomeBeforeTax": 663900000, "incomeTaxExpense": 194000000, "minorityInterest": {}, "netIncomeFromContinuingOps": 469900000, "discontinuedOperations": {}, "extraordinaryItems": {}, "effectOfAccountingCharges": {}, "otherItems": {}, "netIncome": 469900000, "netIncomeApplicableToCommonShares": 469900000}, {"maxAge": 1, "endDate": "2020-03-31", "totalRevenue": 5241100000, "costOfRevenue": 3297100000, "grossProfit": 1944000000, "researchDevelopment": {}, "sellingGeneralAdministrative": 575100000, "nonRecurring": {}, "otherOperatingExpenses": 629100000, "totalOperatingExpenses": 4640400000, "operatingIncome": 600700000, "totalOtherIncomeExpenseNet": -234900000, "ebit": 600700000, "interestExpense": -30700000, "incomeBeforeTax": 365800000, "incomeTaxExpense": 157300000, "minorityInterest": {}, "netIncomeFromContinuingOps": 208500000, "discontinuedOperations": {}, "extraordinaryItems": {}, "effectOfAccountingCharges": {}, "otherItems": {}, "netIncome": 208500000, "netIncomeApplicableToCommonShares": 208500000}, {"maxAge": 1, "endDate": "2019-12-31", "totalRevenue": 5798700000, "costOfRevenue": 3852500000, "grossProfit": 1946200000, "researchDevelopment": {}, "sellingGeneralAdministrative": 426900000, "nonRecurring": {}, "otherOperatingExpenses": 756300000, "totalOperatingExpenses": 5177000000, "operatingIncome": 621700000, "totalOtherIncomeExpenseNet": -102800000, "ebit": 621700000, "interestExpense": -103700000, "incomeBeforeTax": 518900000, "incomeTaxExpense": 157800000, "minorityInterest": {}, "netIncomeFromContinuingOps": 361100000, "discontinuedOperations": {}, "extraordinaryItems": {}, "effectOfAccountingCharges": {}, "otherItems": {}, "netIncome": 361100000, "netIncomeApplicableToCommonShares": 361100000}, {"maxAge": 1, "endDate": "2019-09-30", "totalRevenue": 5559100000, "costOfRevenue": 3793700000, "grossProfit": 1765400000, "researchDevelopment": {}, "sellingGeneralAdministrative": 401600000, "nonRecurring": {}, "otherOperatingExpenses": 741300000, "totalOperatingExpenses": 5069900000, "operatingIncome": 489200000, "totalOtherIncomeExpenseNet": -111900000, "ebit": 489200000, "interestExpense": -115400000, "incomeBeforeTax": 377300000, "incomeTaxExpense": 90300000, "minorityInterest": {}, "netIncomeFromContinuingOps": 287000000, "discontinuedOperations": {}, "extraordinaryItems": {}, "effectOfAccountingCharges": {}, "otherItems": {}, "netIncome": 287000000, "netIncomeApplicableToCommonShares": 287000000}], "maxAge": 86400}, "cashflowStatementHistoryQuarterly": {"cashflowStatements": [{"maxAge": 1, "endDate": "2020-06-30", "netIncome": 469900000, "changeToLiabilities": 0}, {"maxAge": 1, "endDate": "2020-03-31", "netIncome": 208500000, "changeToLiabilities": 0}, {"maxAge": 1, "endDate": "2019-12-31", "netIncome": 361100000, "changeToLiabilities": 0}, {"maxAge": 1, "endDate": "2019-09-30", "netIncome": 287000000, "changeToLiabilities": 0}], "maxAge": 86400}, "insiderHolders": {"holders": [{"maxAge": 1, "name": "Anand (Kapil)", "relation": "UNREPORTED", "url": "", "transactionDescription": "Other", "latestTransDate": "2020-09-02", "positionDirect": 1, "positionDirectDate": "2020-09-02"}, {"maxAge": 1, "name": "Cosmo Films ESOP 2015 Trust", "relation": "Institution- Corporation", "url": "", "transactionDescription": "Sale", "latestTransDate": "2020-09-03", "positionDirect": 471482, "positionDirectDate": "2020-09-03"}, {"maxAge": 1, "name": "Fawkes Management Pvt.Ltd.", "relation": "Institution- Corporation", "url": "", "transactionDescription": "Gift", "latestTransDate": "2019-06-25", "positionDirect": 203367, "positionDirectDate": "2019-06-25"}, {"maxAge": 1, "name": "Gupta (Rajesh Kumar)", "relation": "UNREPORTED", "url": "", "transactionDescription": "Other", "latestTransDate": "2020-08-31", "positionDirect": 100, "positionDirectDate": "2020-08-31"}, {"maxAge": 1, "name": "Jaipuria (Ambrish)", "relation": "Promoter", "url": "", "transactionDescription": "Sale", "latestTransDate": "2019-08-29", "positionDirect": 352800, "positionDirectDate": "2019-08-29"}, {"maxAge": 1, "name": "Jaipuriya (Ashok)", "relation": "Executive Chairman", "url": "", "transactionDescription": "Gift", "latestTransDate": "2020-08-25", "positionDirect": 345161, "positionDirectDate": "2020-08-25"}, {"maxAge": 1, "name": "Kumar (Yamini)", "relation": "Promoter", "url": "", "transactionDescription": "Gift", "latestTransDate": "2020-08-25", "positionDirect": 51000, "positionDirectDate": "2020-08-25"}, {"maxAge": 1, "name": "Verma (Shailesh)", "relation": "UNREPORTED", "url": "", "transactionDescription": "Other", "latestTransDate": "2020-09-03", "positionDirect": 1, "positionDirectDate": "2020-09-03"}], "maxAge": 1}, "earnings": {"maxAge": 86400, "earningsChart": {"quarterly": [{"date": "4Q2017", "actual": 5.1, "estimate": 11.14}, {"date": "1Q2018", "actual": 13.08, "estimate": 11.81}], "currentQuarterEstimateDate": "2Q", "currentQuarterEstimateYear": 2018, "earningsDate": []}, "financialsChart": {"yearly": [{"date": 2017, "revenue": 15869200000, "earnings": 857400000}, {"date": 2018, "revenue": 18465200000, "earnings": 644300000}, {"date": 2019, "revenue": 21565200000, "earnings": 611100000}, {"date": 2020, "revenue": 22035300000, "earnings": 1134400000}], "quarterly": [{"date": "3Q2019", "revenue": 5559100000, "earnings": 287000000}, {"date": "4Q2019", "revenue": 5798700000, "earnings": 361100000}, {"date": "1Q2020", "revenue": 5241100000, "earnings": 208500000}, {"date": "2Q2020", "revenue": 4812900000, "earnings": 469900000}]}, "financialCurrency": "INR"}, "calendarEvents": {"maxAge": 1, "earnings": {"earningsDate": [], "revenueAverage": 5202600000}}, "price": {"maxAge": 1, "regularMarketChangePercent": 0.004257565, "regularMarketChange": 2.7999878, "regularMarketTime": "2021-04-30 15:29:40", "priceHint": 2, "regularMarketPrice": 660.45, "regularMarketDayHigh": 677.3, "regularMarketDayLow": 650.5, "regularMarketVolume": 5533, "averageDailyVolume10Day": 7216, "averageDailyVolume3Month": 9670, "regularMarketPreviousClose": 657.65, "regularMarketSource": "FREE_REALTIME", "regularMarketOpen": 657.0, "exchange": "BSE", "exchangeName": "BSE", "exchangeDataDelayedBy": 0, "marketState": "CLOSED", "quoteType": "EQUITY", "symbol": "COSMOFILMS.BO", "underlyingSymbol": null, "shortName": "COSMO FILMS LTD.", "longName": "Cosmo Films Limited", "currency": "INR", "quoteSourceName": "Delayed Quote", "currencySymbol": "\u20b9", "fromCurrency": null, "toCurrency": null, "lastMarket": null, "marketCap": 12839214080}, "balanceSheetHistory": {"balanceSheetStatements": [{"maxAge": 1, "endDate": "2020-03-31", "cash": 264800000, "shortTermInvestments": 30800000, "netReceivables": 2191600000, "inventory": 2753400000, "otherCurrentAssets": 1014800000, "totalCurrentAssets": 7812200000, "longTermInvestments": 2000000, "propertyPlantEquipment": 10171300000, "intangibleAssets": 27200000, "otherAssets": 1089400000, "deferredLongTermAssetCharges": 49700000, "totalAssets": 19102100000, "accountsPayable": 1571100000, "shortLongTermDebt": 1278200000, "otherCurrentLiab": 304200000, "longTermDebt": 3553000000, "otherLiab": 1238800000, "totalCurrentLiabilities": 6901100000, "totalLiab": 11692900000, "commonStock": 194400000, "retainedEarnings": 6829800000, "treasuryStock": 72400000, "capitalSurplus": 312600000, "otherStockholderEquity": 202200000, "totalStockholderEquity": 7409200000, "netTangibleAssets": 7382000000}, {"maxAge": 1, "endDate": "2019-03-31", "cash": 572500000, "shortTermInvestments": 252900000, "netReceivables": 2429000000, "inventory": 2777700000, "otherCurrentAssets": 539900000, "totalCurrentAssets": 7424100000, "longTermInvestments": 53500000, "propertyPlantEquipment": 10129800000, "intangibleAssets": 31000000, "otherAssets": 1094000000, "deferredLongTermAssetCharges": 46800000, "totalAssets": 18732400000, "accountsPayable": 2021800000, "shortLongTermDebt": 1078600000, "otherCurrentLiab": 264000000, "longTermDebt": 4319400000, "otherLiab": 1040200000, "totalCurrentLiabilities": 6570400000, "totalLiab": 11930000000, "commonStock": 194400000, "retainedEarnings": 6185700000, "treasuryStock": 109700000, "capitalSurplus": 312600000, "otherStockholderEquity": 194300000, "totalStockholderEquity": 6802400000, "netTangibleAssets": 6771400000}, {"maxAge": 1, "endDate": "2018-03-31", "cash": 400100000, "shortTermInvestments": 20900000, "netReceivables": 2288500000, "inventory": 2820500000, "otherCurrentAssets": 412600000, "totalCurrentAssets": 6602800000, "longTermInvestments": 1700000, "propertyPlantEquipment": 10033400000, "intangibleAssets": 30900000, "otherAssets": 987700000, "deferredLongTermAssetCharges": 31400000, "totalAssets": 17656500000, "accountsPayable": 1890200000, "shortLongTermDebt": 957000000, "otherCurrentLiab": 206000000, "longTermDebt": 4053100000, "otherLiab": 1056400000, "totalCurrentLiabilities": 6350400000, "totalLiab": 11459900000, "commonStock": 194400000, "retainedEarnings": 5701600000, "treasuryStock": -12000000, "capitalSurplus": 312600000, "otherStockholderEquity": 72600000, "totalStockholderEquity": 6196600000, "netTangibleAssets": 6165700000}, {"maxAge": 1, "endDate": "2017-03-31", "cash": 189200000, "shortTermInvestments": 16900000, "netReceivables": 2033500000, "inventory": 2374400000, "otherCurrentAssets": 460600000, "totalCurrentAssets": 5125000000, "longTermInvestments": 500000, "propertyPlantEquipment": 9678600000, "intangibleAssets": 22100000, "otherAssets": 626900000, "deferredLongTermAssetCharges": 8200000, "totalAssets": 15453100000, "accountsPayable": 1377200000, "shortLongTermDebt": 628000000, "otherCurrentLiab": 308900000, "longTermDebt": 3486600000, "otherLiab": 1229200000, "totalCurrentLiabilities": 5007500000, "totalLiab": 9723300000, "commonStock": 194400000, "retainedEarnings": 5285000000, "treasuryStock": -62200000, "capitalSurplus": 312600000, "otherStockholderEquity": 22400000, "totalStockholderEquity": 5729800000, "netTangibleAssets": 5707700000}], "maxAge": 86400}, "earningsTrend": {"trend": [{"maxAge": 1, "period": "0q", "endDate": "2018-06-30", "growth": {}, "earningsEstimate": {"avg": 0.0, "low": 0.0, "high": 0.0, "yearAgoEps": {}, "numberOfAnalysts": 0, "growth": {}}, "revenueEstimate": {"avg": 5202600000, "low": 0, "high": 0, "numberOfAnalysts": 0, "yearAgoRevenue": 4402600000, "growth": 0.18200001}, "epsTrend": {"current": 0.0, "7daysAgo": 0.0, "30daysAgo": 0.0, "60daysAgo": 0.0, "90daysAgo": 0.0}, "epsRevisions": {"upLast7days": 0, "upLast30days": 0, "downLast30days": 0, "downLast90days": {}}}, {"maxAge": 1, "period": "+1q", "endDate": "2018-09-30", "growth": {}, "earningsEstimate": {"avg": 0.0, "low": 0.0, "high": 0.0, "yearAgoEps": {}, "numberOfAnalysts": 0, "growth": {}}, "revenueEstimate": {"avg": 5329800000, "low": 0, "high": 0, "numberOfAnalysts": 0, "yearAgoRevenue": 5042200000, "growth": 0.056999996}, "epsTrend": {"current": 0.0, "7daysAgo": 0.0, "30daysAgo": 0.0, "60daysAgo": 0.0, "90daysAgo": 0.0}, "epsRevisions": {"upLast7days": 0, "upLast30days": 0, "downLast30days": 0, "downLast90days": {}}}, {"maxAge": 1, "period": "0y", "endDate": "2019-03-31", "growth": {}, "earningsEstimate": {"avg": 0.0, "low": 0.0, "high": 0.0, "yearAgoEps": {}, "numberOfAnalysts": 0, "growth": {}}, "revenueEstimate": {"avg": 22817000000, "low": 22817000000, "high": 22817000000, "numberOfAnalysts": 1, "yearAgoRevenue": 19362300000, "growth": 0.17799999}, "epsTrend": {"current": 0.0, "7daysAgo": 25.7, "30daysAgo": 25.7, "60daysAgo": 25.7, "90daysAgo": 25.7}, "epsRevisions": {"upLast7days": 0, "upLast30days": 0, "downLast30days": 0, "downLast90days": {}}}, {"maxAge": 1, "period": "+1y", "endDate": "2020-03-31", "growth": {}, "earningsEstimate": {"avg": 0.0, "low": 0.0, "high": 0.0, "yearAgoEps": {}, "numberOfAnalysts": 0, "growth": {}}, "revenueEstimate": {"avg": 26603000000, "low": 26603000000, "high": 26603000000, "numberOfAnalysts": 1, "yearAgoRevenue": 22817000000, "growth": 0.16600001}, "epsTrend": {"current": 0.0, "7daysAgo": 44.0, "30daysAgo": 44.0, "60daysAgo": 44.0, "90daysAgo": 44.0}, "epsRevisions": {"upLast7days": 0, "upLast30days": 0, "downLast30days": 0, "downLast90days": {}}}, {"maxAge": 1, "period": "+5y", "endDate": null, "growth": {}, "earningsEstimate": {"avg": {}, "low": {}, "high": {}, "yearAgoEps": {}, "numberOfAnalysts": {}, "growth": {}}, "revenueEstimate": {"avg": {}, "low": {}, "high": {}, "numberOfAnalysts": {}, "yearAgoRevenue": {}, "growth": {}}, "epsTrend": {"current": {}, "7daysAgo": {}, "30daysAgo": {}, "60daysAgo": {}, "90daysAgo": {}}, "epsRevisions": {"upLast7days": {}, "upLast30days": {}, "downLast30days": {}, "downLast90days": {}}}, {"maxAge": 1, "period": "-5y", "endDate": null, "growth": {}, "earningsEstimate": {"avg": {}, "low": {}, "high": {}, "yearAgoEps": {}, "numberOfAnalysts": {}, "growth": {}}, "revenueEstimate": {"avg": {}, "low": {}, "high": {}, "numberOfAnalysts": {}, "yearAgoRevenue": {}, "growth": {}}, "epsTrend": {"current": {}, "7daysAgo": {}, "30daysAgo": {}, "60daysAgo": {}, "90daysAgo": {}}, "epsRevisions": {"upLast7days": {}, "upLast30days": {}, "downLast30days": {}, "downLast90days": {}}}], "maxAge": 1}, "financialData": {"maxAge": 86400, "currentPrice": 660.45, "targetHighPrice": 285.0, "targetLowPrice": 285.0, "targetMeanPrice": 285.0, "targetMedianPrice": 285.0, "recommendationKey": "none", "numberOfAnalystOpinions": 1, "grossProfits": 7319300000, "financialCurrency": "INR"}}}