{"COSMOFE.BO": {"cashflowStatementHistory": {"cashflowStatements": [{"maxAge": 1, "endDate": "2020-03-31", "netIncome": -100316000, "depreciation": 37455000, "changeToNetincome": 707000, "changeToAccountReceivables": 60243000, "changeToLiabilities": -34241000, "changeToInventory": 24982000, "totalCashFromOperatingActivities": -11170000, "capitalExpenditures": -6772000, "otherCashflowsFromInvestingActivities": -1677000, "totalCashflowsFromInvestingActivities": -8206000, "netBorrowings": 20770000, "totalCashFromFinancingActivities": 20770000, "changeInCash": 1394000}, {"maxAge": 1, "endDate": "2019-03-31", "netIncome": -83456000, "depreciation": 41372000, "changeToNetincome": 1506000, "changeToAccountReceivables": 80474000, "changeToLiabilities": 38052000, "changeToInventory": -1419000, "totalCashFromOperatingActivities": 76529000, "capitalExpenditures": -48748000, "otherCashflowsFromInvestingActivities": -322000, "totalCashflowsFromInvestingActivities": -29518000, "netBorrowings": -48658000, "totalCashFromFinancingActivities": -48658000, "changeInCash": -1648000}, {"maxAge": 1, "endDate": "2018-03-31", "netIncome": -24042000, "depreciation": 43006000, "changeToNetincome": -44742000, "changeToAccountReceivables": -102939000, "changeToLiabilities": 80518000, "changeToInventory": -11900000, "totalCashFromOperatingActivities": -60099000, "capitalExpenditures": -50397000, "otherCashflowsFromInvestingActivities": 8585000, "totalCashflowsFromInvestingActivities": -41812000, "netBorrowings": 98382000, "totalCashFromFinancingActivities": 98382000, "changeInCash": -3529000}, {"maxAge": 1, "endDate": "2017-03-31", "netIncome": -9932000, "depreciation": 39927000, "changeToNetincome": -3791000, "changeToAccountReceivables": -4856000, "changeToLiabilities": 23012000, "changeToInventory": -14660000, "totalCashFromOperatingActivities": 29700000, "capitalExpenditures": -77848000, "otherCashflowsFromInvestingActivities": 9574000, "totalCashflowsFromInvestingActivities": -68007000, "netBorrowings": 43598000, "totalCashFromFinancingActivities": 43598000, "changeInCash": 5291000}], "maxAge": 86400}, "institutionOwnership": {"maxAge": 1, "ownershipList": []}, "balanceSheetHistoryQuarterly": {"balanceSheetStatements": [{"maxAge": 1, "endDate": "2020-06-30", "totalStockholderEquity": 137800000, "netTangibleAssets": 137800000}, {"maxAge": 1, "endDate": "2020-03-31", "cash": 2050000, "netReceivables": 82197000, "inventory": 99731000, "otherCurrentAssets": 28690000, "totalCurrentAssets": 212668000, "propertyPlantEquipment": 568574000, "otherAssets": 5348000, "totalAssets": 786590000, "accountsPayable": 140098000, "shortLongTermDebt": 17540000, "otherCurrentLiab": 66717000, "longTermDebt": 46633000, "otherLiab": 23636000, "totalCurrentLiabilities": 566581000, "totalLiab": 648795000, "commonStock": 120300000, "retainedEarnings": -51206000, "treasuryStock": 68701000, "otherStockholderEquity": 68701000, "totalStockholderEquity": 137795000, "netTangibleAssets": 137795000}, {"maxAge": 1, "endDate": "2019-12-31", "totalStockholderEquity": 209300000, "netTangibleAssets": 209300000}, {"maxAge": 1, "endDate": "2019-09-30", "cash": 18900000, "netReceivables": 170700000, "inventory": 126500000, "otherCurrentAssets": 3300000, "totalCurrentAssets": 319400000, "longTermInvestments": 5400000, "propertyPlantEquipment": 586200000, "totalAssets": 911000000, "accountsPayable": 182500000, "shortLongTermDebt": 33000000, "otherCurrentLiab": 74400000, "longTermDebt": 59800000, "otherLiab": 20800000, "totalCurrentLiabilities": 621100000, "totalLiab": 701700000, "commonStock": 120300000, "treasuryStock": 89000000, "otherStockholderEquity": 89000000, "totalStockholderEquity": 209300000, "netTangibleAssets": 209300000}], "maxAge": 86400}, "indexTrend": {"maxAge": 1, "symbol": "SP5", "peRatio": 19.7411, "pegRatio": 1.34172, "estimates": [{"period": "0q", "growth": 0.549}, {"period": "+1q", "growth": 0.431}, {"period": "0y", "growth": 0.305}, {"period": "+1y", "growth": 0.109}, {"period": "+5y", "growth": 0.120859005}, {"period": "-5y"}]}, "insiderTransactions": {"transactions": [{"maxAge": 1, "shares": 79900, "filerUrl": "", "transactionText": "", "filerName": "Jaipuria (Ambrish)", "filerRelation": "Chairman of the Board", "moneyText": "", "startDate": "2018-08-07", "ownership": "D"}, {"maxAge": 1, "shares": 79900, "filerUrl": "", "transactionText": "", "filerName": "Jaipuria (Ashok)", "filerRelation": "UNREPORTED", "moneyText": "", "startDate": "2018-08-07", "ownership": "D"}, {"maxAge": 1, "shares": 445000, "filerUrl": "", "transactionText": "", "filerName": "Super Sadiq Enterprises Pvt. Ltd.", "filerRelation": "Promoter", "moneyText": "", "startDate": "2013-12-18", "ownership": "D"}, {"maxAge": 1, "shares": 1149000, "filerUrl": "", "transactionText": "", "filerName": "Andheri Properties Finance Ltd", "filerRelation": "Promoter", "moneyText": "", "startDate": "2013-12-06", "ownership": "D"}, {"maxAge": 1, "shares": 240000, "filerUrl": "", "transactionText": "", "filerName": "Super Sadiq Enterprises Pvt. Ltd.", "filerRelation": "Promoter", "moneyText": "", "startDate": "2013-11-27", "ownership": "D"}, {"maxAge": 1, "shares": 3000000, "filerUrl": "", "transactionText": "", "filerName": "Sunrise Manufacturing Company Ltd", "filerRelation": "Promoter", "moneyText": "", "startDate": "2012-06-19", "ownership": "D"}, {"maxAge": 1, "shares": 3000000, "filerUrl": "", "transactionText": "", "filerName": "Super Sadiq Enterprises Pvt. Ltd.", "filerRelation": "Promoter", "moneyText": "", "startDate": "2012-06-19", "ownership": "D"}, {"maxAge": 1, "shares": 2364690, "filerUrl": "", "transactionText": "", "filerName": "Andheri Properties Finance Ltd", "filerRelation": "Promoter", "moneyText": "", "startDate": "2012-03-29", "ownership": "D"}, {"maxAge": 1, "shares": 2400000, "filerUrl": "", "transactionText": "", "filerName": "Pravasi Enterprises Ltd", "filerRelation": "Promoter", "moneyText": "", "startDate": "2012-03-29", "ownership": "D"}, {"maxAge": 1, "shares": 5548475, "filerUrl": "", "transactionText": "", "filerName": "Cosmo Films Ltd", "filerRelation": "Institution- Corporation", "moneyText": "", "startDate": "2010-09-17", "ownership": "D"}, {"maxAge": 1, "shares": 2300000, "filerUrl": "", "transactionText": "", "filerName": "Pravasi Enterprises Ltd", "filerRelation": "Promoter", "moneyText": "", "startDate": "2010-09-17", "ownership": "D"}, {"maxAge": 1, "shares": 3248475, "filerUrl": "", "transactionText": "", "filerName": "Sunrise Manufacturing Company Ltd", "filerRelation": "Promoter", "moneyText": "", "startDate": "2010-09-17", "ownership": "D"}, {"maxAge": 1, "shares": 232129, "filerUrl": "", "transactionText": "", "filerName": "Andheri Properties Finance Ltd", "filerRelation": "Promoter", "moneyText": "", "startDate": "2010-05-12", "ownership": "D"}], "maxAge": 1}, "quoteType": {"exchange": "BSE", "quoteType": "EQUITY", "symbol": "COSMOFE.BO", "underlyingSymbol": "COSMOFE.BO", "shortName": "COSMO FERRITES LTD.", "longName": "Cosmo Ferrites Limited", "firstTradeDateEpochUtc": "2000-04-20 09:15:00", "timeZoneFullName": "Asia/Kolkata", "timeZoneShortName": "IST", "uuid": "1e91c9cd-5e0b-32ba-a09a-46e21fd906b4", "messageBoardId": null, "gmtOffSetMilliseconds": 19800000, "maxAge": 1}, "incomeStatementHistory": {"incomeStatementHistory": [{"maxAge": 1, "endDate": "2020-03-31", "totalRevenue": 555751000, "costOfRevenue": 229098000, "grossProfit": 326653000, "researchDevelopment": {}, "sellingGeneralAdministrative": 145291000, "nonRecurring": {}, "otherOperatingExpenses": 203623000, "totalOperatingExpenses": 615467000, "operatingIncome": -59716000, "totalOtherIncomeExpenseNet": -40657000, "ebit": -59716000, "interestExpense": -36630000, "incomeBeforeTax": -100373000, "incomeTaxExpense": -57000, "minorityInterest": {}, "netIncomeFromContinuingOps": -100316000, "discontinuedOperations": {}, "extraordinaryItems": {}, "effectOfAccountingCharges": {}, "otherItems": {}, "netIncome": -100316000, "netIncomeApplicableToCommonShares": -100316000}, {"maxAge": 1, "endDate": "2019-03-31", "totalRevenue": 790486000, "costOfRevenue": 319074000, "grossProfit": 471412000, "researchDevelopment": {}, "sellingGeneralAdministrative": 202477000, "nonRecurring": {}, "otherOperatingExpenses": 241966000, "totalOperatingExpenses": 804889000, "operatingIncome": -14403000, "totalOtherIncomeExpenseNet": -100156000, "ebit": -14403000, "interestExpense": -44801000, "incomeBeforeTax": -114559000, "incomeTaxExpense": -31103000, "minorityInterest": {}, "netIncomeFromContinuingOps": -83456000, "discontinuedOperations": {}, "extraordinaryItems": {}, "effectOfAccountingCharges": {}, "otherItems": {}, "netIncome": -83456000, "netIncomeApplicableToCommonShares": -83456000}, {"maxAge": 1, "endDate": "2018-03-31", "totalRevenue": 786903000, "costOfRevenue": 288309000, "grossProfit": 498594000, "researchDevelopment": {}, "sellingGeneralAdministrative": 214449000, "nonRecurring": {}, "otherOperatingExpenses": 265255000, "totalOperatingExpenses": 811019000, "operatingIncome": -24116000, "totalOtherIncomeExpenseNet": -44480000, "ebit": -24116000, "interestExpense": -44041000, "incomeBeforeTax": -68596000, "incomeTaxExpense": -44554000, "minorityInterest": {}, "netIncomeFromContinuingOps": -24042000, "discontinuedOperations": {}, "extraordinaryItems": {}, "effectOfAccountingCharges": {}, "otherItems": {}, "netIncome": -24042000, "netIncomeApplicableToCommonShares": -24042000}, {"maxAge": 1, "endDate": "2017-03-31", "totalRevenue": 660986000, "costOfRevenue": 166125000, "grossProfit": 494861000, "researchDevelopment": {}, "sellingGeneralAdministrative": 157028000, "nonRecurring": {}, "otherOperatingExpenses": 277961000, "totalOperatingExpenses": 641041000, "operatingIncome": 19945000, "totalOtherIncomeExpenseNet": -33722000, "ebit": 19945000, "interestExpense": -30788000, "incomeBeforeTax": -13777000, "incomeTaxExpense": -3845000, "minorityInterest": {}, "netIncomeFromContinuingOps": -9932000, "discontinuedOperations": {}, "extraordinaryItems": {}, "effectOfAccountingCharges": {}, "otherItems": {}, "netIncome": -9932000, "netIncomeApplicableToCommonShares": -9932000}], "maxAge": 86400}, "fundOwnership": {"maxAge": 1, "ownershipList": []}, "summaryDetail": {"maxAge": 1, "priceHint": 2, "previousClose": 25.85, "open": 27.0, "dayLow": 25.65, "dayHigh": 27.1, "regularMarketPreviousClose": 25.85, "regularMarketOpen": 27.0, "regularMarketDayLow": 25.65, "regularMarketDayHigh": 27.1, "volume": 14367, "regularMarketVolume": 14367, "averageVolume": 6292, "averageVolume10days": 21044, "averageDailyVolume10Day": 21044, "bid": 25.8, "ask": 26.1, "bidSize": 0, "askSize": 0, "marketCap": 313983008, "fiftyTwoWeekLow": 3.0, "fiftyTwoWeekHigh": 27.1, "fiftyDayAverage": 12.829706, "twoHundredDayAverage": 8.690221, "currency": "INR", "fromCurrency": null, "toCurrency": null, "lastMarket": null, "algorithm": null, "tradeable": false}, "incomeStatementHistoryQuarterly": {"incomeStatementHistory": [{"maxAge": 1, "endDate": "2020-06-30", "totalRevenue": 74300000, "costOfRevenue": 8600000, "grossProfit": 65700000, "researchDevelopment": {}, "sellingGeneralAdministrative": 25000000, "nonRecurring": {}, "otherOperatingExpenses": 35200000, "totalOperatingExpenses": 78600000, "operatingIncome": -4300000, "totalOtherIncomeExpenseNet": -7800000, "ebit": -4300000, "interestExpense": -7800000, "incomeBeforeTax": -12100000, "incomeTaxExpense": 400000, "minorityInterest": {}, "netIncomeFromContinuingOps": -12500000, "discontinuedOperations": {}, "extraordinaryItems": {}, "effectOfAccountingCharges": {}, "otherItems": {}, "netIncome": -12500000, "netIncomeApplicableToCommonShares": -12500000}, {"maxAge": 1, "endDate": "2020-03-31", "totalRevenue": 95651000, "costOfRevenue": 45698000, "grossProfit": 49953000, "researchDevelopment": {}, "sellingGeneralAdministrative": 35291000, "nonRecurring": {}, "otherOperatingExpenses": 37523000, "totalOperatingExpenses": 127967000, "operatingIncome": -32316000, "totalOtherIncomeExpenseNet": -5857000, "ebit": -32316000, "interestExpense": -1830000, "incomeBeforeTax": -38173000, "incomeTaxExpense": 243000, "minorityInterest": {}, "netIncomeFromContinuingOps": -38416000, "discontinuedOperations": {}, "extraordinaryItems": {}, "effectOfAccountingCharges": {}, "otherItems": {}, "netIncome": -38416000, "netIncomeApplicableToCommonShares": -38416000}, {"maxAge": 1, "endDate": "2019-12-31", "totalRevenue": 130700000, "costOfRevenue": 61400000, "grossProfit": 69300000, "researchDevelopment": {}, "sellingGeneralAdministrative": 33000000, "nonRecurring": {}, "otherOperatingExpenses": 47900000, "totalOperatingExpenses": 151700000, "operatingIncome": -21000000, "totalOtherIncomeExpenseNet": -11700000, "ebit": -21000000, "interestExpense": -11700000, "incomeBeforeTax": -32700000, "incomeTaxExpense": -100000, "minorityInterest": {}, "netIncomeFromContinuingOps": -32600000, "discontinuedOperations": {}, "extraordinaryItems": {}, "effectOfAccountingCharges": {}, "otherItems": {}, "netIncome": -32600000, "netIncomeApplicableToCommonShares": -32600000}, {"maxAge": 1, "endDate": "2019-09-30", "totalRevenue": 152100000, "costOfRevenue": 50300000, "grossProfit": 101800000, "researchDevelopment": {}, "sellingGeneralAdministrative": 39300000, "nonRecurring": {}, "otherOperatingExpenses": 60700000, "totalOperatingExpenses": 159600000, "operatingIncome": -7500000, "totalOtherIncomeExpenseNet": -11600000, "ebit": -7500000, "interestExpense": -11600000, "incomeBeforeTax": -19100000, "incomeTaxExpense": -100000, "minorityInterest": {}, "netIncomeFromContinuingOps": -19000000, "discontinuedOperations": {}, "extraordinaryItems": {}, "effectOfAccountingCharges": {}, "otherItems": {}, "netIncome": -19000000, "netIncomeApplicableToCommonShares": -19000000}], "maxAge": 86400}, "cashflowStatementHistoryQuarterly": {"cashflowStatements": [{"maxAge": 1, "endDate": "2020-06-30", "netIncome": -12500000, "changeToLiabilities": 0}, {"maxAge": 1, "endDate": "2020-03-31", "netIncome": -38416000, "changeToLiabilities": 0}, {"maxAge": 1, "endDate": "2019-12-31", "netIncome": -32600000, "changeToLiabilities": 0}, {"maxAge": 1, "endDate": "2019-09-30", "netIncome": -19000000, "changeToLiabilities": 0}], "maxAge": 86400}, "insiderHolders": {"holders": [{"maxAge": 1, "name": "Andheri Properties Finance Ltd", "relation": "Promoter", "url": "", "transactionDescription": "Other", "latestTransDate": "2013-12-06", "positionDirect": 3745819, "positionDirectDate": "2013-12-06"}, {"maxAge": 1, "name": "Cosmo Films Ltd", "relation": "Institution- Corporation", "url": "", "transactionDescription": "Sale", "latestTransDate": "2010-09-17", "positionDirect": 0, "positionDirectDate": "2010-09-17"}, {"maxAge": 1, "name": "Jaipuria (Ambrish)", "relation": "Chairman of the Board", "url": "", "transactionDescription": "Other", "latestTransDate": "2018-08-07", "positionDirect": 132000, "positionDirectDate": "2018-08-07"}, {"maxAge": 1, "name": "Jaipuria (Ashok)", "relation": "UNREPORTED", "url": "", "transactionDescription": "Other", "latestTransDate": "2018-08-07", "positionDirect": 0, "positionDirectDate": "2018-08-07"}, {"maxAge": 1, "name": "Pravasi Enterprises Ltd", "relation": "Promoter", "url": "", "transactionDescription": "Sale", "latestTransDate": "2012-03-29", "positionDirect": 240050, "positionDirectDate": "2012-03-29"}, {"maxAge": 1, "name": "Sunrise Manufacturing Company Ltd", "relation": "Promoter", "url": "", "transactionDescription": "Sale", "latestTransDate": "2012-06-19", "positionDirect": 445575, "positionDirectDate": "2012-06-19"}, {"maxAge": 1, "name": "Super Sadiq Enterprises Pvt. Ltd.", "relation": "Promoter", "url": "", "transactionDescription": "Other", "latestTransDate": "2013-12-18", "positionDirect": 3685000, "positionDirectDate": "2013-12-18"}], "maxAge": 1}, "calendarEvents": {"maxAge": 1, "earnings": {"earningsDate": ["2020-08-24 05:30:S"]}}, "price": {"maxAge": 1, "regularMarketChangePercent": 0.00967118, "regularMarketChange": 0.25, "regularMarketTime": "2021-04-30 15:54:27", "priceHint": 2, "regularMarketPrice": 26.1, "regularMarketDayHigh": 27.1, "regularMarketDayLow": 25.65, "regularMarketVolume": 14367, "averageDailyVolume10Day": 21044, "averageDailyVolume3Month": 6292, "regularMarketPreviousClose": 25.85, "regularMarketSource": "FREE_REALTIME", "regularMarketOpen": 27.0, "exchange": "BSE", "exchangeName": "BSE", "exchangeDataDelayedBy": 0, "marketState": "CLOSED", "quoteType": "EQUITY", "symbol": "COSMOFE.BO", "underlyingSymbol": null, "shortName": "COSMO FERRITES LTD.", "longName": "Cosmo Ferrites Limited", "currency": "INR", "quoteSourceName": "Delayed Quote", "currencySymbol": "\u20b9", "fromCurrency": null, "toCurrency": null, "lastMarket": null, "marketCap": 313983008}, "balanceSheetHistory": {"balanceSheetStatements": [{"maxAge": 1, "endDate": "2020-03-31", "cash": 2050000, "netReceivables": 82197000, "inventory": 99731000, "otherCurrentAssets": 28690000, "totalCurrentAssets": 212668000, "propertyPlantEquipment": 568574000, "otherAssets": 5348000, "totalAssets": 786590000, "accountsPayable": 140098000, "shortLongTermDebt": 17540000, "otherCurrentLiab": 66717000, "longTermDebt": 46633000, "otherLiab": 23636000, "totalCurrentLiabilities": 566581000, "totalLiab": 648795000, "commonStock": 120300000, "retainedEarnings": -51206000, "treasuryStock": 68701000, "otherStockholderEquity": 68701000, "totalStockholderEquity": 137795000, "netTangibleAssets": 137795000}, {"maxAge": 1, "endDate": "2019-03-31", "cash": 656000, "netReceivables": 134092000, "inventory": 124713000, "otherCurrentAssets": 35547000, "totalCurrentAssets": 295008000, "propertyPlantEquipment": 599951000, "otherAssets": 5268000, "totalAssets": 900227000, "accountsPayable": 179718000, "shortLongTermDebt": 33492000, "otherCurrentLiab": 60308000, "longTermDebt": 61439000, "otherLiab": 20960000, "totalCurrentLiabilities": 565603000, "totalLiab": 662265000, "commonStock": 120300000, "retainedEarnings": 49112000, "treasuryStock": 68550000, "otherStockholderEquity": 68550000, "totalStockholderEquity": 237962000, "netTangibleAssets": 237962000}, {"maxAge": 1, "endDate": "2018-03-31", "cash": 2304000, "netReceivables": 211400000, "inventory": 123294000, "otherCurrentAssets": 36658000, "totalCurrentAssets": 373656000, "propertyPlantEquipment": 642789000, "otherAssets": 7038000, "totalAssets": 1023483000, "accountsPayable": 153482000, "shortLongTermDebt": 31742000, "otherCurrentLiab": 52367000, "longTermDebt": 88720000, "otherLiab": 50673000, "totalCurrentLiabilities": 562495000, "totalLiab": 703442000, "commonStock": 120300000, "retainedEarnings": 132569000, "treasuryStock": 67172000, "otherStockholderEquity": 67172000, "totalStockholderEquity": 320041000, "netTangibleAssets": 320041000}, {"maxAge": 1, "endDate": "2017-03-31", "cash": 5833000, "netReceivables": 109474000, "inventory": 111394000, "otherCurrentAssets": 44472000, "totalCurrentAssets": 271173000, "longTermInvestments": 25000, "propertyPlantEquipment": 635399000, "otherAssets": 6716000, "totalAssets": 913313000, "accountsPayable": 82247000, "shortLongTermDebt": 32622000, "otherCurrentLiab": 47346000, "longTermDebt": 68789000, "otherLiab": 91615000, "totalCurrentLiabilities": 406842000, "totalLiab": 569122000, "commonStock": 120300000, "retainedEarnings": 156611000, "treasuryStock": 67280000, "otherStockholderEquity": 67280000, "totalStockholderEquity": 344191000, "netTangibleAssets": 344191000}], "maxAge": 86400}, "financialData": {"maxAge": 86400, "currentPrice": 26.1, "recommendationKey": "none", "grossProfits": 326653000, "financialCurrency": "INR"}}}