{"COSYN.BO": {"recommendationTrend": {"trend": [{"period": "0m", "strongBuy": 0, "buy": 0, "hold": 0, "sell": 0, "strongSell": 0}, {"period": "-1m", "strongBuy": 0, "buy": 0, "hold": 0, "sell": 0, "strongSell": 0}, {"period": "-2m", "strongBuy": 0, "buy": 0, "hold": 0, "sell": 0, "strongSell": 0}, {"period": "-3m", "strongBuy": 0, "buy": 0, "hold": 0, "sell": 0, "strongSell": 0}], "maxAge": 86400}, "cashflowStatementHistory": {"cashflowStatements": [{"maxAge": 1, "endDate": "2020-03-31", "netIncome": 14677855, "depreciation": 17819699, "changeToNetincome": -3624039, "changeToAccountReceivables": 35322495, "changeToLiabilities": 10262521, "changeToInventory": -32239034, "changeToOperatingActivities": -5236149, "totalCashFromOperatingActivities": 48512219, "capitalExpenditures": -18208626, "otherCashflowsFromInvestingActivities": 669858, "totalCashflowsFromInvestingActivities": -17538768, "dividendsPaid": -3750000, "netBorrowings": -12345231, "otherCashflowsFromFinancingActivities": -5549579, "totalCashFromFinancingActivities": -21644810, "changeInCash": 9328642}, {"maxAge": 1, "endDate": "2019-03-31", "netIncome": 19719698, "depreciation": 14119837, "changeToNetincome": 6414197, "changeToAccountReceivables": -108232606, "changeToLiabilities": -15939308, "changeToInventory": 81686616, "changeToOperatingActivities": 70242990, "totalCashFromOperatingActivities": 76152175, "capitalExpenditures": -58295995, "investments": 29971973, "otherCashflowsFromInvestingActivities": -6719767, "totalCashflowsFromInvestingActivities": -35043789, "dividendsPaid": -7500000, "netBorrowings": -21524703, "otherCashflowsFromFinancingActivities": -6489289, "totalCashFromFinancingActivities": -35513992, "changeInCash": 5594394}, {"maxAge": 1, "endDate": "2018-03-31", "netIncome": 65757436, "depreciation": 6219927, "changeToNetincome": -1547678, "changeToAccountReceivables": 75111784, "changeToLiabilities": -13201784, "changeToInventory": -60257527, "changeToOperatingActivities": -27676398, "totalCashFromOperatingActivities": 45971540, "capitalExpenditures": -25033423, "investments": -29666682, "otherCashflowsFromInvestingActivities": -9616876, "totalCashflowsFromInvestingActivities": -64316981, "dividendsPaid": -7500000, "netBorrowings": 32216409, "otherCashflowsFromFinancingActivities": -4629965, "totalCashFromFinancingActivities": 20086444, "changeInCash": 1741003}, {"maxAge": 1, "endDate": "2017-03-31", "netIncome": 62716797, "depreciation": 4571239, "changeToNetincome": 1587319, "changeToAccountReceivables": -50274170, "changeToLiabilities": 8626538, "changeToInventory": 23974829, "changeToOperatingActivities": 13129432, "totalCashFromOperatingActivities": 62915137, "capitalExpenditures": -28205772, "investments": -1115820, "otherCashflowsFromInvestingActivities": -18330086, "totalCashflowsFromInvestingActivities": -47651678, "dividendsPaid": -7500000, "netBorrowings": -16730885, "otherCashflowsFromFinancingActivities": 4990517, "totalCashFromFinancingActivities": -11740368, "changeInCash": 3523092}], "maxAge": 86400}, "institutionOwnership": {"ownershipList": [], "maxAge": 1}, "balanceSheetHistoryQuarterly": {"balanceSheetStatements": [{"maxAge": 1, "endDate": "2020-06-30", "totalStockholderEquity": 274279000, "netTangibleAssets": 245504000}, {"maxAge": 1, "endDate": "2020-03-31", "cash": 20593137, "netReceivables": 176499304, "inventory": 39897050, "otherCurrentAssets": 61961698, "totalCurrentAssets": 307096757, "longTermInvestments": 810529, "propertyPlantEquipment": 46680687, "intangibleAssets": 28774800, "otherAssets": 35401371, "totalAssets": 418764144, "accountsPayable": 36936754, "shortLongTermDebt": 11358112, "otherCurrentLiab": 32165951, "longTermDebt": 2559244, "otherLiab": 2314098, "minorityInterest": 2281621, "totalCurrentLiabilities": 137329714, "totalLiab": 142203056, "commonStock": 75000000, "retainedEarnings": 123890377, "treasuryStock": 1925000, "capitalSurplus": 73464090, "otherStockholderEquity": 1925000, "totalStockholderEquity": 274279467, "netTangibleAssets": 245504667}, {"maxAge": 1, "endDate": "2019-12-31", "totalStockholderEquity": 283085000, "netTangibleAssets": 247639000}, {"maxAge": 1, "endDate": "2019-09-30", "cash": 56822000, "netReceivables": 230070000, "inventory": 6957000, "otherCurrentAssets": 1851000, "totalCurrentAssets": 300370000, "longTermInvestments": 811000, "propertyPlantEquipment": 51930000, "intangibleAssets": 35446000, "otherAssets": 41303000, "deferredLongTermAssetCharges": 13593000, "totalAssets": 429860000, "accountsPayable": 27514000, "otherCurrentLiab": 109277000, "longTermDebt": 7251000, "minorityInterest": 2733000, "totalCurrentLiabilities": 136791000, "totalLiab": 144042000, "commonStock": 75000000, "treasuryStock": 208085000, "otherStockholderEquity": 208085000, "totalStockholderEquity": 283085000, "netTangibleAssets": 247639000}], "maxAge": 86400}, "earningsHistory": {"history": [{"maxAge": 1, "epsActual": {}, "epsEstimate": {}, "epsDifference": {}, "surprisePercent": {}, "quarter": {}, "period": "-4q"}, {"maxAge": 1, "epsActual": {}, "epsEstimate": {}, "epsDifference": {}, "surprisePercent": {}, "quarter": {}, "period": "-3q"}, {"maxAge": 1, "epsActual": 2.78, "epsEstimate": 2.13, "epsDifference": 0.65, "surprisePercent": 0.305, "quarter": "2017-03-31", "period": "-2q"}, {"maxAge": 1, "epsActual": 3.16, "epsEstimate": 3.14, "epsDifference": 0.02, "surprisePercent": 0.006, "quarter": "2018-03-31", "period": "-1q"}], "maxAge": 86400}, "indexTrend": {"maxAge": 1, "symbol": "SP5", "peRatio": 19.7411, "pegRatio": 1.34172, "estimates": [{"period": "0q", "growth": 0.549}, {"period": "+1q", "growth": 0.431}, {"period": "0y", "growth": 0.305}, {"period": "+1y", "growth": 0.109}, {"period": "+5y", "growth": 0.120859005}, {"period": "-5y"}]}, "industryTrend": {"maxAge": 1, "symbol": null, "estimates": []}, "insiderTransactions": {"transactions": [{"maxAge": 1, "shares": 323460, "filerUrl": "", "transactionText": "", "filerName": "RRK Enterprise Pvt. Ltd.", "filerRelation": "Institution- Corporation", "moneyText": "", "startDate": "2020-02-06", "ownership": "D"}, {"maxAge": 1, "shares": 271764, "filerUrl": "", "transactionText": "", "filerName": "Vishnu (Ravi)", "filerRelation": "Executive Chairman", "moneyText": "", "startDate": "2020-02-06", "ownership": "D"}, {"maxAge": 1, "shares": 11950, "filerUrl": "", "transactionText": "", "filerName": "Praveena (Mungara)", "filerRelation": "Promoter", "moneyText": "", "startDate": "2013-01-04", "ownership": "D"}, {"maxAge": 1, "shares": 43970, "filerUrl": "", "transactionText": "", "filerName": "Seetha (R)", "filerRelation": "Promoter", "moneyText": "", "startDate": "2013-01-04", "ownership": "D"}, {"maxAge": 1, "shares": 32020, "filerUrl": "", "transactionText": "", "filerName": "Srihari (Ravi)", "filerRelation": "Promoter", "moneyText": "", "startDate": "2013-01-04", "ownership": "D"}, {"maxAge": 1, "shares": 11000, "filerUrl": "", "transactionText": "", "filerName": "Vishnu (Ravi)", "filerRelation": "Chairman of the Board", "moneyText": "", "startDate": "2011-06-10", "ownership": "D"}, {"maxAge": 1, "shares": 69845, "filerUrl": "", "transactionText": "", "filerName": "Vishnu (Ravi)", "filerRelation": "Chairman of the Board", "moneyText": "", "startDate": "2011-05-10", "ownership": "D"}], "maxAge": 1}, "quoteType": {"exchange": "BSE", "quoteType": "EQUITY", "symbol": "COSYN.BO", "underlyingSymbol": "COSYN.BO", "shortName": "COSYN Limited", "longName": "COSYN Limited", "firstTradeDateEpochUtc": "2005-10-05 09:15:00", "timeZoneFullName": "Asia/Kolkata", "timeZoneShortName": "IST", "uuid": "06b76afe-6ca0-325b-b3d5-f9ff52f15edb", "gmtOffSetMilliseconds": 19800000, "maxAge": 1}, "incomeStatementHistory": {"incomeStatementHistory": [{"maxAge": 1, "endDate": "2020-03-31", "totalRevenue": 298983309, "costOfRevenue": 227462365, "grossProfit": 71520944, "researchDevelopment": {}, "sellingGeneralAdministrative": 9850127, "nonRecurring": {}, "otherOperatingExpenses": 10162894, "totalOperatingExpenses": 278363902, "operatingIncome": 20619407, "totalOtherIncomeExpenseNet": -1848779, "ebit": 20619407, "interestExpense": -5154546, "incomeBeforeTax": 18770628, "incomeTaxExpense": 4937693, "minorityInterest": 2281621, "netIncomeFromContinuingOps": 13832935, "discontinuedOperations": {}, "extraordinaryItems": {}, "effectOfAccountingCharges": {}, "otherItems": {}, "netIncome": 14677855, "netIncomeApplicableToCommonShares": 14677855}, {"maxAge": 1, "endDate": "2019-03-31", "totalRevenue": 395711711, "costOfRevenue": 305209666, "grossProfit": 90502045, "researchDevelopment": {}, "sellingGeneralAdministrative": 6501652, "nonRecurring": {}, "otherOperatingExpenses": 20176336, "totalOperatingExpenses": 353631333, "operatingIncome": 42080378, "totalOtherIncomeExpenseNet": -13027330, "ebit": 42080378, "interestExpense": -17350882, "incomeBeforeTax": 29053048, "incomeTaxExpense": 10304807, "minorityInterest": 3126541, "netIncomeFromContinuingOps": 18748241, "discontinuedOperations": {}, "extraordinaryItems": {}, "effectOfAccountingCharges": {}, "otherItems": {}, "netIncome": 19719698, "netIncomeApplicableToCommonShares": 19719698}, {"maxAge": 1, "endDate": "2018-03-31", "totalRevenue": 428194703, "costOfRevenue": 303759272, "grossProfit": 124435431, "researchDevelopment": {}, "sellingGeneralAdministrative": 416535, "nonRecurring": {}, "otherOperatingExpenses": 17644501, "totalOperatingExpenses": 335155921, "operatingIncome": 93038782, "totalOtherIncomeExpenseNet": -12925646, "ebit": 93038782, "interestExpense": -16003397, "incomeBeforeTax": 80113136, "incomeTaxExpense": 16445844, "minorityInterest": 4097998, "netIncomeFromContinuingOps": 63667292, "discontinuedOperations": {}, "extraordinaryItems": {}, "effectOfAccountingCharges": {}, "otherItems": {}, "netIncome": 65757436, "netIncomeApplicableToCommonShares": 65757436}, {"maxAge": 1, "endDate": "2017-03-31", "totalRevenue": 315028405, "costOfRevenue": 207321544, "grossProfit": 107706861, "researchDevelopment": {}, "sellingGeneralAdministrative": 6129860, "nonRecurring": {}, "otherOperatingExpenses": 22188731, "totalOperatingExpenses": 252454728, "operatingIncome": 62573677, "totalOtherIncomeExpenseNet": 532233, "ebit": 62573677, "interestExpense": -1842441, "incomeBeforeTax": 63105910, "incomeTaxExpense": 1426091, "minorityInterest": 6188142, "netIncomeFromContinuingOps": 61679819, "discontinuedOperations": {}, "extraordinaryItems": {}, "effectOfAccountingCharges": {}, "otherItems": {}, "netIncome": 62716797, "netIncomeApplicableToCommonShares": 62716797}], "maxAge": 86400}, "fundOwnership": {"ownershipList": [], "maxAge": 1}, "summaryDetail": {"maxAge": 1, "priceHint": 2, "previousClose": 20.6, "open": 20.35, "dayLow": 20.3, "dayHigh": 21.5, "regularMarketPreviousClose": 20.6, "regularMarketOpen": 20.35, "regularMarketDayLow": 20.3, "regularMarketDayHigh": 21.5, "trailingPE": 32.05329, "forwardPE": 1.7027477, "volume": 2685, "regularMarketVolume": 2685, "averageVolume": 15908, "averageVolume10days": 13341, "averageDailyVolume10Day": 13341, "bid": 20.3, "ask": 20.9, "bidSize": 0, "askSize": 0, "marketCap": 153375008, "fiftyTwoWeekLow": 10.2, "fiftyTwoWeekHigh": 35.5, "fiftyDayAverage": 25.9, "twoHundredDayAverage": 24.02647, "trailingAnnualDividendRate": 0.5, "trailingAnnualDividendYield": 0.024271844, "currency": "INR", "fromCurrency": null, "lastMarket": null, "algorithm": null, "tradeable": false}, "sectorTrend": {"maxAge": 1, "symbol": null, "estimates": []}, "incomeStatementHistoryQuarterly": {"incomeStatementHistory": [{"maxAge": 1, "endDate": "2020-06-30", "totalRevenue": 68730000, "costOfRevenue": 59272000, "grossProfit": 9458000, "researchDevelopment": {}, "sellingGeneralAdministrative": {}, "nonRecurring": {}, "otherOperatingExpenses": 8151000, "totalOperatingExpenses": 74263000, "operatingIncome": -5533000, "totalOtherIncomeExpenseNet": 184000, "ebit": -5533000, "interestExpense": -432000, "incomeBeforeTax": -5349000, "incomeTaxExpense": 1786000, "minorityInterest": {}, "netIncomeFromContinuingOps": -7135000, "discontinuedOperations": {}, "extraordinaryItems": {}, "effectOfAccountingCharges": {}, "otherItems": {}, "netIncome": -6973000, "netIncomeApplicableToCommonShares": -6973000}, {"maxAge": 1, "endDate": "2020-03-31", "totalRevenue": 74485309, "costOfRevenue": 64562365, "grossProfit": 9922944, "researchDevelopment": {}, "sellingGeneralAdministrative": 9850127, "nonRecurring": {}, "otherOperatingExpenses": -8812106, "totalOperatingExpenses": 73703902, "operatingIncome": 781407, "totalOtherIncomeExpenseNet": 88221, "ebit": 781407, "interestExpense": -1058546, "incomeBeforeTax": 869628, "incomeTaxExpense": -1016307, "minorityInterest": 2281621, "netIncomeFromContinuingOps": 1885935, "discontinuedOperations": {}, "extraordinaryItems": {}, "effectOfAccountingCharges": {}, "otherItems": {}, "netIncome": 2136855, "netIncomeApplicableToCommonShares": 2136855}, {"maxAge": 1, "endDate": "2019-12-31", "totalRevenue": 61115000, "costOfRevenue": 42211000, "grossProfit": 18904000, "researchDevelopment": {}, "sellingGeneralAdministrative": 9850127, "nonRecurring": {}, "otherOperatingExpenses": 4406000, "totalOperatingExpenses": 54410000, "operatingIncome": 6705000, "totalOtherIncomeExpenseNet": -358000, "ebit": 6705000, "interestExpense": -1145000, "incomeBeforeTax": 6347000, "incomeTaxExpense": -303000, "minorityInterest": 2281621, "netIncomeFromContinuingOps": 6650000, "discontinuedOperations": {}, "extraordinaryItems": {}, "effectOfAccountingCharges": {}, "otherItems": {}, "netIncome": 6851000, "netIncomeApplicableToCommonShares": 6851000}, {"maxAge": 1, "endDate": "2019-09-30", "totalRevenue": 86036000, "costOfRevenue": 66915000, "grossProfit": 19121000, "researchDevelopment": {}, "sellingGeneralAdministrative": 9850127, "nonRecurring": {}, "otherOperatingExpenses": 7168000, "totalOperatingExpenses": 81732000, "operatingIncome": 4304000, "totalOtherIncomeExpenseNet": -1155000, "ebit": 4304000, "interestExpense": -1756000, "incomeBeforeTax": 3149000, "incomeTaxExpense": 596000, "minorityInterest": 2733000, "netIncomeFromContinuingOps": 2553000, "discontinuedOperations": {}, "extraordinaryItems": {}, "effectOfAccountingCharges": {}, "otherItems": {}, "netIncome": 2755000, "netIncomeApplicableToCommonShares": 2755000}], "maxAge": 86400}, "cashflowStatementHistoryQuarterly": {"cashflowStatements": [{"maxAge": 1, "endDate": "2020-06-30", "netIncome": -6973000, "changeToLiabilities": 0}, {"maxAge": 1, "endDate": "2020-03-31", "netIncome": 2136855, "changeToLiabilities": 0}, {"maxAge": 1, "endDate": "2019-12-31", "netIncome": 6851000, "changeToLiabilities": 0}, {"maxAge": 1, "endDate": "2019-09-30", "netIncome": 2755000, "changeToLiabilities": 0}], "maxAge": 86400}, "insiderHolders": {"holders": [{"maxAge": 1, "name": "Praveena (Mungara)", "relation": "Promoter", "url": "", "transactionDescription": "Sale", "latestTransDate": "2013-01-04", "positionDirect": 0, "positionDirectDate": "2013-01-04"}, {"maxAge": 1, "name": "RRK Enterprise Pvt. Ltd.", "relation": "Institution- Corporation", "url": "", "transactionDescription": "Sale", "latestTransDate": "2020-02-06", "positionDirect": 0, "positionDirectDate": "2020-02-06"}, {"maxAge": 1, "name": "Seetha (R)", "relation": "Promoter", "url": "", "transactionDescription": "Acquisition", "latestTransDate": "2013-01-04", "positionDirect": 258731, "positionDirectDate": "2013-01-04"}, {"maxAge": 1, "name": "Srihari (Ravi)", "relation": "Promoter", "url": "", "transactionDescription": "Sale", "latestTransDate": "2013-01-04", "positionDirect": 0, "positionDirectDate": "2013-01-04"}, {"maxAge": 1, "name": "Vishnu (Ravi)", "relation": "Executive Chairman", "url": "", "transactionDescription": "Purchase", "latestTransDate": "2020-02-06", "positionDirect": 1173999, "positionDirectDate": "2020-02-06"}], "maxAge": 1}, "earnings": {"maxAge": 86400, "earningsChart": {"quarterly": [{"date": "1Q2017", "actual": 2.78, "estimate": 2.13}, {"date": "1Q2018", "actual": 3.16, "estimate": 3.14}], "currentQuarterEstimateDate": "2Q", "currentQuarterEstimateYear": 2018, "earningsDate": ["2020-08-20 05:30:S"]}, "financialsChart": {"yearly": [{"date": 2017, "revenue": 315028405, "earnings": 62716797}, {"date": 2018, "revenue": 428194703, "earnings": 65757436}, {"date": 2019, "revenue": 395711711, "earnings": 19719698}, {"date": 2020, "revenue": 298983309, "earnings": 14677855}], "quarterly": [{"date": "3Q2019", "revenue": 86036000, "earnings": 2755000}, {"date": "4Q2019", "revenue": 61115000, "earnings": 6851000}, {"date": "1Q2020", "revenue": 74485309, "earnings": 2136855}, {"date": "2Q2020", "revenue": 68730000, "earnings": -6973000}]}, "financialCurrency": "INR"}, "calendarEvents": {"maxAge": 1, "earnings": {"earningsDate": ["2020-08-20 05:30:S"]}}, "upgradeDowngradeHistory": {"history": [], "maxAge": 86400}, "price": {"maxAge": 1, "regularMarketChangePercent": -0.007281535, "regularMarketChange": -0.14999962, "regularMarketTime": "2021-04-30 15:28:42", "priceHint": 2, "regularMarketPrice": 20.45, "regularMarketDayHigh": 21.5, "regularMarketDayLow": 20.3, "regularMarketVolume": 2685, "averageDailyVolume10Day": 13341, "averageDailyVolume3Month": 15908, "regularMarketPreviousClose": 20.6, "regularMarketSource": "FREE_REALTIME", "regularMarketOpen": 20.35, "exchange": "BSE", "exchangeName": "BSE", "exchangeDataDelayedBy": 0, "marketState": "CLOSED", "quoteType": "EQUITY", "symbol": "COSYN.BO", "underlyingSymbol": null, "shortName": "COSYN Limited", "longName": "COSYN Limited", "currency": "INR", "quoteSourceName": "Delayed Quote", "currencySymbol": "\u20b9", "fromCurrency": null, "lastMarket": null, "marketCap": 153375008}, "balanceSheetHistory": {"balanceSheetStatements": [{"maxAge": 1, "endDate": "2020-03-31", "cash": 20593137, "netReceivables": 176499304, "inventory": 39897050, "otherCurrentAssets": 61961698, "totalCurrentAssets": 307096757, "longTermInvestments": 810529, "propertyPlantEquipment": 46680687, "intangibleAssets": 28774800, "otherAssets": 35401371, "totalAssets": 418764144, "accountsPayable": 36936754, "shortLongTermDebt": 11358112, "otherCurrentLiab": 32165951, "longTermDebt": 2559244, "otherLiab": 2314098, "minorityInterest": 2281621, "totalCurrentLiabilities": 137329714, "totalLiab": 142203056, "commonStock": 75000000, "retainedEarnings": 123890377, "treasuryStock": 1925000, "capitalSurplus": 73464090, "otherStockholderEquity": 1925000, "totalStockholderEquity": 274279467, "netTangibleAssets": 245504667}, {"maxAge": 1, "endDate": "2019-03-31", "cash": 11264496, "netReceivables": 208381840, "inventory": 7658016, "otherCurrentAssets": 53690184, "totalCurrentAssets": 287043449, "longTermInvestments": 810529, "propertyPlantEquipment": 46291759, "intangibleAssets": 41843617, "otherAssets": 49182538, "deferredLongTermAssetCharges": 15995536, "totalAssets": 425171892, "accountsPayable": 25972003, "shortLongTermDebt": 20724787, "otherCurrentLiab": 33135972, "longTermDebt": 14904475, "minorityInterest": 3126541, "totalCurrentLiabilities": 123298029, "totalLiab": 138202504, "commonStock": 75000000, "retainedEarnings": 133453757, "treasuryStock": 1925000, "capitalSurplus": 73464090, "otherStockholderEquity": 1925000, "totalStockholderEquity": 283842847, "netTangibleAssets": 241999230}, {"maxAge": 1, "endDate": "2018-03-31", "cash": 5670101, "shortTermInvestments": 30000000, "netReceivables": 103386391, "inventory": 89344632, "otherCurrentAssets": 39838971, "totalCurrentAssets": 274805651, "longTermInvestments": 782502, "propertyPlantEquipment": 42176975, "intangibleAssets": 22552215, "otherAssets": 47592675, "deferredLongTermAssetCharges": 17800343, "totalAssets": 387910018, "accountsPayable": 42272310, "shortLongTermDebt": 7796627, "otherCurrentLiab": 13223284, "longTermDebt": 9118357, "minorityInterest": 4097998, "totalCurrentLiabilities": 105531344, "totalLiab": 114649701, "commonStock": 75000000, "retainedEarnings": 118773229, "treasuryStock": 1925000, "capitalSurplus": 73464090, "otherStockholderEquity": 1925000, "totalStockholderEquity": 269162319, "netTangibleAssets": 246610104}, {"maxAge": 1, "endDate": "2017-03-31", "cash": 3929098, "netReceivables": 179463264, "inventory": 29087105, "otherCurrentAssets": 34289654, "totalCurrentAssets": 247190076, "longTermInvestments": 1115820, "propertyPlantEquipment": 23843626, "intangibleAssets": 29187754, "otherAssets": 42595049, "deferredLongTermAssetCharges": 16304755, "totalAssets": 343932325, "accountsPayable": 55068762, "shortLongTermDebt": 4240917, "otherCurrentLiab": 9677484, "longTermDebt": 4212769, "minorityInterest": 6188142, "totalCurrentLiabilities": 121078564, "totalLiab": 125291333, "commonStock": 75000000, "retainedEarnings": 62063760, "treasuryStock": 1925000, "capitalSurplus": 73464090, "otherStockholderEquity": 1925000, "totalStockholderEquity": 212452850, "netTangibleAssets": 183265096}], "maxAge": 86400}, "earningsTrend": {"trend": [{"maxAge": 1, "period": "0q", "endDate": "2018-06-30", "growth": {}, "earningsEstimate": {"avg": 0.0, "low": 0.0, "high": 0.0, "yearAgoEps": {}, "numberOfAnalysts": 0, "growth": {}}, "revenueEstimate": {"avg": 0, "low": 0, "high": 0, "numberOfAnalysts": 0, "yearAgoRevenue": {}, "growth": {}}, "epsTrend": {"current": 0.0, "7daysAgo": 0.0, "30daysAgo": 0.0, "60daysAgo": 0.0, "90daysAgo": 0.0}, "epsRevisions": {"upLast7days": 0, "upLast30days": 0, "downLast30days": 0, "downLast90days": {}}}, {"maxAge": 1, "period": "+1q", "endDate": "2018-09-30", "growth": {}, "earningsEstimate": {"avg": 0.0, "low": 0.0, "high": 0.0, "yearAgoEps": {}, "numberOfAnalysts": 0, "growth": {}}, "revenueEstimate": {"avg": 0, "low": 0, "high": 0, "numberOfAnalysts": 0, "yearAgoRevenue": {}, "growth": {}}, "epsTrend": {"current": 0.0, "7daysAgo": 0.0, "30daysAgo": 0.0, "60daysAgo": 0.0, "90daysAgo": 0.0}, "epsRevisions": {"upLast7days": 0, "upLast30days": 0, "downLast30days": 0, "downLast90days": {}}}, {"maxAge": 1, "period": "0y", "endDate": "2019-03-31", "growth": {}, "earningsEstimate": {"avg": 0.0, "low": 0.0, "high": 0.0, "yearAgoEps": {}, "numberOfAnalysts": 0, "growth": {}}, "revenueEstimate": {"avg": 545490000, "low": 545490000, "high": 545490000, "numberOfAnalysts": 1, "yearAgoRevenue": 426987000, "growth": 0.278}, "epsTrend": {"current": 0.0, "7daysAgo": 12.01, "30daysAgo": 12.01, "60daysAgo": 12.01, "90daysAgo": 12.01}, "epsRevisions": {"upLast7days": 0, "upLast30days": 0, "downLast30days": 0, "downLast90days": {}}}, {"maxAge": 1, "period": "+1y", "endDate": "2020-03-31", "growth": {}, "earningsEstimate": {"avg": 0.0, "low": 0.0, "high": 0.0, "yearAgoEps": {}, "numberOfAnalysts": 0, "growth": {}}, "revenueEstimate": {"avg": 0, "low": 0, "high": 0, "numberOfAnalysts": 0, "yearAgoRevenue": 545490000, "growth": {}}, "epsTrend": {"current": 0.0, "7daysAgo": 0.0, "30daysAgo": 0.0, "60daysAgo": 0.0, "90daysAgo": 0.0}, "epsRevisions": {"upLast7days": 0, "upLast30days": 0, "downLast30days": 0, "downLast90days": {}}}, {"maxAge": 1, "period": "+5y", "endDate": null, "growth": {}, "earningsEstimate": {"avg": {}, "low": {}, "high": {}, "yearAgoEps": {}, "numberOfAnalysts": {}, "growth": {}}, "revenueEstimate": {"avg": {}, "low": {}, "high": {}, "numberOfAnalysts": {}, "yearAgoRevenue": {}, "growth": {}}, "epsTrend": {"current": {}, "7daysAgo": {}, "30daysAgo": {}, "60daysAgo": {}, "90daysAgo": {}}, "epsRevisions": {"upLast7days": {}, "upLast30days": {}, "downLast30days": {}, "downLast90days": {}}}, {"maxAge": 1, "period": "-5y", "endDate": null, "growth": {}, "earningsEstimate": {"avg": {}, "low": {}, "high": {}, "yearAgoEps": {}, "numberOfAnalysts": {}, "growth": {}}, "revenueEstimate": {"avg": {}, "low": {}, "high": {}, "numberOfAnalysts": {}, "yearAgoRevenue": {}, "growth": {}}, "epsTrend": {"current": {}, "7daysAgo": {}, "30daysAgo": {}, "60daysAgo": {}, "90daysAgo": {}}, "epsRevisions": {"upLast7days": {}, "upLast30days": {}, "downLast30days": {}, "downLast90days": {}}}], "maxAge": 1}, "financialData": {"maxAge": 86400, "currentPrice": 20.45, "recommendationKey": "none", "grossProfits": 71520944, "financialCurrency": "INR"}}}