{"COX&KINGS.NS": {"assetProfile": {"address1": "Turner Morrison Building", "address2": "1st Floor 16, Bank Street Fort", "city": "Mumbai", "zip": "400001", "country": "India", "phone": "91 22 2270 9100", "fax": "91 22 6654 5466", "website": "http://www.coxandkings.com", "industry": "Travel Services", "sector": "Consumer Cyclical", "longBusinessSummary": "Cox & Kings Limited provides tours and travel services worldwide. It primarily offers destination management, outbound tourism, business travel, incentive and conference solutions, domestic holidays, NRI, trade fairs, foreign exchange, and insurance services. The company was formerly known as Cox and Kings (India) Limited and changed its name to Cox & Kings Limited in July 2010. Cox & Kings Limited was founded in 1758 and is headquartered in Mumbai, India.", "companyOfficers": [{"maxAge": 1, "name": "Mr. Ajay Ajit Peter Kerkar", "age": 57, "title": "Group CEO & Director", "yearBorn": 1963, "fiscalYear": 2018, "totalPay": 280000, "exercisedValue": 0, "unexercisedValue": 0}, {"maxAge": 1, "name": "Ms. Urrshila  Kerkar", "age": 62, "title": "Whole Time Director", "yearBorn": 1958, "fiscalYear": 2018, "totalPay": 30751292, "exercisedValue": 0, "unexercisedValue": 0}, {"maxAge": 1, "name": "Thomas C. Thottathil", "title": "Assistant VP of Corp. Communications", "exercisedValue": 0, "unexercisedValue": 0}, {"maxAge": 1, "name": "Mr. Cyrus  Sarkari", "age": 55, "title": "Head of Groups Outbound", "yearBorn": 1965, "exercisedValue": 0, "unexercisedValue": 0}, {"maxAge": 1, "name": "Mr. Ajay  Seth", "age": 59, "title": "Head of MICE Outbound & Assistant VP", "yearBorn": 1961, "exercisedValue": 0, "unexercisedValue": 0}, {"maxAge": 1, "name": "Mr. John Joseph Nair", "age": 51, "title": "Head of Bus. Travel", "yearBorn": 1969, "exercisedValue": 0, "unexercisedValue": 0}, {"maxAge": 1, "name": "Mr. Ashutosh  Mehere", "age": 52, "title": "Head of FIT Outbound", "yearBorn": 1968, "exercisedValue": 0, "unexercisedValue": 0}, {"maxAge": 1, "name": "Mr. Karan S. Anand", "age": 57, "title": "Head of Relationships & Supplier Management", "yearBorn": 1963, "exercisedValue": 0, "unexercisedValue": 0}, {"maxAge": 1, "name": "Mr. Yusuf  Poonawala", "age": 43, "title": "Sr. VP & Head Bharat Deko", "yearBorn": 1977, "exercisedValue": 0, "unexercisedValue": 0}], "compensationAsOfEpochDate": "2018-12-31 05:30:00", "maxAge": 86400}, "recommendationTrend": {"trend": [{"period": "0m", "strongBuy": 0, "buy": 0, "hold": 0, "sell": 0, "strongSell": 0}, {"period": "-1m", "strongBuy": 0, "buy": 0, "hold": 0, "sell": 0, "strongSell": 0}, {"period": "-2m", "strongBuy": 0, "buy": 0, "hold": 0, "sell": 0, "strongSell": 0}, {"period": "-3m", "strongBuy": 0, "buy": 0, "hold": 0, "sell": 0, "strongSell": 0}], "maxAge": 86400}, "cashflowStatementHistory": {"cashflowStatements": [{"maxAge": 1, "endDate": "2018-03-31", "netIncome": 3766800000, "changeToLiabilities": 0}, {"maxAge": 1, "endDate": "2017-03-31", "netIncome": 1469600000, "depreciation": 610600000, "changeToNetincome": 4608500000, "changeToAccountReceivables": -4264700000, "changeToLiabilities": 0, "changeToInventory": 93100000, "changeToOperatingActivities": -233400000, "totalCashFromOperatingActivities": 2626500000, "capitalExpenditures": -2072000000, "investments": 1311900000, "otherCashflowsFromInvestingActivities": 527400000, "totalCashflowsFromInvestingActivities": -232700000, "dividendsPaid": -176500000, "netBorrowings": -1781700000, "otherCashflowsFromFinancingActivities": -2326000000, "totalCashFromFinancingActivities": -2599600000, "changeInCash": -204300000}, {"maxAge": 1, "endDate": "2016-03-31", "netIncome": 506800000, "depreciation": 842900000, "changeToNetincome": 4891500000, "changeToAccountReceivables": -3084700000, "changeToLiabilities": 0, "changeToInventory": -67200000, "changeToOperatingActivities": 3745800000, "totalCashFromOperatingActivities": 7477300000, "capitalExpenditures": -3201600000, "investments": -5262700000, "otherCashflowsFromInvestingActivities": -1400800000, "totalCashflowsFromInvestingActivities": -4426400000, "dividendsPaid": -169300000, "netBorrowings": 2015700000, "otherCashflowsFromFinancingActivities": -2813400000, "totalCashFromFinancingActivities": -967000000, "changeInCash": -271100000}, {"maxAge": 1, "endDate": "2015-03-31", "netIncome": 917800000, "depreciation": 1983100000, "changeToNetincome": 5953100000, "changeToAccountReceivables": -769300000, "changeToLiabilities": 0, "changeToInventory": -37200000, "changeToOperatingActivities": -3067100000, "totalCashFromOperatingActivities": 4980400000, "capitalExpenditures": -1813400000, "investments": 1013200000, "otherCashflowsFromInvestingActivities": 2588800000, "totalCashflowsFromInvestingActivities": 10133700000, "dividendsPaid": -159700000, "netBorrowings": -18031400000, "otherCashflowsFromFinancingActivities": -4536900000, "totalCashFromFinancingActivities": -12166400000, "changeInCash": 1325100000}], "maxAge": 86400}, "indexTrend": {"maxAge": 1, "symbol": "SP5", "peRatio": 19.7411, "pegRatio": 1.34172, "estimates": [{"period": "0q", "growth": 0.549}, {"period": "+1q", "growth": 0.431}, {"period": "0y", "growth": 0.305}, {"period": "+1y", "growth": 0.109}, {"period": "+5y", "growth": 0.120865}, {"period": "-5y"}]}, "defaultKeyStatistics": {"maxAge": 1, "priceHint": 4, "enterpriseValue": 55249190912, "profitMargins": 0.0, "floatShares": 143604023, "sharesOutstanding": 176564992, "heldPercentInsiders": 0.13927001, "heldPercentInstitutions": 0.04818, "beta": 2.166742, "category": null, "fundFamily": null, "legalType": null, "lastFiscalYearEnd": "2020-03-31 05:30:00", "nextFiscalYearEnd": "2022-03-31 05:30:00", "mostRecentQuarter": "2020-03-31 05:30:00", "netIncomeToCommon": -103559897088, "lastSplitFactor": "2:1", "lastSplitDate": "2011-06-21 05:30:00", "enterpriseToRevenue": 7.071, "enterpriseToEbitda": -22.909, "52WeekChange": -0.08333331, "SandP52WeekChange": 0.48148263, "lastDividendValue": 1.0, "lastDividendDate": 1537228800}, "industryTrend": {"maxAge": 1, "symbol": null, "estimates": []}, "quoteType": {"exchange": "NSI", "quoteType": "EQUITY", "symbol": "COX&KINGS.NS", "underlyingSymbol": "COX&KINGS.NS", "shortName": "COX & KINGS LTD", "longName": "Cox & Kings Limited", "firstTradeDateEpochUtc": "2009-12-11 09:15:00", "timeZoneFullName": "Asia/Kolkata", "timeZoneShortName": "IST", "uuid": "93b6273f-ffc3-3df7-97fe-77017b900074", "messageBoardId": "finmb_25183495", "gmtOffSetMilliseconds": 19800000, "maxAge": 1}, "incomeStatementHistory": {"incomeStatementHistory": [{"maxAge": 1, "endDate": "2018-03-31", "totalRevenue": 64505500000, "costOfRevenue": 48575700000, "grossProfit": 15929800000, "researchDevelopment": {}, "sellingGeneralAdministrative": {}, "nonRecurring": {}, "otherOperatingExpenses": 5687800000, "totalOperatingExpenses": 55251800000, "operatingIncome": 9253700000, "totalOtherIncomeExpenseNet": -2592000000, "ebit": 9253700000, "interestExpense": -2648400000, "incomeBeforeTax": 6661700000, "incomeTaxExpense": 2222100000, "minorityInterest": 10035400000, "netIncomeFromContinuingOps": 4439600000, "discontinuedOperations": {}, "extraordinaryItems": {}, "effectOfAccountingCharges": {}, "otherItems": {}, "netIncome": 3766800000, "netIncomeApplicableToCommonShares": 3766800000}, {"maxAge": 1, "endDate": "2017-03-31", "totalRevenue": 71762900000, "costOfRevenue": 57512800000, "grossProfit": 14250100000, "researchDevelopment": {}, "sellingGeneralAdministrative": 2521100000, "nonRecurring": {}, "otherOperatingExpenses": 3242300000, "totalOperatingExpenses": 64227900000, "operatingIncome": 7535000000, "totalOtherIncomeExpenseNet": -3695300000, "ebit": 7535000000, "interestExpense": -2215800000, "incomeBeforeTax": 3839700000, "incomeTaxExpense": 1722300000, "minorityInterest": 6063700000, "netIncomeFromContinuingOps": 2117400000, "discontinuedOperations": {}, "extraordinaryItems": {}, "effectOfAccountingCharges": {}, "otherItems": {}, "netIncome": 1469600000, "netIncomeApplicableToCommonShares": 1469600000}, {"maxAge": 1, "endDate": "2016-03-31", "totalRevenue": 75053000000, "costOfRevenue": 59717900000, "grossProfit": 15335100000, "researchDevelopment": {}, "sellingGeneralAdministrative": 3103300000, "nonRecurring": {}, "otherOperatingExpenses": 4077300000, "totalOperatingExpenses": 68383300000, "operatingIncome": 6669700000, "totalOtherIncomeExpenseNet": -5191100000, "ebit": 6669700000, "interestExpense": -2372700000, "incomeBeforeTax": 1478600000, "incomeTaxExpense": 1567200000, "minorityInterest": 6392900000, "netIncomeFromContinuingOps": -88600000, "discontinuedOperations": {}, "extraordinaryItems": {}, "effectOfAccountingCharges": {}, "otherItems": {}, "netIncome": 506800000, "netIncomeApplicableToCommonShares": 506800000}, {"maxAge": 1, "endDate": "2015-03-31", "totalRevenue": 25691000000, "costOfRevenue": 9140000000, "grossProfit": 16551000000, "researchDevelopment": {}, "sellingGeneralAdministrative": 2900400000, "nonRecurring": {}, "otherOperatingExpenses": 3539600000, "totalOperatingExpenses": 17563100000, "operatingIncome": 8127900000, "totalOtherIncomeExpenseNet": -5808900000, "ebit": 8127900000, "interestExpense": -2942800000, "incomeBeforeTax": 2319000000, "incomeTaxExpense": 1432600000, "minorityInterest": 7541200000, "netIncomeFromContinuingOps": 886400000, "discontinuedOperations": {}, "extraordinaryItems": {}, "effectOfAccountingCharges": {}, "otherItems": {}, "netIncome": 917800000, "netIncomeApplicableToCommonShares": 917800000}], "maxAge": 86400}, "fundOwnership": {"maxAge": 1, "ownershipList": []}, "summaryDetail": {"maxAge": 1, "priceHint": 4, "previousClose": 1.1, "open": 1.15, "dayLow": 1.05, "dayHigh": 1.15, "regularMarketPreviousClose": 1.1, "regularMarketOpen": 1.15, "regularMarketDayLow": 1.05, "regularMarketDayHigh": 1.15, "exDividendDate": "2018-09-18 05:30:00", "payoutRatio": 0.1292, "beta": 2.166742, "volume": 258334, "regularMarketVolume": 258334, "averageVolume": 386026, "averageVolume10days": 254096, "averageDailyVolume10Day": 254096, "bid": 0.0, "ask": 0.0, "bidSize": 0, "askSize": 0, "marketCap": 194221488, "fiftyTwoWeekLow": 0.7, "fiftyTwoWeekHigh": 2.0, "priceToSalesTrailing12Months": 0.02485685, "fiftyDayAverage": 1.1614286, "twoHundredDayAverage": 1.3772727, "currency": "INR", "fromCurrency": null, "toCurrency": null, "lastMarket": null, "algorithm": null, "tradeable": false}, "insiderHolders": {"holders": [], "maxAge": 1}, "calendarEvents": {"maxAge": 1, "earnings": {"earningsDate": []}, "exDividendDate": "2018-09-18 05:30:00"}, "price": {"maxAge": 1, "regularMarketChangePercent": 0.0, "regularMarketChange": 0.0, "regularMarketTime": "2021-04-30 15:29:40", "priceHint": 4, "regularMarketPrice": 1.1, "regularMarketDayHigh": 1.15, "regularMarketDayLow": 1.05, "regularMarketVolume": 258334, "averageDailyVolume10Day": 254096, "averageDailyVolume3Month": 386026, "regularMarketPreviousClose": 1.1, "regularMarketSource": "FREE_REALTIME", "regularMarketOpen": 1.15, "exchange": "NSI", "exchangeName": "NSE", "exchangeDataDelayedBy": 15, "marketState": "CLOSED", "quoteType": "EQUITY", "symbol": "COX&KINGS.NS", "underlyingSymbol": null, "shortName": "COX & KINGS LTD", "longName": "Cox & Kings Limited", "currency": "INR", "quoteSourceName": "Delayed Quote", "currencySymbol": "\u20b9", "fromCurrency": null, "toCurrency": null, "lastMarket": null, "marketCap": 194221488}, "balanceSheetHistory": {"balanceSheetStatements": [{"maxAge": 1, "endDate": "2018-03-31", "cash": 16396000000, "shortTermInvestments": 286200000, "netReceivables": 25575500000, "inventory": 155000000, "otherCurrentAssets": 15024300000, "totalCurrentAssets": 57437000000, "longTermInvestments": 1099800000, "propertyPlantEquipment": 19890800000, "goodWill": 24679900000, "intangibleAssets": 4162200000, "otherAssets": 429700000, "deferredLongTermAssetCharges": 200000, "totalAssets": 107699400000, "accountsPayable": 4201900000, "shortLongTermDebt": 40139600000, "otherCurrentLiab": 17949000000, "longTermDebt": 22858400000, "otherLiab": 2523900000, "minorityInterest": 10035400000, "totalCurrentLiabilities": 39454700000, "totalLiab": 64837000000, "commonStock": 882800000, "treasuryStock": 31944200000, "otherStockholderEquity": 31944200000, "totalStockholderEquity": 32827000000, "netTangibleAssets": 3984900000}, {"maxAge": 1, "endDate": "2017-03-31", "cash": 10473100000, "shortTermInvestments": 5999800000, "netReceivables": 19742200000, "inventory": 198500000, "otherCurrentAssets": 10390100000, "totalCurrentAssets": 46803700000, "longTermInvestments": 306700000, "propertyPlantEquipment": 16384000000, "goodWill": 22027500000, "intangibleAssets": 3677700000, "otherAssets": 770400000, "totalAssets": 89970000000, "accountsPayable": 3114800000, "shortLongTermDebt": 36738900000, "otherCurrentLiab": 15617600000, "longTermDebt": 25599100000, "otherLiab": 2015700000, "minorityInterest": 6063700000, "totalCurrentLiabilities": 30296600000, "totalLiab": 57911400000, "commonStock": 882800000, "retainedEarnings": 9688900000, "treasuryStock": -3711000000, "capitalSurplus": 19134200000, "otherStockholderEquity": -3711000000, "totalStockholderEquity": 25994900000, "netTangibleAssets": 289700000}, {"maxAge": 1, "endDate": "2016-03-31", "cash": 10677500000, "shortTermInvestments": 7861200000, "netReceivables": 15586900000, "inventory": 291500000, "otherCurrentAssets": 10187300000, "totalCurrentAssets": 44604400000, "longTermInvestments": 314000000, "propertyPlantEquipment": 18032900000, "goodWill": 26248800000, "intangibleAssets": 3404100000, "otherAssets": 896000000, "totalAssets": 93500200000, "accountsPayable": 4600100000, "shortLongTermDebt": 41009400000, "otherCurrentLiab": 14354200000, "longTermDebt": 28256300000, "otherLiab": 2215400000, "minorityInterest": 6392900000, "totalCurrentLiabilities": 32032500000, "totalLiab": 62506100000, "commonStock": 846600000, "retainedEarnings": 8015500000, "treasuryStock": -1187400000, "capitalSurplus": 16926500000, "otherStockholderEquity": -1187400000, "totalStockholderEquity": 24601200000, "netTangibleAssets": -5051700000}, {"maxAge": 1, "endDate": "2015-03-31", "cash": 14056800000, "shortTermInvestments": 421900000, "netReceivables": 12470800000, "inventory": 236300000, "otherCurrentAssets": 9304700000, "totalCurrentAssets": 36490500000, "longTermInvestments": 324100000, "propertyPlantEquipment": 17086800000, "goodWill": 32725800000, "intangibleAssets": 3128900000, "otherAssets": 174800000, "deferredLongTermAssetCharges": 32500000, "totalAssets": 89930900000, "accountsPayable": 3966100000, "shortLongTermDebt": 37804600000, "otherCurrentLiab": 13894300000, "longTermDebt": 33058700000, "otherLiab": 459400000, "minorityInterest": 7541200000, "totalCurrentLiabilities": 22835100000, "totalLiab": 56359200000, "commonStock": 846600000, "retainedEarnings": 8787100000, "treasuryStock": -552600000, "capitalSurplus": 16949400000, "otherStockholderEquity": -552600000, "totalStockholderEquity": 26030500000, "netTangibleAssets": -9824200000}], "maxAge": 86400}, "earningsTrend": {"trend": [{"maxAge": 1, "period": "0q", "endDate": null, "growth": {}, "earningsEstimate": {"avg": 0.0, "low": 0.0, "high": 0.0, "yearAgoEps": {}, "numberOfAnalysts": 0, "growth": {}}, "revenueEstimate": {"avg": 0, "low": 0, "high": 0, "numberOfAnalysts": 0, "yearAgoRevenue": {}, "growth": {}}, "epsTrend": {"current": 0.0, "7daysAgo": 0.0, "30daysAgo": 0.0, "60daysAgo": 0.0, "90daysAgo": 0.0}, "epsRevisions": {"upLast7days": 0, "upLast30days": 0, "downLast30days": 0, "downLast90days": {}}}, {"maxAge": 1, "period": "+1q", "endDate": null, "growth": {}, "earningsEstimate": {"avg": 0.0, "low": 0.0, "high": 0.0, "yearAgoEps": {}, "numberOfAnalysts": 0, "growth": {}}, "revenueEstimate": {"avg": 0, "low": 0, "high": 0, "numberOfAnalysts": 0, "yearAgoRevenue": {}, "growth": {}}, "epsTrend": {"current": 0.0, "7daysAgo": 0.0, "30daysAgo": 0.0, "60daysAgo": 0.0, "90daysAgo": 0.0}, "epsRevisions": {"upLast7days": 0, "upLast30days": 0, "downLast30days": 0, "downLast90days": {}}}, {"maxAge": 1, "period": "0y", "endDate": null, "growth": {}, "earningsEstimate": {"avg": 0.0, "low": 0.0, "high": 0.0, "yearAgoEps": {}, "numberOfAnalysts": 0, "growth": {}}, "revenueEstimate": {"avg": 0, "low": 0, "high": 0, "numberOfAnalysts": 0, "yearAgoRevenue": {}, "growth": {}}, "epsTrend": {"current": 0.0, "7daysAgo": 0.0, "30daysAgo": 0.0, "60daysAgo": 0.0, "90daysAgo": 0.0}, "epsRevisions": {"upLast7days": 0, "upLast30days": 0, "downLast30days": 0, "downLast90days": {}}}, {"maxAge": 1, "period": "+1y", "endDate": null, "growth": {}, "earningsEstimate": {"avg": 0.0, "low": 0.0, "high": 0.0, "yearAgoEps": {}, "numberOfAnalysts": 0, "growth": {}}, "revenueEstimate": {"avg": 0, "low": 0, "high": 0, "numberOfAnalysts": 0, "yearAgoRevenue": {}, "growth": {}}, "epsTrend": {"current": 0.0, "7daysAgo": 0.0, "30daysAgo": 0.0, "60daysAgo": 0.0, "90daysAgo": 0.0}, "epsRevisions": {"upLast7days": 0, "upLast30days": 0, "downLast30days": 0, "downLast90days": {}}}, {"maxAge": 1, "period": "+5y", "endDate": null, "growth": 0.19600001, "earningsEstimate": {"avg": {}, "low": {}, "high": {}, "yearAgoEps": {}, "numberOfAnalysts": {}, "growth": {}}, "revenueEstimate": {"avg": {}, "low": {}, "high": {}, "numberOfAnalysts": {}, "yearAgoRevenue": {}, "growth": {}}, "epsTrend": {"current": {}, "7daysAgo": {}, "30daysAgo": {}, "60daysAgo": {}, "90daysAgo": {}}, "epsRevisions": {"upLast7days": {}, "upLast30days": {}, "downLast30days": {}, "downLast90days": {}}}, {"maxAge": 1, "period": "-5y", "endDate": null, "growth": {}, "earningsEstimate": {"avg": {}, "low": {}, "high": {}, "yearAgoEps": {}, "numberOfAnalysts": {}, "growth": {}}, "revenueEstimate": {"avg": {}, "low": {}, "high": {}, "numberOfAnalysts": {}, "yearAgoRevenue": {}, "growth": {}}, "epsTrend": {"current": {}, "7daysAgo": {}, "30daysAgo": {}, "60daysAgo": {}, "90daysAgo": {}}, "epsRevisions": {"upLast7days": {}, "upLast30days": {}, "downLast30days": {}, "downLast90days": {}}}], "maxAge": 1}, "institutionOwnership": {"maxAge": 1, "ownershipList": []}, "majorHoldersBreakdown": {"maxAge": 1, "insidersPercentHeld": 0.13927001, "institutionsPercentHeld": 0.04818, "institutionsFloatPercentHeld": 0.055970002, "institutionsCount": 2}, "balanceSheetHistoryQuarterly": {"balanceSheetStatements": [{"maxAge": 1, "endDate": "2018-03-31", "cash": 16396000000, "shortTermInvestments": 286200000, "netReceivables": 25575500000, "inventory": 155000000, "otherCurrentAssets": 15024300000, "totalCurrentAssets": 57437000000, "longTermInvestments": 1099800000, "propertyPlantEquipment": 19890800000, "goodWill": 24679900000, "intangibleAssets": 4162200000, "otherAssets": 429700000, "deferredLongTermAssetCharges": 200000, "totalAssets": 107699400000, "accountsPayable": 4201900000, "shortLongTermDebt": 40139600000, "otherCurrentLiab": 17949000000, "longTermDebt": 22858400000, "otherLiab": 2523900000, "minorityInterest": 10035400000, "totalCurrentLiabilities": 39454700000, "totalLiab": 64837000000, "commonStock": 882800000, "treasuryStock": 31944200000, "otherStockholderEquity": 31944200000, "totalStockholderEquity": 32827000000, "netTangibleAssets": 3984900000}, {"maxAge": 1, "endDate": "2017-12-31", "shortLongTermDebt": 42030500000, "totalStockholderEquity": 28695500000, "netTangibleAssets": 1191500000}, {"maxAge": 1, "endDate": "2017-09-30", "cash": 14660000000, "shortTermInvestments": 280000000, "netReceivables": 22357100000, "inventory": 267300000, "otherCurrentAssets": 13175900000, "totalCurrentAssets": 50740300000, "longTermInvestments": 1242900000, "propertyPlantEquipment": 18209700000, "goodWill": 23658000000, "intangibleAssets": 3846000000, "otherAssets": 525300000, "totalAssets": 98222200000, "accountsPayable": 3603600000, "shortLongTermDebt": 42030500000, "otherCurrentLiab": 14420000000, "longTermDebt": 26522600000, "otherLiab": 2142900000, "minorityInterest": 7329700000, "totalCurrentLiabilities": 33531500000, "totalLiab": 62197000000, "commonStock": 882800000, "treasuryStock": 27812700000, "otherStockholderEquity": 27812700000, "totalStockholderEquity": 28695500000, "netTangibleAssets": 1191500000}, {"maxAge": 1, "endDate": "2017-06-30", "shortLongTermDebt": 34239100000, "totalStockholderEquity": 25994800000, "netTangibleAssets": 289700000}], "maxAge": 86400}, "earningsHistory": {"history": [{"maxAge": 1, "epsActual": {}, "epsEstimate": {}, "epsDifference": {}, "surprisePercent": {}, "quarter": {}, "period": "-4q"}, {"maxAge": 1, "epsActual": {}, "epsEstimate": {}, "epsDifference": {}, "surprisePercent": {}, "quarter": {}, "period": "-3q"}, {"maxAge": 1, "epsActual": {}, "epsEstimate": {}, "epsDifference": {}, "surprisePercent": {}, "quarter": {}, "period": "-2q"}, {"maxAge": 1, "epsActual": {}, "epsEstimate": {}, "epsDifference": {}, "surprisePercent": {}, "quarter": {}, "period": "-1q"}], "maxAge": 86400}, "summaryProfile": {"address1": "Turner Morrison Building", "address2": "1st Floor 16, Bank Street Fort", "city": "Mumbai", "zip": "400001", "country": "India", "phone": "91 22 2270 9100", "fax": "91 22 6654 5466", "website": "http://www.coxandkings.com", "industry": "Travel Services", "sector": "Consumer Cyclical", "longBusinessSummary": "Cox & Kings Limited provides tours and travel services worldwide. It primarily offers destination management, outbound tourism, business travel, incentive and conference solutions, domestic holidays, NRI, trade fairs, foreign exchange, and insurance services. The company was formerly known as Cox and Kings (India) Limited and changed its name to Cox & Kings Limited in July 2010. Cox & Kings Limited was founded in 1758 and is headquartered in Mumbai, India.", "companyOfficers": [], "maxAge": 86400}, "netSharePurchaseActivity": {"maxAge": 1, "period": "6m", "buyInfoCount": 0, "buyInfoShares": 0, "sellInfoCount": 0, "netInfoCount": 0, "netInfoShares": 0, "netPercentInsiderShares": 0.0, "totalInsiderShares": 24586310}, "sectorTrend": {"maxAge": 1, "symbol": null, "estimates": []}, "incomeStatementHistoryQuarterly": {"incomeStatementHistory": [{"maxAge": 1, "endDate": "2018-03-31", "totalRevenue": 15924800000, "costOfRevenue": 12358500000, "grossProfit": 3566300000, "researchDevelopment": {}, "sellingGeneralAdministrative": {}, "nonRecurring": {}, "otherOperatingExpenses": 2210200000, "totalOperatingExpenses": 14825300000, "operatingIncome": 1099500000, "totalOtherIncomeExpenseNet": -1030000000, "ebit": 1099500000, "interestExpense": -898600000, "incomeBeforeTax": 69500000, "incomeTaxExpense": 524200000, "minorityInterest": 10035400000, "netIncomeFromContinuingOps": -454700000, "discontinuedOperations": {}, "extraordinaryItems": {}, "effectOfAccountingCharges": {}, "otherItems": {}, "netIncome": -381700000, "netIncomeApplicableToCommonShares": -381700000}, {"maxAge": 1, "endDate": "2017-12-31", "totalRevenue": 13560700000, "costOfRevenue": 10618300000, "grossProfit": 2942400000, "researchDevelopment": {}, "sellingGeneralAdministrative": {}, "nonRecurring": {}, "otherOperatingExpenses": 1264300000, "totalOperatingExpenses": 12179800000, "operatingIncome": 1380900000, "totalOtherIncomeExpenseNet": -358500000, "ebit": 1380900000, "interestExpense": -564600000, "incomeBeforeTax": 1022400000, "incomeTaxExpense": 167800000, "minorityInterest": 10035400000, "netIncomeFromContinuingOps": 854600000, "discontinuedOperations": {}, "extraordinaryItems": {}, "effectOfAccountingCharges": {}, "otherItems": {}, "netIncome": 961500000, "netIncomeApplicableToCommonShares": 961500000}, {"maxAge": 1, "endDate": "2017-09-30", "totalRevenue": 15938800000, "costOfRevenue": 11526500000, "grossProfit": 4412300000, "researchDevelopment": {}, "sellingGeneralAdministrative": {}, "nonRecurring": {}, "otherOperatingExpenses": 935100000, "totalOperatingExpenses": 12696700000, "operatingIncome": 3242100000, "totalOtherIncomeExpenseNet": -438300000, "ebit": 3242100000, "interestExpense": -621700000, "incomeBeforeTax": 2803800000, "incomeTaxExpense": 643900000, "minorityInterest": 7329700000, "netIncomeFromContinuingOps": 2159900000, "discontinuedOperations": {}, "extraordinaryItems": {}, "effectOfAccountingCharges": {}, "otherItems": {}, "netIncome": 1669400000, "netIncomeApplicableToCommonShares": 1669400000}, {"maxAge": 1, "endDate": "2017-06-30", "totalRevenue": 19081200000, "costOfRevenue": 14072400000, "grossProfit": 5008800000, "researchDevelopment": {}, "sellingGeneralAdministrative": {}, "nonRecurring": {}, "otherOperatingExpenses": 1277400000, "totalOperatingExpenses": 15549200000, "operatingIncome": 3532000000, "totalOtherIncomeExpenseNet": -766800000, "ebit": 3532000000, "interestExpense": -563500000, "incomeBeforeTax": 2765200000, "incomeTaxExpense": 886100000, "minorityInterest": 7329700000, "netIncomeFromContinuingOps": 1879100000, "discontinuedOperations": {}, "extraordinaryItems": {}, "effectOfAccountingCharges": {}, "otherItems": {}, "netIncome": 1516900000, "netIncomeApplicableToCommonShares": 1516900000}], "maxAge": 86400}, "cashflowStatementHistoryQuarterly": {"cashflowStatements": [{"maxAge": 1, "endDate": "2018-03-31", "netIncome": -381700000, "changeToLiabilities": 0}, {"maxAge": 1, "endDate": "2017-12-31", "netIncome": 961500000, "changeToLiabilities": 0}, {"maxAge": 1, "endDate": "2017-09-30", "netIncome": 1669400000, "changeToLiabilities": 0}, {"maxAge": 1, "endDate": "2017-06-30", "netIncome": 1516900000, "changeToLiabilities": 0}], "maxAge": 86400}, "earnings": {"maxAge": 86400, "earningsChart": {"quarterly": [], "earningsDate": []}, "financialsChart": {"yearly": [{"date": 2015, "revenue": 25691000000, "earnings": 917800000}, {"date": 2016, "revenue": 75053000000, "earnings": 506800000}, {"date": 2017, "revenue": 71762900000, "earnings": 1469600000}, {"date": 2018, "revenue": 64505500000, "earnings": 3766800000}], "quarterly": [{"date": "2Q2017", "revenue": 19081200000, "earnings": 1516900000}, {"date": "3Q2017", "revenue": 15938800000, "earnings": 1669400000}, {"date": "4Q2017", "revenue": 13560700000, "earnings": 961500000}, {"date": "1Q2018", "revenue": 15924800000, "earnings": -381700000}]}, "financialCurrency": "INR"}, "financialData": {"maxAge": 86400, "currentPrice": 1.1, "targetHighPrice": 265.0, "targetLowPrice": 220.0, "targetMeanPrice": 244.01, "targetMedianPrice": 245.0, "recommendationKey": "none", "numberOfAnalystOpinions": 5, "totalCash": 266600000, "totalCashPerShare": 1.51, "ebitda": -2411699968, "totalDebt": 55321600000, "quickRatio": 0.012, "currentRatio": 0.039, "totalRevenue": 7813600256, "revenuePerShare": 44.254, "returnOnAssets": -0.03211, "grossProfits": 15929800000, "freeCashflow": 48079724544, "operatingCashflow": -3368699904, "revenueGrowth": -0.996, "grossMargins": -0.1305, "ebitdaMargins": -0.30865, "operatingMargins": -0.31617, "profitMargins": 0.0, "financialCurrency": "INR"}}}