{"CPL.BO": {"recommendationTrend": {"trend": [{"period": "0m", "strongBuy": 0, "buy": 0, "hold": 0, "sell": 0, "strongSell": 0}, {"period": "-1m", "strongBuy": 0, "buy": 0, "hold": 0, "sell": 0, "strongSell": 0}, {"period": "-2m", "strongBuy": 0, "buy": 0, "hold": 0, "sell": 0, "strongSell": 0}, {"period": "-3m", "strongBuy": 0, "buy": 0, "hold": 0, "sell": 0, "strongSell": 0}], "maxAge": 86400}, "cashflowStatementHistory": {"cashflowStatements": [{"maxAge": 1, "endDate": "2020-03-31", "netIncome": 125982820, "depreciation": 42155687, "changeToNetincome": 77053241, "changeToAccountReceivables": -44854883, "changeToLiabilities": 0, "changeToInventory": -36053138, "changeToOperatingActivities": -198430507, "totalCashFromOperatingActivities": -34146780, "capitalExpenditures": -18687780, "investments": -96302, "otherCashflowsFromInvestingActivities": 30794520, "totalCashflowsFromInvestingActivities": 12024210, "dividendsPaid": -2429372, "netBorrowings": 140907711, "otherCashflowsFromFinancingActivities": -101007514, "totalCashFromFinancingActivities": 37470825, "changeInCash": 15348254}, {"maxAge": 1, "endDate": "2019-03-31", "netIncome": 71991222, "depreciation": 18029055, "changeToNetincome": 55638584, "changeToAccountReceivables": -384446464, "changeToLiabilities": 0, "changeToInventory": -80650531, "changeToOperatingActivities": 256499811, "totalCashFromOperatingActivities": -62938323, "capitalExpenditures": -90772862, "investments": -1474757, "otherCashflowsFromInvestingActivities": 10432256, "totalCashflowsFromInvestingActivities": -81815363, "dividendsPaid": -2015152, "netBorrowings": 225506994, "otherCashflowsFromFinancingActivities": -73943665, "totalCashFromFinancingActivities": 149548177, "changeInCash": 4794491}, {"maxAge": 1, "endDate": "2018-03-31", "netIncome": 54995115, "depreciation": 19817537, "changeToNetincome": 39433327, "changeToAccountReceivables": -7230455, "changeToLiabilities": -65360070, "changeToInventory": 9575886, "changeToOperatingActivities": -201064235, "totalCashFromOperatingActivities": -84472825, "capitalExpenditures": -17945038, "investments": 2600593, "otherCashflowsFromInvestingActivities": 15168981, "totalCashflowsFromInvestingActivities": -148304, "dividendsPaid": -2015152, "netBorrowings": 119977557, "otherCashflowsFromFinancingActivities": -59650775, "totalCashFromFinancingActivities": 58311630, "changeInCash": -26309498}, {"maxAge": 1, "endDate": "2017-03-31", "netIncome": 49561106, "depreciation": 21271210, "changeToNetincome": 54796571, "changeToAccountReceivables": 4500294, "changeToLiabilities": -25396557, "changeToInventory": -8560477, "changeToOperatingActivities": 1336938, "totalCashFromOperatingActivities": 97509085, "capitalExpenditures": -9215701, "investments": -29755138, "otherCashflowsFromInvestingActivities": 4436933, "totalCashflowsFromInvestingActivities": -34533906, "dividendsPaid": -2015154, "netBorrowings": -10492851, "otherCashflowsFromFinancingActivities": -63996314, "totalCashFromFinancingActivities": -76504319, "changeInCash": -13529140}], "maxAge": 86400}, "institutionOwnership": {"ownershipList": [], "maxAge": 1}, "balanceSheetHistoryQuarterly": {"balanceSheetStatements": [{"maxAge": 1, "endDate": "2020-06-30", "totalStockholderEquity": 530040000, "netTangibleAssets": 530040000}, {"maxAge": 1, "endDate": "2020-03-31", "cash": 32494836, "netReceivables": 1323927593, "inventory": 326244588, "otherCurrentAssets": 138022010, "totalCurrentAssets": 1824997282, "longTermInvestments": 48433104, "propertyPlantEquipment": 185959930, "otherAssets": 52668251, "deferredLongTermAssetCharges": 2402339, "totalAssets": 2112058567, "accountsPayable": 666589887, "shortLongTermDebt": 30956800, "otherCurrentLiab": 129606355, "longTermDebt": 88030700, "otherLiab": 1763866, "totalCurrentLiabilities": 1473280264, "totalLiab": 1582018456, "commonStock": 100757580, "retainedEarnings": 423953782, "treasuryStock": -8148921, "capitalSurplus": 13477670, "otherStockholderEquity": -8148921, "totalStockholderEquity": 530040111, "netTangibleAssets": 530040111}, {"maxAge": 1, "endDate": "2019-12-31", "totalStockholderEquity": 453559000, "netTangibleAssets": 453559000}, {"maxAge": 1, "endDate": "2019-09-30", "cash": 29196000, "netReceivables": 1114733000, "inventory": 321518000, "otherCurrentAssets": 259147000, "totalCurrentAssets": 1724594000, "longTermInvestments": 47648000, "propertyPlantEquipment": 200011000, "otherAssets": 53127000, "deferredLongTermAssetCharges": 165000, "totalAssets": 2025380000, "accountsPayable": 503357000, "shortLongTermDebt": 76723000, "otherCurrentLiab": 241794000, "longTermDebt": 69990000, "otherLiab": 26297000, "deferredLongTermLiab": 188000, "totalCurrentLiabilities": 1475534000, "totalLiab": 1571821000, "commonStock": 100758000, "treasuryStock": 352801000, "otherStockholderEquity": 352801000, "totalStockholderEquity": 453559000, "netTangibleAssets": 453559000}], "maxAge": 86400}, "earningsHistory": {"history": [{"maxAge": 1, "epsActual": {}, "epsEstimate": {}, "epsDifference": {}, "surprisePercent": {}, "quarter": {}, "period": "-4q"}, {"maxAge": 1, "epsActual": {}, "epsEstimate": {}, "epsDifference": {}, "surprisePercent": {}, "quarter": {}, "period": "-3q"}, {"maxAge": 1, "epsActual": {}, "epsEstimate": {}, "epsDifference": {}, "surprisePercent": {}, "quarter": {}, "period": "-2q"}, {"maxAge": 1, "epsActual": {}, "epsEstimate": {}, "epsDifference": {}, "surprisePercent": {}, "quarter": {}, "period": "-1q"}], "maxAge": 86400}, "indexTrend": {"maxAge": 1, "symbol": "SP5", "peRatio": 19.7411, "pegRatio": 1.34172, "estimates": [{"period": "0q", "growth": 0.549}, {"period": "+1q", "growth": 0.431}, {"period": "0y", "growth": 0.305}, {"period": "+1y", "growth": 0.109}, {"period": "+5y", "growth": 0.120859005}, {"period": "-5y"}]}, "industryTrend": {"maxAge": 1, "symbol": null, "estimates": []}, "insiderTransactions": {"transactions": [{"maxAge": 1, "shares": 13297, "filerUrl": "", "transactionText": "", "filerName": "Pansuriya (Rakesh J)", "filerRelation": "Promoter", "moneyText": "", "startDate": "2019-12-06", "ownership": "D"}, {"maxAge": 1, "shares": 72286, "filerUrl": "", "transactionText": "", "filerName": "Pansuriya (Rakesh J)", "filerRelation": "Promoter", "moneyText": "", "startDate": "2019-12-04", "ownership": "D"}, {"maxAge": 1, "shares": 8684, "filerUrl": "", "transactionText": "", "filerName": "Pansuriya (Rakesh J)", "filerRelation": "Promoter", "moneyText": "", "startDate": "2019-12-03", "ownership": "D"}, {"maxAge": 1, "shares": 55000, "filerUrl": "", "transactionText": "", "filerName": "Pansuriya (Rakesh J)", "filerRelation": "Promoter", "moneyText": "", "startDate": "2019-12-02", "ownership": "D"}, {"maxAge": 1, "shares": 13121, "filerUrl": "", "transactionText": "", "filerName": "Pansuriya (Rakesh J)", "filerRelation": "Promoter", "moneyText": "", "startDate": "2019-11-26", "ownership": "D"}, {"maxAge": 1, "shares": 45488, "filerUrl": "", "transactionText": "", "filerName": "Pansuriya (Rakesh J)", "filerRelation": "Promoter", "moneyText": "", "startDate": "2019-11-25", "ownership": "D"}], "maxAge": 1}, "quoteType": {"exchange": "BSE", "quoteType": "EQUITY", "symbol": "CPL.BO", "underlyingSymbol": "CPL.BO", "shortName": "CAPTAIN POLYPLAST LTD", "longName": "Captain Polyplast Limited", "firstTradeDateEpochUtc": "2013-12-11 09:15:00", "timeZoneFullName": "Asia/Kolkata", "timeZoneShortName": "IST", "uuid": "59d18b08-0a56-3dcc-ba51-7b4e820c7edb", "gmtOffSetMilliseconds": 19800000, "maxAge": 1}, "incomeStatementHistory": {"incomeStatementHistory": [{"maxAge": 1, "endDate": "2020-03-31", "totalRevenue": 1863891199, "costOfRevenue": 1133008890, "grossProfit": 730882309, "researchDevelopment": {}, "sellingGeneralAdministrative": 260746184, "nonRecurring": {}, "otherOperatingExpenses": 185863435, "totalOperatingExpenses": 1621774196, "operatingIncome": 242117003, "totalOtherIncomeExpenseNet": -69812537, "ebit": 242117003, "interestExpense": -87319579, "incomeBeforeTax": 172304466, "incomeTaxExpense": 46321646, "minorityInterest": {}, "netIncomeFromContinuingOps": 125982820, "discontinuedOperations": {}, "extraordinaryItems": {}, "effectOfAccountingCharges": {}, "otherItems": {}, "netIncome": 125982820, "netIncomeApplicableToCommonShares": 125982820}, {"maxAge": 1, "endDate": "2019-03-31", "totalRevenue": 1493009582, "costOfRevenue": 942050200, "grossProfit": 550959382, "researchDevelopment": {}, "sellingGeneralAdministrative": 207448084, "nonRecurring": {}, "otherOperatingExpenses": 163673391, "totalOperatingExpenses": 1331200730, "operatingIncome": 161808852, "totalOtherIncomeExpenseNet": -63220373, "ebit": 161808852, "interestExpense": -61861145, "incomeBeforeTax": 98588479, "incomeTaxExpense": 26597257, "minorityInterest": {}, "netIncomeFromContinuingOps": 71991222, "discontinuedOperations": {}, "extraordinaryItems": {}, "effectOfAccountingCharges": {}, "otherItems": {}, "netIncome": 71991222, "netIncomeApplicableToCommonShares": 71991222}, {"maxAge": 1, "endDate": "2018-03-31", "totalRevenue": 1245822061, "costOfRevenue": 797987255, "grossProfit": 447834806, "researchDevelopment": {}, "sellingGeneralAdministrative": 141785153, "nonRecurring": {}, "otherOperatingExpenses": 158511349, "totalOperatingExpenses": 1118101294, "operatingIncome": 127720767, "totalOtherIncomeExpenseNet": -43811535, "ebit": 127720767, "interestExpense": -47512871, "incomeBeforeTax": 83909232, "incomeTaxExpense": 28914117, "minorityInterest": {}, "netIncomeFromContinuingOps": 54995115, "discontinuedOperations": {}, "extraordinaryItems": {}, "effectOfAccountingCharges": {}, "otherItems": {}, "netIncome": 54995115, "netIncomeApplicableToCommonShares": 54995115}, {"maxAge": 1, "endDate": "2017-03-31", "totalRevenue": 1147802017, "costOfRevenue": 722146657, "grossProfit": 425655360, "researchDevelopment": {}, "sellingGeneralAdministrative": 157704271, "nonRecurring": {}, "otherOperatingExpenses": 111311632, "totalOperatingExpenses": 1012433770, "operatingIncome": 135368247, "totalOtherIncomeExpenseNet": -59456007, "ebit": 135368247, "interestExpense": -51589066, "incomeBeforeTax": 75912240, "incomeTaxExpense": 26351134, "minorityInterest": {}, "netIncomeFromContinuingOps": 49561106, "discontinuedOperations": {}, "extraordinaryItems": {}, "effectOfAccountingCharges": {}, "otherItems": {}, "netIncome": 49561106, "netIncomeApplicableToCommonShares": 49561106}], "maxAge": 86400}, "fundOwnership": {"ownershipList": [], "maxAge": 1}, "summaryDetail": {"maxAge": 1, "priceHint": 2, "previousClose": 40.5, "open": 37.6, "dayLow": 37.6, "dayHigh": 40.65, "regularMarketPreviousClose": 40.5, "regularMarketOpen": 37.6, "regularMarketDayLow": 37.6, "regularMarketDayHigh": 40.65, "trailingPE": 14.314739, "volume": 16406, "regularMarketVolume": 16406, "averageVolume": 61462, "averageVolume10days": 68641, "averageDailyVolume10Day": 68641, "bid": 38.75, "ask": 39.4, "bidSize": 0, "askSize": 0, "marketCap": 1952178560, "fiftyTwoWeekLow": 20.6, "fiftyTwoWeekHigh": 45.4, "fiftyDayAverage": 37.99697, "twoHundredDayAverage": 34.065807, "trailingAnnualDividendRate": 0.04, "trailingAnnualDividendYield": 0.0009876543, "currency": "INR", "fromCurrency": null, "lastMarket": null, "algorithm": null, "tradeable": false}, "sectorTrend": {"maxAge": 1, "symbol": null, "estimates": []}, "incomeStatementHistoryQuarterly": {"incomeStatementHistory": [{"maxAge": 1, "endDate": "2020-06-30", "totalRevenue": 372879000, "costOfRevenue": 236500000, "grossProfit": 136379000, "researchDevelopment": {}, "sellingGeneralAdministrative": 24881000, "nonRecurring": {}, "otherOperatingExpenses": 40821000, "totalOperatingExpenses": 311648000, "operatingIncome": 61231000, "totalOtherIncomeExpenseNet": -20602000, "ebit": 61231000, "interestExpense": -23042000, "incomeBeforeTax": 40629000, "incomeTaxExpense": 10733000, "minorityInterest": {}, "netIncomeFromContinuingOps": 29896000, "discontinuedOperations": {}, "extraordinaryItems": {}, "effectOfAccountingCharges": {}, "otherItems": {}, "netIncome": 29896000, "netIncomeApplicableToCommonShares": 29896000}, {"maxAge": 1, "endDate": "2020-03-31", "totalRevenue": 495509199, "costOfRevenue": 288749890, "grossProfit": 206759309, "researchDevelopment": {}, "sellingGeneralAdministrative": 180889184, "nonRecurring": {}, "otherOperatingExpenses": -48091565, "totalOperatingExpenses": 432259196, "operatingIncome": 63250003, "totalOtherIncomeExpenseNet": -23364537, "ebit": 63250003, "interestExpense": -15137579, "incomeBeforeTax": 39885466, "incomeTaxExpense": 10326646, "minorityInterest": {}, "netIncomeFromContinuingOps": 29558820, "discontinuedOperations": {}, "extraordinaryItems": {}, "effectOfAccountingCharges": {}, "otherItems": {}, "netIncome": 29558820, "netIncomeApplicableToCommonShares": 29558820}, {"maxAge": 1, "endDate": "2019-12-31", "totalRevenue": 587709000, "costOfRevenue": 360110000, "grossProfit": 227599000, "researchDevelopment": {}, "sellingGeneralAdministrative": 27431000, "nonRecurring": {}, "otherOperatingExpenses": 109391000, "totalOperatingExpenses": 507548000, "operatingIncome": 80161000, "totalOtherIncomeExpenseNet": -18134000, "ebit": 80161000, "interestExpense": -24753000, "incomeBeforeTax": 62027000, "incomeTaxExpense": 14711000, "minorityInterest": {}, "netIncomeFromContinuingOps": 47316000, "discontinuedOperations": {}, "extraordinaryItems": {}, "effectOfAccountingCharges": {}, "otherItems": {}, "netIncome": 47316000, "netIncomeApplicableToCommonShares": 47316000}, {"maxAge": 1, "endDate": "2019-09-30", "totalRevenue": 408157000, "costOfRevenue": 232157000, "grossProfit": 176000000, "researchDevelopment": {}, "sellingGeneralAdministrative": 27571000, "nonRecurring": {}, "otherOperatingExpenses": 83553000, "totalOperatingExpenses": 353756000, "operatingIncome": 54401000, "totalOtherIncomeExpenseNet": -11215000, "ebit": 54401000, "interestExpense": -23706000, "incomeBeforeTax": 43186000, "incomeTaxExpense": 13467000, "minorityInterest": {}, "netIncomeFromContinuingOps": 29719000, "discontinuedOperations": {}, "extraordinaryItems": {}, "effectOfAccountingCharges": {}, "otherItems": {}, "netIncome": 29719000, "netIncomeApplicableToCommonShares": 29719000}], "maxAge": 86400}, "cashflowStatementHistoryQuarterly": {"cashflowStatements": [{"maxAge": 1, "endDate": "2020-06-30", "netIncome": 29896000, "changeToLiabilities": 0}, {"maxAge": 1, "endDate": "2020-03-31", "netIncome": 29558820, "changeToLiabilities": 0}, {"maxAge": 1, "endDate": "2019-12-31", "netIncome": 47316000, "changeToLiabilities": 0}, {"maxAge": 1, "endDate": "2019-09-30", "netIncome": 29719000, "changeToLiabilities": 0}], "maxAge": 86400}, "insiderHolders": {"holders": [{"maxAge": 1, "name": "Pansuriya (Rakesh J)", "relation": "Promoter", "url": "", "transactionDescription": "Acquisition", "latestTransDate": "2019-12-06", "positionDirect": 423876, "positionDirectDate": "2019-12-06"}], "maxAge": 1}, "earnings": {"maxAge": 86400, "earningsChart": {"quarterly": [], "earningsDate": ["2020-08-10 05:30:S"]}, "financialsChart": {"yearly": [{"date": 2017, "revenue": 1147802017, "earnings": 49561106}, {"date": 2018, "revenue": 1245822061, "earnings": 54995115}, {"date": 2019, "revenue": 1493009582, "earnings": 71991222}, {"date": 2020, "revenue": 1863891199, "earnings": 125982820}], "quarterly": [{"date": "3Q2019", "revenue": 408157000, "earnings": 29719000}, {"date": "4Q2019", "revenue": 587709000, "earnings": 47316000}, {"date": "1Q2020", "revenue": 495509199, "earnings": 29558820}, {"date": "2Q2020", "revenue": 372879000, "earnings": 29896000}]}, "financialCurrency": "INR"}, "calendarEvents": {"maxAge": 1, "earnings": {"earningsDate": ["2020-08-10 05:30:S"]}}, "upgradeDowngradeHistory": {"history": [], "maxAge": 86400}, "price": {"maxAge": 1, "regularMarketChangePercent": -0.043209877, "regularMarketChange": -1.75, "regularMarketTime": "2021-04-30 15:29:56", "priceHint": 2, "regularMarketPrice": 38.75, "regularMarketDayHigh": 40.65, "regularMarketDayLow": 37.6, "regularMarketVolume": 16406, "averageDailyVolume10Day": 68641, "averageDailyVolume3Month": 61462, "regularMarketPreviousClose": 40.5, "regularMarketSource": "FREE_REALTIME", "regularMarketOpen": 37.6, "exchange": "BSE", "exchangeName": "BSE", "exchangeDataDelayedBy": 0, "marketState": "CLOSED", "quoteType": "EQUITY", "symbol": "CPL.BO", "underlyingSymbol": null, "shortName": "CAPTAIN POLYPLAST LTD", "longName": "Captain Polyplast Limited", "currency": "INR", "quoteSourceName": "Delayed Quote", "currencySymbol": "\u20b9", "fromCurrency": null, "lastMarket": null, "marketCap": 1952178560}, "balanceSheetHistory": {"balanceSheetStatements": [{"maxAge": 1, "endDate": "2020-03-31", "cash": 32494836, "netReceivables": 1323927593, "inventory": 326244588, "otherCurrentAssets": 138022010, "totalCurrentAssets": 1824997282, "longTermInvestments": 48433104, "propertyPlantEquipment": 185959930, "otherAssets": 52668251, "deferredLongTermAssetCharges": 2402339, "totalAssets": 2112058567, "accountsPayable": 666589887, "shortLongTermDebt": 30956800, "otherCurrentLiab": 129606355, "longTermDebt": 88030700, "otherLiab": 1763866, "totalCurrentLiabilities": 1473280264, "totalLiab": 1582018456, "commonStock": 100757580, "retainedEarnings": 423953782, "treasuryStock": -8148921, "capitalSurplus": 13477670, "otherStockholderEquity": -8148921, "totalStockholderEquity": 530040111, "netTangibleAssets": 530040111}, {"maxAge": 1, "endDate": "2019-03-31", "cash": 17146582, "netReceivables": 1075445788, "inventory": 290191450, "otherCurrentAssets": 115003970, "totalCurrentAssets": 1501564360, "longTermInvestments": 48336802, "propertyPlantEquipment": 179588007, "otherAssets": 51161911, "deferredLongTermAssetCharges": 708714, "totalAssets": 1780651080, "accountsPayable": 453328123, "shortLongTermDebt": 66177307, "otherCurrentLiab": 267413344, "longTermDebt": 70275088, "otherLiab": 1763866, "deferredLongTermLiab": 187837, "totalCurrentLiabilities": 1302759071, "totalLiab": 1374798025, "commonStock": 100757580, "retainedEarnings": 300400336, "treasuryStock": -8782531, "capitalSurplus": 13477670, "otherStockholderEquity": -8782531, "totalStockholderEquity": 405853055, "netTangibleAssets": 405853055}, {"maxAge": 1, "endDate": "2018-03-31", "cash": 12352091, "netReceivables": 599827211, "inventory": 209540919, "otherCurrentAssets": 63882579, "totalCurrentAssets": 891350455, "longTermInvestments": 46862045, "propertyPlantEquipment": 106844200, "otherAssets": 46583066, "totalAssets": 1091639766, "accountsPayable": 280172421, "shortLongTermDebt": 8067387, "otherCurrentLiab": 113118397, "longTermDebt": 28510090, "otherLiab": 2467347, "deferredLongTermLiab": 375673, "totalCurrentLiabilities": 724989436, "totalLiab": 755966873, "commonStock": 100757580, "retainedEarnings": 230838486, "treasuryStock": -9400843, "capitalSurplus": 13477670, "otherStockholderEquity": -9400843, "totalStockholderEquity": 335672893, "netTangibleAssets": 335672893}, {"maxAge": 1, "endDate": "2017-03-31", "cash": 38661589, "netReceivables": 511297431, "inventory": 219116805, "otherCurrentAssets": 40360735, "totalCurrentAssets": 818268891, "longTermInvestments": 49462638, "propertyPlantEquipment": 108716699, "otherAssets": 35886663, "totalAssets": 1012334891, "accountsPayable": 369089942, "shortLongTermDebt": 21059730, "otherCurrentLiab": 102562442, "longTermDebt": 33709661, "otherLiab": 3687280, "deferredLongTermLiab": 1383645, "totalCurrentLiabilities": 684532174, "totalLiab": 721929115, "commonStock": 100757580, "retainedEarnings": 178276966, "treasuryStock": -2106440, "capitalSurplus": 13477670, "otherStockholderEquity": -2106440, "totalStockholderEquity": 290405776, "netTangibleAssets": 290405776}], "maxAge": 86400}, "earningsTrend": {"trend": [{"maxAge": 1, "period": "0q", "endDate": null, "growth": {}, "earningsEstimate": {"avg": 0.0, "low": 0.0, "high": 0.0, "yearAgoEps": {}, "numberOfAnalysts": 0, "growth": {}}, "revenueEstimate": {"avg": 0, "low": 0, "high": 0, "numberOfAnalysts": 0, "yearAgoRevenue": {}, "growth": {}}, "epsTrend": {"current": 0.0, "7daysAgo": 0.0, "30daysAgo": 0.0, "60daysAgo": 0.0, "90daysAgo": 0.0}, "epsRevisions": {"upLast7days": 0, "upLast30days": 0, "downLast30days": 0, "downLast90days": {}}}, {"maxAge": 1, "period": "+1q", "endDate": null, "growth": {}, "earningsEstimate": {"avg": 0.0, "low": 0.0, "high": 0.0, "yearAgoEps": {}, "numberOfAnalysts": 0, "growth": {}}, "revenueEstimate": {"avg": 0, "low": 0, "high": 0, "numberOfAnalysts": 0, "yearAgoRevenue": {}, "growth": {}}, "epsTrend": {"current": 0.0, "7daysAgo": 0.0, "30daysAgo": 0.0, "60daysAgo": 0.0, "90daysAgo": 0.0}, "epsRevisions": {"upLast7days": 0, "upLast30days": 0, "downLast30days": 0, "downLast90days": {}}}, {"maxAge": 1, "period": "0y", "endDate": null, "growth": {}, "earningsEstimate": {"avg": 0.0, "low": 0.0, "high": 0.0, "yearAgoEps": {}, "numberOfAnalysts": 0, "growth": {}}, "revenueEstimate": {"avg": 0, "low": 0, "high": 0, "numberOfAnalysts": 0, "yearAgoRevenue": {}, "growth": {}}, "epsTrend": {"current": 0.0, "7daysAgo": 0.0, "30daysAgo": 0.0, "60daysAgo": 0.0, "90daysAgo": 0.0}, "epsRevisions": {"upLast7days": 0, "upLast30days": 0, "downLast30days": 0, "downLast90days": {}}}, {"maxAge": 1, "period": "+1y", "endDate": null, "growth": {}, "earningsEstimate": {"avg": 0.0, "low": 0.0, "high": 0.0, "yearAgoEps": {}, "numberOfAnalysts": 0, "growth": {}}, "revenueEstimate": {"avg": 0, "low": 0, "high": 0, "numberOfAnalysts": 0, "yearAgoRevenue": {}, "growth": {}}, "epsTrend": {"current": 0.0, "7daysAgo": 0.0, "30daysAgo": 0.0, "60daysAgo": 0.0, "90daysAgo": 0.0}, "epsRevisions": {"upLast7days": 0, "upLast30days": 0, "downLast30days": 0, "downLast90days": {}}}, {"maxAge": 1, "period": "+5y", "endDate": null, "growth": {}, "earningsEstimate": {"avg": {}, "low": {}, "high": {}, "yearAgoEps": {}, "numberOfAnalysts": {}, "growth": {}}, "revenueEstimate": {"avg": {}, "low": {}, "high": {}, "numberOfAnalysts": {}, "yearAgoRevenue": {}, "growth": {}}, "epsTrend": {"current": {}, "7daysAgo": {}, "30daysAgo": {}, "60daysAgo": {}, "90daysAgo": {}}, "epsRevisions": {"upLast7days": {}, "upLast30days": {}, "downLast30days": {}, "downLast90days": {}}}, {"maxAge": 1, "period": "-5y", "endDate": null, "growth": {}, "earningsEstimate": {"avg": {}, "low": {}, "high": {}, "yearAgoEps": {}, "numberOfAnalysts": {}, "growth": {}}, "revenueEstimate": {"avg": {}, "low": {}, "high": {}, "numberOfAnalysts": {}, "yearAgoRevenue": {}, "growth": {}}, "epsTrend": {"current": {}, "7daysAgo": {}, "30daysAgo": {}, "60daysAgo": {}, "90daysAgo": {}}, "epsRevisions": {"upLast7days": {}, "upLast30days": {}, "downLast30days": {}, "downLast90days": {}}}], "maxAge": 1}, "financialData": {"maxAge": 86400, "currentPrice": 38.75, "recommendationKey": "none", "grossProfits": 730882309, "financialCurrency": "INR"}}}