{"CRAFTSMAN.NS": {"assetProfile": {"address1": "123/4, Sangothipalayam Road", "address2": "Arasur Post 1078, Avinashi Road", "city": "Coimbatore", "zip": "641407", "country": "India", "phone": "91 42 2302 1000", "fax": "91 42 2716 1234", "website": "http://www.craftsmanautomation.com", "industry": "Auto Parts", "sector": "Consumer Cyclical", "longBusinessSummary": "Craftsman Automation Limited, an engineering company, designs, develops, manufactures and supplies precision components. Its automotive powertrain and others segment products include engine parts, such as cylinder block and cylinder head, camshafts, transmission parts, gear box housings, turbo charges, and bearing caps. The company's automotive aluminum products segment include engine parts, such as crank case, crank case covers, wheel hubs and drums, headlamp housing, engine cradle, clutch covers, oil sump, cylinder head covers, and steering column and chassis parts. Its industrial and engineering segment products include aluminum products for power transmission, high-end precision products and sub-assembly, locomotive components and assembly, material handling, storage solutions, gear and gear boxes, SPM, and tool room, molds base, and sheet metal. The company also offers stationary racking for warehouses, V-store, roll form products, and automated storage and retrieval systems; transmission and housing components for elevators, metro transportation, compressor manufacturers, printing machines, automobiles, and steel rolling mills; metal cutting machines, drilling machines, and milling machines, as well as leak testing machines, nut runners, industrial washing machines, and supply conveyors to automobile companies; and machining for railway bogeys, air conditioned coach panels, mold bases, plastic molding tools, dies, sheet metal casings, and housings for engineering, urban transportation, and automotive industries. It serves original equipment manufacturers producing commercial vehicles, special utility vehicle, tractors, and off-highway vehicles. The company also exports its products. The company was founded in 1986 and is based in Coimbatore, India. It has location in Chennai, Pune, Indore, Jamshedpur, Faridabad, and Bangalore.", "fullTimeEmployees": 1632, "companyOfficers": [{"maxAge": 1, "name": "Mr. Srinivasan  Ravi", "age": 56, "title": "Chairman & MD", "yearBorn": 1964, "exercisedValue": 0, "unexercisedValue": 0}, {"maxAge": 1, "name": "Mr. Sivakumar  Gopalan BCom, CA", "age": 60, "title": "Chief Financial Officer", "yearBorn": 1960, "exercisedValue": 0, "unexercisedValue": 0}, {"maxAge": 1, "name": "Mr. Thiyagaraj  Damodharaswamy", "age": 46, "title": "Chief Operating Officer", "yearBorn": 1974, "exercisedValue": 0, "unexercisedValue": 0}, {"maxAge": 1, "name": "R.  Mohanakrishnan", "age": 55, "title": "VP of Admn & HRD", "yearBorn": 1965, "exercisedValue": 0, "unexercisedValue": 0}, {"maxAge": 1, "name": "Mr. Shainshad  Aduvanni", "title": "Company Sec. & Compliance Officer", "exercisedValue": 0, "unexercisedValue": 0}, {"maxAge": 1, "name": "Mr. Ravi  Gauthamram", "age": 31, "title": "Whole-Time Director", "yearBorn": 1989, "exercisedValue": 0, "unexercisedValue": 0}, {"maxAge": 1, "name": "Mr. Chandramohan  Natarajan", "title": "Whole Time Director and Pres of Bus. Devel., Industrial & Engineering Product", "exercisedValue": 0, "unexercisedValue": 0}, {"maxAge": 1, "name": "R. Vinod Shankar", "age": 51, "title": "Pres of Bus. Devel.", "yearBorn": 1969, "exercisedValue": 0, "unexercisedValue": 0}], "maxAge": 86400}, "cashflowStatementHistory": {"cashflowStatements": [{"maxAge": 1, "endDate": "2020-03-31", "netIncome": 410730000, "depreciation": 1912490000, "changeToNetincome": 1137140000, "changeToAccountReceivables": 189790000, "changeToLiabilities": -483970000, "changeToInventory": -23070000, "changeToOperatingActivities": -143930000, "totalCashFromOperatingActivities": 3053700000, "capitalExpenditures": -1386910000, "investments": -2090000, "otherCashflowsFromInvestingActivities": 21630000, "totalCashflowsFromInvestingActivities": -1370650000, "dividendsPaid": -60640000, "netBorrowings": 167610000, "otherCashflowsFromFinancingActivities": -1386290000, "totalCashFromFinancingActivities": -1279320000, "effectOfExchangeRate": 830000, "changeInCash": 404560000}, {"maxAge": 1, "endDate": "2019-03-31", "netIncome": 973670000, "depreciation": 1708300000, "changeToNetincome": 1180570000, "changeToAccountReceivables": -56400000, "changeToLiabilities": -283890000, "changeToInventory": -228470000, "changeToOperatingActivities": 237340000, "totalCashFromOperatingActivities": 3600040000, "capitalExpenditures": -3558070000, "investments": -390000, "otherCashflowsFromInvestingActivities": 20930000, "totalCashflowsFromInvestingActivities": -3584090000, "dividendsPaid": -12100000, "netBorrowings": 1127250000, "otherCashflowsFromFinancingActivities": -1297490000, "totalCashFromFinancingActivities": -182340000, "effectOfExchangeRate": -990000, "changeInCash": -167380000}, {"maxAge": 1, "endDate": "2018-03-31", "netIncome": 315340000, "depreciation": 1441930000, "changeToNetincome": 813480000, "changeToAccountReceivables": -274680000, "changeToLiabilities": 614230000, "changeToInventory": -721460000, "changeToOperatingActivities": 580600000, "totalCashFromOperatingActivities": 2826990000, "capitalExpenditures": -2038630000, "investments": -11510000, "otherCashflowsFromInvestingActivities": 22500000, "totalCashflowsFromInvestingActivities": -2107400000, "dividendsPaid": -6960000, "netBorrowings": 536990000, "otherCashflowsFromFinancingActivities": -1133150000, "totalCashFromFinancingActivities": -603120000, "effectOfExchangeRate": 3650000, "changeInCash": 120120000}, {"maxAge": 1, "endDate": "2017-03-31", "netIncome": 797400000, "depreciation": 1094600000, "changeToNetincome": 375700000, "changeToAccountReceivables": -792900000, "changeToLiabilities": 1497400000, "changeToInventory": -440600000, "changeToOperatingActivities": 580600000, "totalCashFromOperatingActivities": 2568900000, "capitalExpenditures": -3133500000, "investments": -11510000, "otherCashflowsFromInvestingActivities": 18200000, "totalCashflowsFromInvestingActivities": -3192500000, "dividendsPaid": -6900000, "netBorrowings": 1681800000, "otherCashflowsFromFinancingActivities": -892900000, "totalCashFromFinancingActivities": 782000000, "effectOfExchangeRate": -900000, "changeInCash": 157500000}], "maxAge": 86400}, "institutionOwnership": {"ownershipList": [], "maxAge": 1}, "majorHoldersBreakdown": {"maxAge": 1, "insidersPercentHeld": 0.0, "institutionsPercentHeld": 0.061189998, "institutionsFloatPercentHeld": 0.061189998, "institutionsCount": 7}, "balanceSheetHistoryQuarterly": {"balanceSheetStatements": [{"maxAge": 1, "endDate": "2020-09-30", "cash": 387640000, "netReceivables": 1869070000, "inventory": 2999650000, "otherCurrentAssets": 424310000, "totalCurrentAssets": 5853660000, "longTermInvestments": 37530000, "propertyPlantEquipment": 15430150000, "intangibleAssets": 83860000, "otherAssets": 276650000, "totalAssets": 21681850000, "accountsPayable": 2107330000, "shortLongTermDebt": 1886440000, "otherCurrentLiab": 606500000, "longTermDebt": 6143230000, "otherLiab": 371890000, "totalCurrentLiabilities": 7042490000, "totalLiab": 14436870000, "commonStock": 100610000, "retainedEarnings": 5922630000, "treasuryStock": -157790000, "capitalSurplus": 1379530000, "otherStockholderEquity": -157790000, "totalStockholderEquity": 7244980000, "netTangibleAssets": 7161120000}, {"maxAge": 1, "endDate": "2020-06-30", "cash": 387640000, "netReceivables": 1869070000, "inventory": 2999650000, "otherCurrentAssets": 424310000, "totalCurrentAssets": 5853660000, "longTermInvestments": 37530000, "propertyPlantEquipment": 15430150000, "intangibleAssets": 83860000, "otherAssets": 276650000, "totalAssets": 21681850000, "accountsPayable": 2107330000, "shortLongTermDebt": 1886440000, "otherCurrentLiab": 606500000, "longTermDebt": 6143230000, "otherLiab": 371890000, "totalCurrentLiabilities": 7042490000, "totalLiab": 14436870000, "commonStock": 100610000, "retainedEarnings": 5922630000, "treasuryStock": -157790000, "capitalSurplus": 1379530000, "otherStockholderEquity": -157790000, "totalStockholderEquity": 7244980000, "netTangibleAssets": 7161120000}, {"maxAge": 1, "endDate": "2018-03-31", "cash": 367200000, "netReceivables": 2062300000, "inventory": 3004600000, "otherCurrentAssets": 449500000, "totalCurrentAssets": 5972100000, "longTermInvestments": 52800000, "propertyPlantEquipment": 12653000000, "intangibleAssets": 187200000, "otherAssets": 576700000, "totalAssets": 19441800000, "accountsPayable": 3545600000, "shortLongTermDebt": 1512900000, "otherCurrentLiab": 645200000, "longTermDebt": 4309500000, "otherLiab": 328500000, "totalCurrentLiabilities": 8821100000, "totalLiab": 13459100000, "commonStock": 100600000, "retainedEarnings": 4556200000, "treasuryStock": -53600000, "capitalSurplus": 1379500000, "otherStockholderEquity": -53600000, "totalStockholderEquity": 5982700000, "netTangibleAssets": 5795500000}], "maxAge": 86400}, "indexTrend": {"maxAge": 1, "symbol": "SP5", "peRatio": 19.7411, "pegRatio": 1.34172, "estimates": [{"period": "0q", "growth": 0.549}, {"period": "+1q", "growth": 0.431}, {"period": "0y", "growth": 0.305}, {"period": "+1y", "growth": 0.109}, {"period": "+5y", "growth": 0.120865}, {"period": "-5y"}]}, "defaultKeyStatistics": {"maxAge": 1, "priceHint": 2, "enterpriseValue": 37511053312, "profitMargins": 0.027520001, "floatShares": 1849577, "sharesOutstanding": 21128300, "heldPercentInsiders": 0.0, "heldPercentInstitutions": 0.061189998, "category": null, "bookValue": 360.06, "priceToBook": 3.737155, "fundFamily": null, "legalType": null, "lastFiscalYearEnd": "2020-03-31 05:30:00", "nextFiscalYearEnd": "2022-03-31 05:30:00", "mostRecentQuarter": "2020-09-30 05:30:00", "netIncomeToCommon": 410729984, "trailingEps": 20.41, "lastSplitFactor": null, "enterpriseToRevenue": 2.513, "enterpriseToEbitda": 10.037}, "summaryProfile": {"address1": "123/4, Sangothipalayam Road", "address2": "Arasur Post 1078, Avinashi Road", "city": "Coimbatore", "zip": "641407", "country": "India", "phone": "91 42 2302 1000", "fax": "91 42 2716 1234", "website": "http://www.craftsmanautomation.com", "industry": "Auto Parts", "sector": "Consumer Cyclical", "longBusinessSummary": "Craftsman Automation Limited, an engineering company, designs, develops, manufactures and supplies precision components. Its automotive powertrain and others segment products include engine parts, such as cylinder block and cylinder head, camshafts, transmission parts, gear box housings, turbo charges, and bearing caps. The company's automotive aluminum products segment include engine parts, such as crank case, crank case covers, wheel hubs and drums, headlamp housing, engine cradle, clutch covers, oil sump, cylinder head covers, and steering column and chassis parts. Its industrial and engineering segment products include aluminum products for power transmission, high-end precision products and sub-assembly, locomotive components and assembly, material handling, storage solutions, gear and gear boxes, SPM, and tool room, molds base, and sheet metal. The company also offers stationary racking for warehouses, V-store, roll form products, and automated storage and retrieval systems; transmission and housing components for elevators, metro transportation, compressor manufacturers, printing machines, automobiles, and steel rolling mills; metal cutting machines, drilling machines, and milling machines, as well as leak testing machines, nut runners, industrial washing machines, and supply conveyors to automobile companies; and machining for railway bogeys, air conditioned coach panels, mold bases, plastic molding tools, dies, sheet metal casings, and housings for engineering, urban transportation, and automotive industries. It serves original equipment manufacturers producing commercial vehicles, special utility vehicle, tractors, and off-highway vehicles. The company also exports its products. The company was founded in 1986 and is based in Coimbatore, India. It has location in Chennai, Pune, Indore, Jamshedpur, Faridabad, and Bangalore.", "fullTimeEmployees": 1632, "companyOfficers": [], "maxAge": 86400}, "netSharePurchaseActivity": {"maxAge": 1, "period": "6m", "buyInfoCount": 0, "buyInfoShares": 0, "sellInfoCount": 0, "netInfoCount": 0, "netInfoShares": 0, "totalInsiderShares": 0}, "quoteType": {"exchange": "NSI", "quoteType": "EQUITY", "symbol": "CRAFTSMAN.NS", "underlyingSymbol": "CRAFTSMAN.NS", "shortName": "Craftsman Automation Ltd", "longName": "Craftsman Automation Limited", "firstTradeDateEpochUtc": "2021-03-25 09:15:00", "timeZoneFullName": "Asia/Kolkata", "timeZoneShortName": "IST", "uuid": "89d787bc-b739-34af-9f8d-3a95bf5787b7", "gmtOffSetMilliseconds": 19800000, "maxAge": 1}, "incomeStatementHistory": {"incomeStatementHistory": [{"maxAge": 1, "endDate": "2020-03-31", "totalRevenue": 14924650000, "costOfRevenue": 6533980000, "grossProfit": 8390670000, "researchDevelopment": {}, "sellingGeneralAdministrative": 1760060000, "nonRecurring": {}, "otherOperatingExpenses": 2649830000, "totalOperatingExpenses": 12894780000, "operatingIncome": 2029870000, "totalOtherIncomeExpenseNet": -1455970000, "ebit": 2029870000, "interestExpense": -1343180000, "incomeBeforeTax": 573900000, "incomeTaxExpense": 163170000, "minorityInterest": {}, "netIncomeFromContinuingOps": 410730000, "discontinuedOperations": {}, "extraordinaryItems": {}, "effectOfAccountingCharges": {}, "otherItems": {}, "netIncome": 410730000, "netIncomeApplicableToCommonShares": 410730000}, {"maxAge": 1, "endDate": "2019-03-31", "totalRevenue": 18180070000, "costOfRevenue": 7915450000, "grossProfit": 10264620000, "researchDevelopment": {}, "sellingGeneralAdministrative": 2223270000, "nonRecurring": {}, "otherOperatingExpenses": 3563930000, "totalOperatingExpenses": 15515140000, "operatingIncome": 2664930000, "totalOtherIncomeExpenseNet": -1265100000, "ebit": 2664930000, "interestExpense": -1282600000, "incomeBeforeTax": 1399830000, "incomeTaxExpense": 426160000, "minorityInterest": {}, "netIncomeFromContinuingOps": 973670000, "discontinuedOperations": {}, "extraordinaryItems": {}, "effectOfAccountingCharges": {}, "otherItems": {}, "netIncome": 973670000, "netIncomeApplicableToCommonShares": 973670000}, {"maxAge": 1, "endDate": "2018-03-31", "totalRevenue": 14790870000, "costOfRevenue": 6504020000, "grossProfit": 8286850000, "researchDevelopment": {}, "sellingGeneralAdministrative": 2038080000, "nonRecurring": {}, "otherOperatingExpenses": 3269570000, "totalOperatingExpenses": 13346370000, "operatingIncome": 1444500000, "totalOtherIncomeExpenseNet": -1009050000, "ebit": 1444500000, "interestExpense": -1088560000, "incomeBeforeTax": 435450000, "incomeTaxExpense": 120110000, "minorityInterest": {}, "netIncomeFromContinuingOps": 315340000, "discontinuedOperations": {}, "extraordinaryItems": {}, "effectOfAccountingCharges": {}, "otherItems": {}, "netIncome": 315340000, "netIncomeApplicableToCommonShares": 315340000}, {"maxAge": 1, "endDate": "2017-03-31", "totalRevenue": 11018700000, "costOfRevenue": 4457700000, "grossProfit": 6561000000, "researchDevelopment": {}, "sellingGeneralAdministrative": 1661400000, "nonRecurring": {}, "otherOperatingExpenses": 2564300000, "totalOperatingExpenses": 9817800000, "operatingIncome": 1200900000, "totalOtherIncomeExpenseNet": -834200000, "ebit": 1200900000, "interestExpense": -804800000, "incomeBeforeTax": 366700000, "incomeTaxExpense": -430700000, "minorityInterest": {}, "netIncomeFromContinuingOps": 797400000, "discontinuedOperations": {}, "extraordinaryItems": {}, "effectOfAccountingCharges": {}, "otherItems": {}, "netIncome": 797400000, "netIncomeApplicableToCommonShares": 797400000}], "maxAge": 86400}, "fundOwnership": {"ownershipList": [], "maxAge": 1}, "summaryDetail": {"maxAge": 1, "priceHint": 2, "previousClose": 1358.15, "open": 1350.0, "dayLow": 1336.55, "dayHigh": 1367.15, "regularMarketPreviousClose": 1358.15, "regularMarketOpen": 1350.0, "regularMarketDayLow": 1336.55, "regularMarketDayHigh": 1367.15, "payoutRatio": 0.0, "trailingPE": 65.92847, "volume": 28683, "regularMarketVolume": 28683, "averageVolume": 973057, "averageVolume10days": 127818, "averageDailyVolume10Day": 127818, "bid": 0.0, "ask": 0.0, "marketCap": 28475318272, "fiftyTwoWeekLow": 1336.55, "fiftyTwoWeekHigh": 1530.0, "priceToSalesTrailing12Months": 1.9079387, "fiftyDayAverage": 1463.275, "twoHundredDayAverage": 1463.275, "currency": "INR", "fromCurrency": null, "lastMarket": null, "algorithm": null, "tradeable": false}, "incomeStatementHistoryQuarterly": {"incomeStatementHistory": [{"maxAge": 1, "endDate": "2020-09-30", "totalRevenue": 2668590000, "costOfRevenue": 1210335000, "grossProfit": 1458255000, "researchDevelopment": {}, "sellingGeneralAdministrative": 292300000, "nonRecurring": {}, "otherOperatingExpenses": 429310000, "totalOperatingExpenses": 2371995000, "operatingIncome": 296595000, "totalOtherIncomeExpenseNet": -244120000, "ebit": 296595000, "interestExpense": -265930000, "incomeBeforeTax": 52475000, "incomeTaxExpense": 17645000, "minorityInterest": {}, "netIncomeFromContinuingOps": 34830000, "discontinuedOperations": {}, "extraordinaryItems": {}, "effectOfAccountingCharges": {}, "otherItems": {}, "netIncome": 34830000, "netIncomeApplicableToCommonShares": 34830000}, {"maxAge": 1, "endDate": "2020-06-30", "totalRevenue": 2668590000, "costOfRevenue": 1210335000, "grossProfit": 1458255000, "researchDevelopment": {}, "sellingGeneralAdministrative": 292300000, "nonRecurring": {}, "otherOperatingExpenses": 429310000, "totalOperatingExpenses": 2371995000, "operatingIncome": 296595000, "totalOtherIncomeExpenseNet": -244120000, "ebit": 296595000, "interestExpense": -265930000, "incomeBeforeTax": 52475000, "incomeTaxExpense": 17645000, "minorityInterest": {}, "netIncomeFromContinuingOps": 34830000, "discontinuedOperations": {}, "extraordinaryItems": {}, "effectOfAccountingCharges": {}, "otherItems": {}, "netIncome": 34830000, "netIncomeApplicableToCommonShares": 34830000}, {"maxAge": 1, "endDate": "2018-03-31", "totalRevenue": 4305240000, "costOfRevenue": 2451650000, "grossProfit": 1853590000, "researchDevelopment": {}, "sellingGeneralAdministrative": 746930000, "nonRecurring": {}, "otherOperatingExpenses": 182660000, "totalOperatingExpenses": 3786320000, "operatingIncome": 518920000, "totalOtherIncomeExpenseNet": -229960000, "ebit": 518920000, "interestExpense": -276250000, "incomeBeforeTax": 288960000, "incomeTaxExpense": 108770000, "minorityInterest": {}, "netIncomeFromContinuingOps": 180190000, "discontinuedOperations": {}, "extraordinaryItems": {}, "effectOfAccountingCharges": {}, "otherItems": {}, "netIncome": 180190000, "netIncomeApplicableToCommonShares": 180190000}], "maxAge": 86400}, "cashflowStatementHistoryQuarterly": {"cashflowStatements": [{"maxAge": 1, "endDate": "2020-09-30", "netIncome": 34830000, "depreciation": 426010000, "changeToNetincome": 206990000, "changeToAccountReceivables": 33210000, "changeToLiabilities": -294610000, "changeToInventory": 128250000, "changeToOperatingActivities": 45930000, "totalCashFromOperatingActivities": 592010000, "capitalExpenditures": -65655000, "otherCashflowsFromInvestingActivities": 4870000, "totalCashflowsFromInvestingActivities": -46870000, "netBorrowings": -376660000, "otherCashflowsFromFinancingActivities": -273720000, "totalCashFromFinancingActivities": -650380000, "effectOfExchangeRate": 250000, "changeInCash": -104985000}, {"maxAge": 1, "endDate": "2020-06-30", "netIncome": 34830000, "depreciation": 426010000, "changeToNetincome": 206990000, "changeToAccountReceivables": 33210000, "changeToLiabilities": -294610000, "changeToInventory": 128250000, "changeToOperatingActivities": 45930000, "totalCashFromOperatingActivities": 592010000, "capitalExpenditures": -65655000, "otherCashflowsFromInvestingActivities": 4870000, "totalCashflowsFromInvestingActivities": -46870000, "netBorrowings": -376660000, "otherCashflowsFromFinancingActivities": -273720000, "totalCashFromFinancingActivities": -650380000, "effectOfExchangeRate": 250000, "changeInCash": -104985000}, {"maxAge": 1, "endDate": "2018-03-31", "netIncome": 180190000, "depreciation": 348940000, "changeToNetincome": 320250000, "changeToAccountReceivables": 120340000, "changeToLiabilities": 162060000, "changeToInventory": -124020000, "changeToOperatingActivities": 45930000, "totalCashFromOperatingActivities": 1023820000, "capitalExpenditures": -736020000, "investments": 110000, "otherCashflowsFromInvestingActivities": 12910000, "totalCashflowsFromInvestingActivities": -767500000, "dividendsPaid": -1140000, "netBorrowings": 3790000, "otherCashflowsFromFinancingActivities": -291170000, "totalCashFromFinancingActivities": -288520000, "effectOfExchangeRate": 3600000, "changeInCash": -28600000}], "maxAge": 86400}, "insiderHolders": {"holders": [], "maxAge": 1}, "calendarEvents": {"maxAge": 1, "earnings": {"earningsDate": []}}, "upgradeDowngradeHistory": {"history": [], "maxAge": 86400}, "price": {"maxAge": 1, "regularMarketChangePercent": -0.009240547, "regularMarketChange": -12.550049, "regularMarketTime": "2021-04-30 15:30:00", "priceHint": 2, "regularMarketPrice": 1345.6, "regularMarketDayHigh": 1367.15, "regularMarketDayLow": 1336.55, "regularMarketVolume": 28683, "averageDailyVolume10Day": 127818, "averageDailyVolume3Month": 973057, "regularMarketPreviousClose": 1358.15, "regularMarketSource": "FREE_REALTIME", "regularMarketOpen": 1350.0, "exchange": "NSI", "exchangeName": "NSE", "exchangeDataDelayedBy": 15, "marketState": "CLOSED", "quoteType": "EQUITY", "symbol": "CRAFTSMAN.NS", "underlyingSymbol": null, "shortName": "Craftsman Automation Ltd", "longName": "Craftsman Automation Limited", "currency": "INR", "quoteSourceName": "Delayed Quote", "currencySymbol": "\u20b9", "fromCurrency": null, "lastMarket": null, "marketCap": 28475318272}, "balanceSheetHistory": {"balanceSheetStatements": [{"maxAge": 1, "endDate": "2020-03-31", "cash": 597610000, "netReceivables": 1944500000, "inventory": 3256150000, "otherCurrentAssets": 325770000, "totalCurrentAssets": 6265660000, "longTermInvestments": 137610000, "propertyPlantEquipment": 16198270000, "intangibleAssets": 106250000, "otherAssets": 323570000, "totalAssets": 23031360000, "accountsPayable": 2725210000, "shortLongTermDebt": 1355440000, "otherCurrentLiab": 616070000, "longTermDebt": 6786520000, "otherLiab": 377870000, "totalCurrentLiabilities": 7698270000, "totalLiab": 15842380000, "commonStock": 100610000, "retainedEarnings": 5869600000, "treasuryStock": -160760000, "capitalSurplus": 1379530000, "otherStockholderEquity": -160760000, "totalStockholderEquity": 7188980000, "netTangibleAssets": 7082730000}, {"maxAge": 1, "endDate": "2019-03-31", "cash": 194970000, "netReceivables": 2141930000, "inventory": 3233080000, "otherCurrentAssets": 341870000, "totalCurrentAssets": 6087230000, "longTermInvestments": 47440000, "propertyPlantEquipment": 16648580000, "intangibleAssets": 143420000, "otherAssets": 327310000, "totalAssets": 23253980000, "accountsPayable": 3198940000, "shortLongTermDebt": 1679260000, "otherCurrentLiab": 1233970000, "longTermDebt": 6964370000, "otherLiab": 355460000, "totalCurrentLiabilities": 8221590000, "totalLiab": 16421390000, "commonStock": 100610000, "retainedEarnings": 5492490000, "treasuryStock": -140040000, "capitalSurplus": 1379530000, "otherStockholderEquity": -140040000, "totalStockholderEquity": 6832590000, "netTangibleAssets": 6689170000}, {"maxAge": 1, "endDate": "2018-03-31", "cash": 367190000, "netReceivables": 2062220000, "inventory": 3004610000, "otherCurrentAssets": 449150000, "totalCurrentAssets": 5971670000, "longTermInvestments": 52870000, "propertyPlantEquipment": 13328170000, "intangibleAssets": 149630000, "otherAssets": 492000000, "totalAssets": 19994340000, "accountsPayable": 3545560000, "shortLongTermDebt": 1512850000, "otherCurrentLiab": 563840000, "longTermDebt": 4309540000, "otherLiab": 319930000, "totalCurrentLiabilities": 8847720000, "totalLiab": 14027770000, "commonStock": 100610000, "retainedEarnings": 4540150000, "treasuryStock": -53720000, "capitalSurplus": 1379530000, "otherStockholderEquity": -53720000, "totalStockholderEquity": 5966570000, "netTangibleAssets": 5816940000}, {"maxAge": 1, "endDate": "2017-03-31", "cash": 240300000, "netReceivables": 1741100000, "inventory": 2283300000, "otherCurrentAssets": 1051300000, "totalCurrentAssets": 5397300000, "longTermInvestments": 26300000, "propertyPlantEquipment": 12279300000, "intangibleAssets": 116300000, "otherAssets": 358200000, "totalAssets": 18177400000, "accountsPayable": 2938900000, "shortLongTermDebt": 1260200000, "otherCurrentLiab": 1023900000, "longTermDebt": 4351100000, "otherLiab": 343400000, "totalCurrentLiabilities": 7765700000, "totalLiab": 12460200000, "commonStock": 57500000, "retainedEarnings": 4241600000, "treasuryStock": -4500000, "capitalSurplus": 1422600000, "otherStockholderEquity": -4500000, "totalStockholderEquity": 5717200000, "netTangibleAssets": 5600900000}], "maxAge": 86400}, "financialData": {"maxAge": 86400, "currentPrice": 1345.6, "recommendationKey": "none", "totalCash": 437540000, "totalCashPerShare": 21.745, "ebitda": 3737220096, "totalDebt": 10872970240, "quickRatio": 0.333, "currentRatio": 0.814, "totalRevenue": 14924650496, "debtToEquity": 150.076, "revenuePerShare": 741.782, "returnOnAssets": 0.054819997, "returnOnEquity": 0.058590002, "grossProfits": 8390670000, "freeCashflow": -63468752, "operatingCashflow": 3053700096, "grossMargins": 0.5622, "ebitdaMargins": 0.25041, "operatingMargins": 0.13600999, "profitMargins": 0.027520001, "financialCurrency": "INR"}}}