{"CRANESSOFT.BO": {"cashflowStatementHistory": {"cashflowStatements": [{"maxAge": 1, "endDate": "2020-03-31", "netIncome": -353883000, "changeToLiabilities": 0}, {"maxAge": 1, "endDate": "2019-03-31", "netIncome": -207866000, "depreciation": 3149000, "changeToNetincome": 26109000, "changeToAccountReceivables": -229860000, "changeToLiabilities": 15087000, "changeToOperatingActivities": -831224000, "totalCashFromOperatingActivities": -1095553000, "capitalExpenditures": -2585000, "investments": 65051000, "otherCashflowsFromInvestingActivities": 13847000, "totalCashflowsFromInvestingActivities": 253282000, "netBorrowings": 182000000, "otherCashflowsFromFinancingActivities": 661128000, "totalCashFromFinancingActivities": 843128000, "changeInCash": 857000}, {"maxAge": 1, "endDate": "2018-03-31", "netIncome": -782525000, "depreciation": 6807000, "changeToNetincome": -70720000, "changeToAccountReceivables": 440015000, "changeToLiabilities": -30219000, "changeToInventory": 21903000, "changeToOperatingActivities": -1902653000, "totalCashFromOperatingActivities": -2177756000, "capitalExpenditures": -13804000, "investments": 65051000, "otherCashflowsFromInvestingActivities": 1464875000, "totalCashflowsFromInvestingActivities": 2327321000, "netBorrowings": -169103000, "otherCashflowsFromFinancingActivities": -15076000, "totalCashFromFinancingActivities": -184179000, "changeInCash": -34614000}, {"maxAge": 1, "endDate": "2017-03-31", "netIncome": -897133000, "depreciation": 13833000, "changeToNetincome": 1075548000, "changeToAccountReceivables": 117181000, "changeToLiabilities": -31065000, "changeToInventory": 11856000, "changeToOperatingActivities": -685477000, "totalCashFromOperatingActivities": -104953000, "capitalExpenditures": -16289000, "investments": 65051000, "otherCashflowsFromInvestingActivities": 1306000, "totalCashflowsFromInvestingActivities": -14983000, "netBorrowings": 50704000, "otherCashflowsFromFinancingActivities": -8849000, "totalCashFromFinancingActivities": 41855000, "changeInCash": -78081000}], "maxAge": 86400}, "institutionOwnership": {"maxAge": 1, "ownershipList": []}, "balanceSheetHistoryQuarterly": {"balanceSheetStatements": [{"maxAge": 1, "endDate": "2020-06-30", "totalStockholderEquity": -7113462000, "netTangibleAssets": -7602930000}, {"maxAge": 1, "endDate": "2020-03-31", "cash": 22955000, "netReceivables": 326224000, "otherCurrentAssets": 47409000, "totalCurrentAssets": 396588000, "longTermInvestments": 1787000, "propertyPlantEquipment": 511250000, "intangibleAssets": 489468000, "otherAssets": 2616902000, "deferredLongTermAssetCharges": 2594536000, "totalAssets": 4015995000, "accountsPayable": 154465000, "shortLongTermDebt": 10949580000, "otherCurrentLiab": 15762000, "otherLiab": 5272000, "totalCurrentLiabilities": 11124185000, "totalLiab": 11129457000, "commonStock": 235534000, "treasuryStock": -7348996000, "otherStockholderEquity": -7348996000, "totalStockholderEquity": -7113462000, "netTangibleAssets": -7602930000}, {"maxAge": 1, "endDate": "2019-12-31", "totalStockholderEquity": -6808415000, "netTangibleAssets": -7391609000}, {"maxAge": 1, "endDate": "2019-09-30", "cash": 24194000, "netReceivables": 291626000, "otherCurrentAssets": 50384000, "totalCurrentAssets": 366204000, "longTermInvestments": 1786000, "propertyPlantEquipment": 510396000, "intangibleAssets": 583194000, "otherAssets": 2886618000, "deferredLongTermAssetCharges": 2861102000, "totalAssets": 4348198000, "accountsPayable": 134254000, "shortLongTermDebt": 10997964000, "otherCurrentLiab": 16162000, "otherLiab": 3855000, "totalCurrentLiabilities": 11152758000, "totalLiab": 11156613000, "commonStock": 235534000, "treasuryStock": -7043949000, "otherStockholderEquity": -7043949000, "totalStockholderEquity": -6808415000, "netTangibleAssets": -7391609000}], "maxAge": 86400}, "indexTrend": {"maxAge": 1, "symbol": "SP5", "peRatio": 19.7411, "pegRatio": 1.34172, "estimates": [{"period": "0q", "growth": 0.549}, {"period": "+1q", "growth": 0.431}, {"period": "0y", "growth": 0.305}, {"period": "+1y", "growth": 0.109}, {"period": "+5y", "growth": 0.120859005}, {"period": "-5y"}]}, "insiderTransactions": {"transactions": [{"maxAge": 1, "shares": 4511270, "filerUrl": "", "transactionText": "", "filerName": "Citigroup Global Markets Mauritius Pvt Ltd", "filerRelation": "Institution- Corporation", "moneyText": "", "startDate": "2012-03-19", "ownership": "D"}, {"maxAge": 1, "shares": 5893734, "filerUrl": "", "transactionText": "", "filerName": "IBC Knowledge Park Pvt. Ltd.", "filerRelation": "Institution- Corporation", "moneyText": "", "startDate": "2011-03-23", "ownership": "D"}, {"maxAge": 1, "shares": 9450379, "filerUrl": "", "transactionText": "", "filerName": "Kuroto Fund L P", "filerRelation": "Investment Advisor", "moneyText": "", "startDate": "2010-09-07", "ownership": "D"}, {"maxAge": 1, "shares": 1032026, "filerUrl": "", "transactionText": "", "filerName": "Macquarie Bank Limited", "filerRelation": "Investment Advisor", "moneyText": "", "startDate": "2010-01-06", "ownership": "D"}, {"maxAge": 1, "shares": 1067974, "filerUrl": "", "transactionText": "", "filerName": "Macquarie Bank Limited", "filerRelation": "Investment Advisor", "moneyText": "", "startDate": "2010-01-06", "ownership": "D"}], "maxAge": 1}, "quoteType": {"exchange": "BSE", "quoteType": "EQUITY", "symbol": "CRANESSOFT.BO", "underlyingSymbol": "CRANESSOFT.BO", "shortName": "CRANES SOFTWARE INTERNATIONAL", "longName": "Cranes Software International Limited", "firstTradeDateEpochUtc": "2002-10-28 09:15:00", "timeZoneFullName": "Asia/Kolkata", "timeZoneShortName": "IST", "uuid": "76561aea-af7f-345f-8c92-4ada6426b124", "messageBoardId": null, "gmtOffSetMilliseconds": 19800000, "maxAge": 1}, "incomeStatementHistory": {"incomeStatementHistory": [{"maxAge": 1, "endDate": "2020-03-31", "totalRevenue": 250023000, "costOfRevenue": 193334000, "grossProfit": 56689000, "researchDevelopment": {}, "sellingGeneralAdministrative": {}, "nonRecurring": {}, "otherOperatingExpenses": 78477000, "totalOperatingExpenses": 403391000, "operatingIncome": -153368000, "totalOtherIncomeExpenseNet": 102582000, "ebit": -153368000, "interestExpense": -3263000, "incomeBeforeTax": -50786000, "incomeTaxExpense": 303097000, "minorityInterest": {}, "netIncomeFromContinuingOps": -353883000, "discontinuedOperations": {}, "extraordinaryItems": {}, "effectOfAccountingCharges": {}, "otherItems": {}, "netIncome": -353883000, "netIncomeApplicableToCommonShares": -353883000}, {"maxAge": 1, "endDate": "2019-03-31", "totalRevenue": 255742000, "costOfRevenue": 227334000, "grossProfit": 28408000, "researchDevelopment": {}, "sellingGeneralAdministrative": 15080000, "nonRecurring": {}, "otherOperatingExpenses": 57504000, "totalOperatingExpenses": 485752000, "operatingIncome": -230010000, "totalOtherIncomeExpenseNet": 1084851000, "ebit": -230010000, "interestExpense": -7729000, "incomeBeforeTax": 854841000, "incomeTaxExpense": 1062707000, "minorityInterest": {}, "netIncomeFromContinuingOps": -207866000, "discontinuedOperations": {}, "extraordinaryItems": {}, "effectOfAccountingCharges": {}, "otherItems": {}, "netIncome": -207866000, "netIncomeApplicableToCommonShares": -207866000}, {"maxAge": 1, "endDate": "2018-03-31", "totalRevenue": 1705015000, "costOfRevenue": 1489917000, "grossProfit": 215098000, "researchDevelopment": {}, "sellingGeneralAdministrative": 54276000, "nonRecurring": {}, "otherOperatingExpenses": 346940000, "totalOperatingExpenses": 2037575000, "operatingIncome": -332560000, "totalOtherIncomeExpenseNet": -549770000, "ebit": -332560000, "interestExpense": -15053000, "incomeBeforeTax": -882330000, "incomeTaxExpense": -99805000, "minorityInterest": {}, "netIncomeFromContinuingOps": -782525000, "discontinuedOperations": {}, "extraordinaryItems": {}, "effectOfAccountingCharges": {}, "otherItems": {}, "netIncome": -782525000, "netIncomeApplicableToCommonShares": -782525000}, {"maxAge": 1, "endDate": "2017-03-31", "totalRevenue": 3254829000, "costOfRevenue": 2827473000, "grossProfit": 427356000, "researchDevelopment": {}, "sellingGeneralAdministrative": 95643000, "nonRecurring": {}, "otherOperatingExpenses": 290206000, "totalOperatingExpenses": 3517459000, "operatingIncome": -262630000, "totalOtherIncomeExpenseNet": -990145000, "ebit": -262630000, "interestExpense": -1216677000, "incomeBeforeTax": -1252775000, "incomeTaxExpense": -355642000, "minorityInterest": {}, "netIncomeFromContinuingOps": -897133000, "discontinuedOperations": {}, "extraordinaryItems": {}, "effectOfAccountingCharges": {}, "otherItems": {}, "netIncome": -897133000, "netIncomeApplicableToCommonShares": -897133000}], "maxAge": 86400}, "fundOwnership": {"maxAge": 1, "ownershipList": []}, "summaryDetail": {"maxAge": 1, "priceHint": 4, "previousClose": 1.17, "open": 1.22, "dayLow": 1.22, "dayHigh": 1.22, "regularMarketPreviousClose": 1.17, "regularMarketOpen": 1.22, "regularMarketDayLow": 1.22, "regularMarketDayHigh": 1.22, "volume": 29800, "regularMarketVolume": 29800, "averageVolume": 63319, "averageVolume10days": 38354, "averageDailyVolume10Day": 38354, "bid": 1.02, "ask": 0.0, "bidSize": 0, "askSize": 0, "marketCap": 143675744, "fiftyTwoWeekLow": 0.35, "fiftyTwoWeekHigh": 1.47, "fiftyDayAverage": 1.0611428, "twoHundredDayAverage": 0.65751827, "currency": "INR", "fromCurrency": null, "toCurrency": null, "lastMarket": null, "algorithm": null, "tradeable": false}, "incomeStatementHistoryQuarterly": {"incomeStatementHistory": [{"maxAge": 1, "endDate": "2020-06-30", "totalRevenue": 54927000, "costOfRevenue": 40090000, "grossProfit": 14837000, "researchDevelopment": {}, "sellingGeneralAdministrative": {}, "nonRecurring": {}, "otherOperatingExpenses": 12407000, "totalOperatingExpenses": 84680000, "operatingIncome": -29753000, "totalOtherIncomeExpenseNet": 2477000, "ebit": -29753000, "interestExpense": -7000, "incomeBeforeTax": -27276000, "incomeTaxExpense": 953000, "minorityInterest": {}, "netIncomeFromContinuingOps": -28229000, "discontinuedOperations": {}, "extraordinaryItems": {}, "effectOfAccountingCharges": {}, "otherItems": {}, "netIncome": -28229000, "netIncomeApplicableToCommonShares": -28229000}, {"maxAge": 1, "endDate": "2020-03-31", "totalRevenue": 56268000, "costOfRevenue": 55273000, "grossProfit": 995000, "researchDevelopment": {}, "sellingGeneralAdministrative": {}, "nonRecurring": {}, "otherOperatingExpenses": 26012000, "totalOperatingExpenses": 115011000, "operatingIncome": -58743000, "totalOtherIncomeExpenseNet": 68057000, "ebit": -58743000, "interestExpense": -3263000, "incomeBeforeTax": 9314000, "incomeTaxExpense": 283988000, "minorityInterest": {}, "netIncomeFromContinuingOps": -274674000, "discontinuedOperations": {}, "extraordinaryItems": {}, "effectOfAccountingCharges": {}, "otherItems": {}, "netIncome": -274674000, "netIncomeApplicableToCommonShares": -274674000}, {"maxAge": 1, "endDate": "2019-12-31", "totalRevenue": 58634000, "costOfRevenue": 46269000, "grossProfit": 12365000, "researchDevelopment": {}, "sellingGeneralAdministrative": {}, "nonRecurring": {}, "otherOperatingExpenses": 17281000, "totalOperatingExpenses": 96438000, "operatingIncome": -37804000, "totalOtherIncomeExpenseNet": 7072000, "ebit": -37804000, "interestExpense": -3263000, "incomeBeforeTax": -30732000, "incomeTaxExpense": 8571000, "minorityInterest": {}, "netIncomeFromContinuingOps": -39303000, "discontinuedOperations": {}, "extraordinaryItems": {}, "effectOfAccountingCharges": {}, "otherItems": {}, "netIncome": -39303000, "netIncomeApplicableToCommonShares": -39303000}, {"maxAge": 1, "endDate": "2019-09-30", "totalRevenue": 83135000, "costOfRevenue": 45493000, "grossProfit": 37642000, "researchDevelopment": {}, "sellingGeneralAdministrative": {}, "nonRecurring": {}, "otherOperatingExpenses": 21712000, "totalOperatingExpenses": 97422000, "operatingIncome": -14287000, "totalOtherIncomeExpenseNet": 17930000, "ebit": -14287000, "interestExpense": -3263000, "incomeBeforeTax": 3643000, "incomeTaxExpense": 9324000, "minorityInterest": {}, "netIncomeFromContinuingOps": -5681000, "discontinuedOperations": {}, "extraordinaryItems": {}, "effectOfAccountingCharges": {}, "otherItems": {}, "netIncome": -5681000, "netIncomeApplicableToCommonShares": -5681000}], "maxAge": 86400}, "cashflowStatementHistoryQuarterly": {"cashflowStatements": [{"maxAge": 1, "endDate": "2020-06-30", "netIncome": -28229000, "changeToLiabilities": 0}, {"maxAge": 1, "endDate": "2020-03-31", "netIncome": -274674000, "changeToLiabilities": 0}, {"maxAge": 1, "endDate": "2019-12-31", "netIncome": -39303000, "changeToLiabilities": 0}, {"maxAge": 1, "endDate": "2019-09-30", "netIncome": -5681000, "changeToLiabilities": 0}], "maxAge": 86400}, "insiderHolders": {"holders": [{"maxAge": 1, "name": "Citigroup Global Markets Mauritius Pvt Ltd", "relation": "Institution- Corporation", "url": "", "transactionDescription": "Sale", "latestTransDate": "2012-03-19", "positionDirect": 0, "positionDirectDate": "2012-03-19"}, {"maxAge": 1, "name": "IBC Knowledge Park Pvt. Ltd.", "relation": "Institution- Corporation", "url": "", "transactionDescription": "Acquisition", "latestTransDate": "2011-03-23", "positionDirect": 5893734, "positionDirectDate": "2011-03-23"}, {"maxAge": 1, "name": "Kuroto Fund L P", "relation": "Investment Advisor", "url": "", "transactionDescription": "Sale", "latestTransDate": "2010-09-07", "positionDirect": 1960550, "positionDirectDate": "2010-09-07"}, {"maxAge": 1, "name": "Macquarie Bank Limited", "relation": "Investment Advisor", "url": "", "transactionDescription": "Sale", "latestTransDate": "2010-01-06", "positionDirect": 2889781, "positionDirectDate": "2010-01-06"}], "maxAge": 1}, "calendarEvents": {"maxAge": 1, "earnings": {"earningsDate": []}}, "price": {"maxAge": 1, "regularMarketChangePercent": 0.04273511, "regularMarketChange": 0.05000007, "regularMarketTime": "2021-04-30 15:27:13", "priceHint": 4, "regularMarketPrice": 1.22, "regularMarketDayHigh": 1.22, "regularMarketDayLow": 1.22, "regularMarketVolume": 29800, "averageDailyVolume10Day": 38354, "averageDailyVolume3Month": 63319, "regularMarketPreviousClose": 1.17, "regularMarketSource": "FREE_REALTIME", "regularMarketOpen": 1.22, "exchange": "BSE", "exchangeName": "BSE", "exchangeDataDelayedBy": 0, "marketState": "CLOSED", "quoteType": "EQUITY", "symbol": "CRANESSOFT.BO", "underlyingSymbol": null, "shortName": "CRANES SOFTWARE INTERNATIONAL", "longName": "Cranes Software International Limited", "currency": "INR", "quoteSourceName": "Delayed Quote", "currencySymbol": "\u20b9", "fromCurrency": null, "toCurrency": null, "lastMarket": null, "marketCap": 143675744}, "balanceSheetHistory": {"balanceSheetStatements": [{"maxAge": 1, "endDate": "2020-03-31", "cash": 22955000, "netReceivables": 326224000, "otherCurrentAssets": 47409000, "totalCurrentAssets": 396588000, "longTermInvestments": 1787000, "propertyPlantEquipment": 511250000, "intangibleAssets": 489468000, "otherAssets": 2616902000, "deferredLongTermAssetCharges": 2594536000, "totalAssets": 4015995000, "accountsPayable": 154465000, "shortLongTermDebt": 10949580000, "otherCurrentLiab": 15762000, "otherLiab": 5272000, "totalCurrentLiabilities": 11124185000, "totalLiab": 11129457000, "commonStock": 235534000, "treasuryStock": -7348996000, "otherStockholderEquity": -7348996000, "totalStockholderEquity": -7113462000, "netTangibleAssets": -7602930000}, {"maxAge": 1, "endDate": "2019-03-31", "cash": 10836000, "shortTermInvestments": 11414000, "netReceivables": 537361000, "otherCurrentAssets": 44747000, "totalCurrentAssets": 605392000, "longTermInvestments": 1786000, "propertyPlantEquipment": 509946000, "intangibleAssets": 598659000, "otherAssets": 2884082000, "deferredLongTermAssetCharges": 2859691000, "totalAssets": 4599865000, "accountsPayable": 142190000, "shortLongTermDebt": 4182440000, "otherCurrentLiab": 980679000, "otherLiab": 3790000, "deferredLongTermLiab": 19427000, "totalCurrentLiabilities": 11356790000, "totalLiab": 11360580000, "commonStock": 235534000, "retainedEarnings": -9313419000, "treasuryStock": 527344000, "capitalSurplus": 1789826000, "otherStockholderEquity": 527344000, "totalStockholderEquity": -6760715000, "netTangibleAssets": -7359374000}, {"maxAge": 1, "endDate": "2018-03-31", "cash": 11814000, "shortTermInvestments": 9579000, "netReceivables": 361135000, "otherCurrentAssets": 43510000, "totalCurrentAssets": 426821000, "longTermInvestments": 1786000, "propertyPlantEquipment": 613464000, "goodWill": 133095000, "intangibleAssets": 529204000, "otherAssets": 3914926000, "deferredLongTermAssetCharges": 3825485000, "totalAssets": 5619296000, "accountsPayable": 124358000, "shortLongTermDebt": 3931528000, "otherCurrentLiab": 872520000, "otherLiab": 2546000, "deferredLongTermLiab": 19231000, "totalCurrentLiabilities": 12173227000, "totalLiab": 12175773000, "commonStock": 235534000, "retainedEarnings": -9105553000, "treasuryStock": 523716000, "capitalSurplus": 1789826000, "otherStockholderEquity": 523716000, "totalStockholderEquity": -6556477000, "netTangibleAssets": -7218776000}, {"maxAge": 1, "endDate": "2017-03-31", "cash": 52067000, "shortTermInvestments": 3882000, "netReceivables": 801150000, "inventory": 21903000, "otherCurrentAssets": 44545000, "totalCurrentAssets": 972707000, "longTermInvestments": 1786000, "propertyPlantEquipment": 2372033000, "goodWill": 1503976000, "intangibleAssets": 914925000, "otherAssets": 3808493000, "deferredLongTermAssetCharges": 3715327000, "totalAssets": 9573920000, "accountsPayable": 156377000, "shortLongTermDebt": 3927921000, "otherCurrentLiab": 2598738000, "otherLiab": 3094000, "deferredLongTermLiab": 19231000, "totalCurrentLiabilities": 15370080000, "totalLiab": 15373174000, "commonStock": 235534000, "retainedEarnings": -8323027000, "treasuryStock": 498413000, "capitalSurplus": 1789826000, "otherStockholderEquity": 498413000, "totalStockholderEquity": -5799254000, "netTangibleAssets": -8218155000}], "maxAge": 86400}, "financialData": {"maxAge": 86400, "currentPrice": 1.22, "recommendationKey": "none", "grossProfits": 56689000, "financialCurrency": "INR"}}}