{"CRANEINFRA.BO": {"cashflowStatementHistory": {"cashflowStatements": [{"maxAge": 1, "endDate": "2020-03-31", "netIncome": 4861335, "depreciation": 1306753, "changeToNetincome": -1, "changeToAccountReceivables": -574682, "changeToLiabilities": 0, "changeToOperatingActivities": 3121386, "totalCashFromOperatingActivities": 8714791, "netBorrowings": -4959204, "totalCashFromFinancingActivities": -4959204, "changeInCash": 3755587}, {"maxAge": 1, "endDate": "2019-03-31", "netIncome": 4233950, "depreciation": 1306753, "changeToNetincome": -1, "changeToAccountReceivables": 12, "changeToLiabilities": 0, "changeToOperatingActivities": -3551172, "totalCashFromOperatingActivities": 1989543, "netBorrowings": -2162074, "totalCashFromFinancingActivities": -2162074, "changeInCash": -172531}, {"maxAge": 1, "endDate": "2018-03-31", "netIncome": 3512159, "depreciation": 1306753, "changeToNetincome": -1, "changeToAccountReceivables": -553579, "changeToLiabilities": 0, "changeToOperatingActivities": -3759049, "totalCashFromOperatingActivities": 506284, "netBorrowings": -2015213, "totalCashFromFinancingActivities": -2015213, "changeInCash": -1508929}, {"maxAge": 1, "endDate": "2017-03-31", "netIncome": 3713032, "depreciation": 1298880, "changeToNetincome": -1, "changeToAccountReceivables": 355233, "changeToLiabilities": 0, "changeToOperatingActivities": -2472497, "totalCashFromOperatingActivities": 2894648, "capitalExpenditures": -602609, "totalCashflowsFromInvestingActivities": -602609, "netBorrowings": -1358934, "totalCashFromFinancingActivities": -1358934, "changeInCash": 933105}], "maxAge": 86400}, "institutionOwnership": {"ownershipList": [], "maxAge": 1}, "balanceSheetHistoryQuarterly": {"balanceSheetStatements": [{"maxAge": 1, "endDate": "2020-06-30", "totalStockholderEquity": 279990018, "netTangibleAssets": 242903877}, {"maxAge": 1, "endDate": "2020-03-31", "cash": 4033401, "netReceivables": 1299082, "inventory": 9433350, "otherCurrentAssets": 345939, "totalCurrentAssets": 15111772, "propertyPlantEquipment": 230664420, "goodWill": 37086141, "otherAssets": 8108921, "totalAssets": 290971254, "longTermDebt": 7697513, "totalCurrentLiabilities": 3283723, "totalLiab": 10981236, "commonStock": 72420000, "retainedEarnings": 33964216, "treasuryStock": 173605802, "otherStockholderEquity": 173605802, "totalStockholderEquity": 279990018, "netTangibleAssets": 242903877}, {"maxAge": 1, "endDate": "2019-12-31", "totalStockholderEquity": 278310000, "netTangibleAssets": 278310000}, {"maxAge": 1, "endDate": "2019-09-30", "cash": 2668000, "netReceivables": 930000, "inventory": 9433000, "otherCurrentAssets": 45000, "totalCurrentAssets": 13076000, "propertyPlantEquipment": 269385000, "otherAssets": 9199000, "totalAssets": 291660000, "longTermDebt": 10147000, "totalCurrentLiabilities": 3203000, "totalLiab": 13350000, "commonStock": 72420000, "treasuryStock": 205890000, "otherStockholderEquity": 205890000, "totalStockholderEquity": 278310000, "netTangibleAssets": 278310000}], "maxAge": 86400}, "indexTrend": {"maxAge": 1, "symbol": "SP5", "peRatio": 19.7411, "pegRatio": 1.34172, "estimates": [{"period": "0q", "growth": 0.549}, {"period": "+1q", "growth": 0.431}, {"period": "0y", "growth": 0.305}, {"period": "+1y", "growth": 0.109}, {"period": "+5y", "growth": 0.120859005}, {"period": "-5y"}]}, "quoteType": {"exchange": "BSE", "quoteType": "EQUITY", "symbol": "CRANEINFRA.BO", "underlyingSymbol": "CRANEINFRA.BO", "shortName": "Crane Infrastructure Limited", "longName": "Crane Infrastructure Limited", "firstTradeDateEpochUtc": "2015-02-27 09:15:00", "timeZoneFullName": "Asia/Kolkata", "timeZoneShortName": "IST", "uuid": "70b3a8ab-349f-30b2-8c35-d9b80e55eb3e", "gmtOffSetMilliseconds": 19800000, "maxAge": 1}, "incomeStatementHistory": {"incomeStatementHistory": [{"maxAge": 1, "endDate": "2020-03-31", "totalRevenue": 9712202, "costOfRevenue": 0, "grossProfit": 9712202, "researchDevelopment": {}, "sellingGeneralAdministrative": 563400, "nonRecurring": {}, "otherOperatingExpenses": 1996151, "totalOperatingExpenses": 3866304, "operatingIncome": 5845898, "totalOtherIncomeExpenseNet": 253169, "ebit": 5845898, "interestExpense": -20563, "incomeBeforeTax": 6099067, "incomeTaxExpense": 1237732, "minorityInterest": {}, "netIncomeFromContinuingOps": 4861335, "discontinuedOperations": {}, "extraordinaryItems": {}, "effectOfAccountingCharges": {}, "otherItems": {}, "netIncome": 4861335, "netIncomeApplicableToCommonShares": 4861335}, {"maxAge": 1, "endDate": "2019-03-31", "totalRevenue": 7705332, "costOfRevenue": 0, "grossProfit": 7705332, "researchDevelopment": {}, "sellingGeneralAdministrative": 345660, "nonRecurring": {}, "otherOperatingExpenses": 1276152, "totalOperatingExpenses": 2928565, "operatingIncome": 4776767, "totalOtherIncomeExpenseNet": 589811, "ebit": 4776767, "interestExpense": -189, "incomeBeforeTax": 5366578, "incomeTaxExpense": 1132628, "minorityInterest": {}, "netIncomeFromContinuingOps": 4233950, "discontinuedOperations": {}, "extraordinaryItems": {}, "effectOfAccountingCharges": {}, "otherItems": {}, "netIncome": 4233950, "netIncomeApplicableToCommonShares": 4233950}, {"maxAge": 1, "endDate": "2018-03-31", "totalRevenue": 7644582, "costOfRevenue": 0, "grossProfit": 7644582, "researchDevelopment": {}, "sellingGeneralAdministrative": 305723, "nonRecurring": {}, "otherOperatingExpenses": 2015129, "totalOperatingExpenses": 3627605, "operatingIncome": 4016977, "totalOtherIncomeExpenseNet": 363164, "ebit": 4016977, "interestExpense": -7120, "incomeBeforeTax": 4356699, "incomeTaxExpense": 844540, "minorityInterest": {}, "netIncomeFromContinuingOps": 3512159, "discontinuedOperations": {}, "extraordinaryItems": {}, "effectOfAccountingCharges": {}, "otherItems": {}, "netIncome": 3512159, "netIncomeApplicableToCommonShares": 3512159}, {"maxAge": 1, "endDate": "2017-03-31", "totalRevenue": 7298856, "costOfRevenue": 0, "grossProfit": 7298856, "researchDevelopment": {}, "sellingGeneralAdministrative": 633259, "nonRecurring": {}, "otherOperatingExpenses": 750556, "totalOperatingExpenses": 2682695, "operatingIncome": 4616161, "totalOtherIncomeExpenseNet": 457371, "ebit": 4616161, "interestExpense": -124629, "incomeBeforeTax": 5073532, "incomeTaxExpense": 1360500, "minorityInterest": {}, "netIncomeFromContinuingOps": 3713032, "discontinuedOperations": {}, "extraordinaryItems": {}, "effectOfAccountingCharges": {}, "otherItems": {}, "netIncome": 3713032, "netIncomeApplicableToCommonShares": 3713032}], "maxAge": 86400}, "fundOwnership": {"ownershipList": [], "maxAge": 1}, "summaryDetail": {"maxAge": 1, "priceHint": 4, "previousClose": 4.05, "open": 4.25, "dayLow": 4.25, "dayHigh": 4.25, "regularMarketPreviousClose": 4.05, "regularMarketOpen": 4.25, "regularMarketDayLow": 4.25, "regularMarketDayHigh": 4.25, "trailingPE": 5.599473, "volume": 1300, "regularMarketVolume": 1300, "averageVolume": 2386, "averageVolume10days": 461, "averageDailyVolume10Day": 461, "bid": 3.85, "ask": 0.0, "bidSize": 0, "askSize": 0, "marketCap": 30778500, "fiftyTwoWeekLow": 2.33, "fiftyTwoWeekHigh": 4.25, "fiftyDayAverage": 3.3575757, "twoHundredDayAverage": 3.2284558, "currency": "INR", "fromCurrency": null, "lastMarket": null, "algorithm": null, "tradeable": false}, "incomeStatementHistoryQuarterly": {"incomeStatementHistory": [{"maxAge": 1, "endDate": "2020-06-30", "totalRevenue": 2574000, "costOfRevenue": 0, "grossProfit": 2574000, "researchDevelopment": {}, "sellingGeneralAdministrative": 126000, "nonRecurring": {}, "otherOperatingExpenses": 333000, "totalOperatingExpenses": 786000, "operatingIncome": 1788000, "totalOtherIncomeExpenseNet": 80000, "ebit": 1788000, "interestExpense": {}, "incomeBeforeTax": 1868000, "incomeTaxExpense": 370000, "minorityInterest": {}, "netIncomeFromContinuingOps": 1498000, "discontinuedOperations": {}, "extraordinaryItems": {}, "effectOfAccountingCharges": {}, "otherItems": {}, "netIncome": 1498000, "netIncomeApplicableToCommonShares": 1498000}, {"maxAge": 1, "endDate": "2020-03-31", "totalRevenue": 2574202, "costOfRevenue": 0, "grossProfit": 2574202, "researchDevelopment": {}, "sellingGeneralAdministrative": 185400, "nonRecurring": {}, "otherOperatingExpenses": 294151, "totalOperatingExpenses": 806304, "operatingIncome": 1767898, "totalOtherIncomeExpenseNet": 58169, "ebit": 1767898, "interestExpense": -20563, "incomeBeforeTax": 1826067, "incomeTaxExpense": 412732, "minorityInterest": {}, "netIncomeFromContinuingOps": 1413335, "discontinuedOperations": {}, "extraordinaryItems": {}, "effectOfAccountingCharges": {}, "otherItems": {}, "netIncome": 1413335, "netIncomeApplicableToCommonShares": 1413335}, {"maxAge": 1, "endDate": "2019-12-31", "totalRevenue": 2523000, "costOfRevenue": 0, "grossProfit": 2523000, "researchDevelopment": {}, "sellingGeneralAdministrative": 126000, "nonRecurring": {}, "otherOperatingExpenses": 589000, "totalOperatingExpenses": 1057000, "operatingIncome": 1466000, "totalOtherIncomeExpenseNet": 52000, "ebit": 1466000, "interestExpense": -20563, "incomeBeforeTax": 1518000, "incomeTaxExpense": 287000, "minorityInterest": {}, "netIncomeFromContinuingOps": 1231000, "discontinuedOperations": {}, "extraordinaryItems": {}, "effectOfAccountingCharges": {}, "otherItems": {}, "netIncome": 1231000, "netIncomeApplicableToCommonShares": 1231000}, {"maxAge": 1, "endDate": "2019-09-30", "totalRevenue": 2498000, "costOfRevenue": 0, "grossProfit": 2498000, "researchDevelopment": {}, "sellingGeneralAdministrative": 126000, "nonRecurring": {}, "otherOperatingExpenses": 399000, "totalOperatingExpenses": 844000, "operatingIncome": 1654000, "totalOtherIncomeExpenseNet": 41000, "ebit": 1654000, "interestExpense": -20563, "incomeBeforeTax": 1695000, "incomeTaxExpense": 334000, "minorityInterest": {}, "netIncomeFromContinuingOps": 1361000, "discontinuedOperations": {}, "extraordinaryItems": {}, "effectOfAccountingCharges": {}, "otherItems": {}, "netIncome": 1361000, "netIncomeApplicableToCommonShares": 1361000}], "maxAge": 86400}, "cashflowStatementHistoryQuarterly": {"cashflowStatements": [{"maxAge": 1, "endDate": "2020-06-30", "netIncome": 1498000, "changeToLiabilities": 0}, {"maxAge": 1, "endDate": "2020-03-31", "netIncome": 1413335, "changeToLiabilities": 0}, {"maxAge": 1, "endDate": "2019-12-31", "netIncome": 1231000, "changeToLiabilities": 0}, {"maxAge": 1, "endDate": "2019-09-30", "netIncome": 1361000, "changeToLiabilities": 0}], "maxAge": 86400}, "insiderHolders": {"holders": [], "maxAge": 1}, "calendarEvents": {"maxAge": 1, "earnings": {"earningsDate": []}}, "upgradeDowngradeHistory": {"history": [], "maxAge": 86400}, "price": {"maxAge": 1, "regularMarketChangePercent": 0.049382668, "regularMarketChange": 0.19999981, "regularMarketTime": "2021-04-30 15:15:00", "priceHint": 4, "regularMarketPrice": 4.25, "regularMarketDayHigh": 4.25, "regularMarketDayLow": 4.25, "regularMarketVolume": 1300, "averageDailyVolume10Day": 461, "averageDailyVolume3Month": 2386, "regularMarketPreviousClose": 4.05, "regularMarketSource": "FREE_REALTIME", "regularMarketOpen": 4.25, "exchange": "BSE", "exchangeName": "BSE", "exchangeDataDelayedBy": 0, "marketState": "CLOSED", "quoteType": "EQUITY", "symbol": "CRANEINFRA.BO", "underlyingSymbol": null, "shortName": "Crane Infrastructure Limited", "longName": "Crane Infrastructure Limited", "currency": "INR", "quoteSourceName": "Delayed Quote", "currencySymbol": "\u20b9", "fromCurrency": null, "lastMarket": null, "marketCap": 30778500}, "balanceSheetHistory": {"balanceSheetStatements": [{"maxAge": 1, "endDate": "2020-03-31", "cash": 4033401, "netReceivables": 1299082, "inventory": 9433350, "otherCurrentAssets": 345939, "totalCurrentAssets": 15111772, "propertyPlantEquipment": 230664420, "goodWill": 37086141, "otherAssets": 8108921, "totalAssets": 290971254, "longTermDebt": 7697513, "totalCurrentLiabilities": 3283723, "totalLiab": 10981236, "commonStock": 72420000, "retainedEarnings": 33964216, "treasuryStock": 173605802, "otherStockholderEquity": 173605802, "totalStockholderEquity": 279990018, "netTangibleAssets": 242903877}, {"maxAge": 1, "endDate": "2019-03-31", "cash": 277813, "netReceivables": 724400, "inventory": 9433350, "otherCurrentAssets": 178030, "totalCurrentAssets": 10613593, "longTermInvestments": 11238000, "propertyPlantEquipment": 233858730, "goodWill": 37086141, "otherAssets": 11376506, "totalAssets": 292934970, "otherCurrentLiab": 3262000, "longTermDebt": 12656717, "otherLiab": -1000, "totalCurrentLiabilities": 3262013, "totalLiab": 15918730, "commonStock": 72420000, "retainedEarnings": 29102881, "treasuryStock": 175493359, "otherStockholderEquity": 175493359, "totalStockholderEquity": 277016240, "netTangibleAssets": 239930099}, {"maxAge": 1, "endDate": "2018-03-31", "cash": 450344, "netReceivables": 724412, "inventory": 9433350, "otherCurrentAssets": 144829, "totalCurrentAssets": 10752935, "propertyPlantEquipment": 237053040, "goodWill": 37086141, "otherAssets": 8024981, "totalAssets": 292917097, "longTermDebt": 14818791, "totalCurrentLiabilities": 3428459, "totalLiab": 18247250, "commonStock": 72420000, "retainedEarnings": 24868931, "treasuryStock": 177380916, "otherStockholderEquity": 177380916, "totalStockholderEquity": 274669847, "netTangibleAssets": 237583706}, {"maxAge": 1, "endDate": "2017-03-31", "cash": 1959274, "netReceivables": 170833, "inventory": 9433350, "otherCurrentAssets": 39576, "totalCurrentAssets": 11603033, "propertyPlantEquipment": 240247350, "goodWill": 37086141, "otherAssets": 4702681, "totalAssets": 293639205, "longTermDebt": 16834004, "totalCurrentLiabilities": 3759955, "totalLiab": 20593959, "commonStock": 72420000, "retainedEarnings": 21356772, "treasuryStock": 179268474, "otherStockholderEquity": 179268474, "totalStockholderEquity": 273045246, "netTangibleAssets": 235959105}], "maxAge": 86400}, "financialData": {"maxAge": 86400, "currentPrice": 4.25, "recommendationKey": "none", "grossProfits": 9712202, "financialCurrency": "INR"}}}