{"CRAVATEX.BO": {"cashflowStatementHistory": {"cashflowStatements": [{"maxAge": 1, "endDate": "2020-03-31", "netIncome": -85493000, "depreciation": 131874000, "changeToNetincome": 53760000, "changeToAccountReceivables": 301346000, "changeToLiabilities": 40234000, "changeToInventory": 123562000, "changeToOperatingActivities": 52840000, "totalCashFromOperatingActivities": 620343000, "capitalExpenditures": -449064000, "investments": -319504000, "otherCashflowsFromInvestingActivities": 36677000, "totalCashflowsFromInvestingActivities": -731891000, "dividendsPaid": -10337000, "netBorrowings": 251531000, "otherCashflowsFromFinancingActivities": 191140000, "totalCashFromFinancingActivities": 432334000, "changeInCash": 320786000}, {"maxAge": 1, "endDate": "2019-03-31", "netIncome": 106620000, "depreciation": 55233000, "changeToNetincome": 105826000, "changeToAccountReceivables": -492345000, "changeToLiabilities": -383274000, "changeToInventory": -474379000, "changeToOperatingActivities": 1033305000, "totalCashFromOperatingActivities": -46919000, "capitalExpenditures": -57786000, "investments": 51024000, "otherCashflowsFromInvestingActivities": 39643000, "totalCashflowsFromInvestingActivities": 33024000, "dividendsPaid": -2584000, "netBorrowings": 51025000, "otherCashflowsFromFinancingActivities": -50938000, "totalCashFromFinancingActivities": -2497000, "changeInCash": -16393000}, {"maxAge": 1, "endDate": "2018-03-31", "netIncome": -123372000, "depreciation": 54943000, "changeToNetincome": 2618000, "changeToAccountReceivables": -422497000, "changeToLiabilities": 283906000, "changeToInventory": 53331000, "changeToOperatingActivities": 23526000, "totalCashFromOperatingActivities": -125149000, "capitalExpenditures": -6017000, "investments": -64930000, "otherCashflowsFromInvestingActivities": 26256000, "totalCashflowsFromInvestingActivities": -44691000, "dividendsPaid": -2584000, "netBorrowings": -296384000, "otherCashflowsFromFinancingActivities": -44215000, "totalCashFromFinancingActivities": -340599000, "changeInCash": -510439000}, {"maxAge": 1, "endDate": "2017-03-31", "netIncome": -138656000, "depreciation": 31667000, "changeToNetincome": 52108000, "changeToAccountReceivables": 195817000, "changeToLiabilities": 83586000, "changeToInventory": 147186000, "changeToOperatingActivities": -20673000, "totalCashFromOperatingActivities": 353335000, "capitalExpenditures": -219349000, "investments": -47820000, "otherCashflowsFromInvestingActivities": 25407000, "totalCashflowsFromInvestingActivities": -241762000, "dividendsPaid": -2584000, "netBorrowings": 482203000, "otherCashflowsFromFinancingActivities": -98327000, "totalCashFromFinancingActivities": 383876000, "changeInCash": 495450000}], "maxAge": 86400}, "institutionOwnership": {"maxAge": 1, "ownershipList": []}, "balanceSheetHistoryQuarterly": {"balanceSheetStatements": [{"maxAge": 1, "endDate": "2020-06-30", "totalStockholderEquity": 246622000, "netTangibleAssets": -42624000}, {"maxAge": 1, "endDate": "2020-03-31", "cash": 360822000, "shortTermInvestments": 127732000, "netReceivables": 1184638000, "inventory": 713597000, "otherCurrentAssets": 94305000, "totalCurrentAssets": 2740088000, "longTermInvestments": 3002000, "propertyPlantEquipment": 437122000, "intangibleAssets": 289246000, "otherAssets": 121852000, "totalAssets": 3591310000, "accountsPayable": 273745000, "shortLongTermDebt": 992000, "otherCurrentLiab": 1020240000, "longTermDebt": 832888000, "otherLiab": 98468000, "minorityInterest": 160492000, "totalCurrentLiabilities": 1971587000, "totalLiab": 3184196000, "commonStock": 25842000, "retainedEarnings": 53046000, "treasuryStock": 28234000, "capitalSurplus": 139500000, "otherStockholderEquity": 28234000, "totalStockholderEquity": 246622000, "netTangibleAssets": -42624000}, {"maxAge": 1, "endDate": "2019-12-31", "totalStockholderEquity": 236462000, "netTangibleAssets": -323779000}, {"maxAge": 1, "endDate": "2019-09-30", "cash": 76823000, "shortTermInvestments": 310264000, "netReceivables": 1494726000, "inventory": 858100000, "otherCurrentAssets": 48544000, "totalCurrentAssets": 2788457000, "longTermInvestments": 3102000, "propertyPlantEquipment": 86811000, "intangibleAssets": 560241000, "otherAssets": 99437000, "totalAssets": 3538048000, "accountsPayable": 335994000, "shortLongTermDebt": 489010000, "otherCurrentLiab": 1504710000, "longTermDebt": 839701000, "otherLiab": 132176000, "minorityInterest": -5000, "totalCurrentLiabilities": 2329714000, "totalLiab": 3301591000, "commonStock": 25842000, "treasuryStock": 210620000, "otherStockholderEquity": 210620000, "totalStockholderEquity": 236462000, "netTangibleAssets": -323779000}], "maxAge": 86400}, "indexTrend": {"maxAge": 1, "symbol": "SP5", "peRatio": 19.7411, "pegRatio": 1.34172, "estimates": [{"period": "0q", "growth": 0.549}, {"period": "+1q", "growth": 0.431}, {"period": "0y", "growth": 0.305}, {"period": "+1y", "growth": 0.109}, {"period": "+5y", "growth": 0.120859005}, {"period": "-5y"}]}, "insiderTransactions": {"transactions": [{"maxAge": 1, "shares": 1921570, "filerUrl": "", "transactionText": "", "filerName": "Promark Fitness & Leisure Pvt Ltd", "filerRelation": "Promoter", "moneyText": "", "startDate": "2013-10-18", "ownership": "D"}, {"maxAge": 1, "shares": 61820, "filerUrl": "", "transactionText": "", "filerName": "Batra (Rajiv Kumar)", "filerRelation": "Promoter", "moneyText": "", "startDate": "2013-08-29", "ownership": "D"}, {"maxAge": 1, "shares": 61820, "filerUrl": "", "transactionText": "", "filerName": "Promark Fitness & Leisure Pvt Ltd", "filerRelation": "Promoter", "moneyText": "", "startDate": "2013-08-29", "ownership": "D"}, {"maxAge": 1, "shares": 8400, "filerUrl": "", "transactionText": "", "filerName": "Batra (Jamna)", "filerRelation": "Promoter", "moneyText": "", "startDate": "2013-03-19", "ownership": "D"}, {"maxAge": 1, "shares": 27128, "filerUrl": "", "transactionText": "", "filerName": "Batra (Raj)", "filerRelation": "Promoter", "moneyText": "", "startDate": "2013-03-19", "ownership": "D"}, {"maxAge": 1, "shares": 48628, "filerUrl": "", "transactionText": "", "filerName": "Promark Fitness & Leisure Pvt Ltd", "filerRelation": "Promoter", "moneyText": "", "startDate": "2013-03-19", "ownership": "D"}, {"maxAge": 1, "shares": 916360, "filerUrl": "", "transactionText": "", "filerName": "Batra (Jamna)", "filerRelation": "Promoter", "moneyText": "", "startDate": "2013-02-27", "ownership": "D"}, {"maxAge": 1, "shares": 103734, "filerUrl": "", "transactionText": "", "filerName": "Batra (Raj)", "filerRelation": "Promoter", "moneyText": "", "startDate": "2013-02-27", "ownership": "D"}, {"maxAge": 1, "shares": 266030, "filerUrl": "", "transactionText": "", "filerName": "Batra (Rajesh)", "filerRelation": "Chairman of the Board", "moneyText": "", "startDate": "2013-02-27", "ownership": "D"}, {"maxAge": 1, "shares": 423918, "filerUrl": "", "transactionText": "", "filerName": "Proline Exports Pvt Ltd", "filerRelation": "Promoter", "moneyText": "", "startDate": "2013-02-27", "ownership": "D"}, {"maxAge": 1, "shares": 1747122, "filerUrl": "", "transactionText": "", "filerName": "Promark Fitness & Leisure Pvt Ltd", "filerRelation": "Promoter", "moneyText": "", "startDate": "2013-02-27", "ownership": "D"}], "maxAge": 1}, "quoteType": {"exchange": "BSE", "quoteType": "EQUITY", "symbol": "CRAVATEX.BO", "underlyingSymbol": "CRAVATEX.BO", "shortName": "CRAVATEX LTD.", "longName": "Cravatex Limited", "firstTradeDateEpochUtc": "2002-05-14 09:15:00", "timeZoneFullName": "Asia/Kolkata", "timeZoneShortName": "IST", "uuid": "64c936a2-297d-33e7-b18d-6019e6ce2a3d", "messageBoardId": null, "gmtOffSetMilliseconds": 19800000, "maxAge": 1}, "incomeStatementHistory": {"incomeStatementHistory": [{"maxAge": 1, "endDate": "2020-03-31", "totalRevenue": 7824417000, "costOfRevenue": 5564114000, "grossProfit": 2260303000, "researchDevelopment": {}, "sellingGeneralAdministrative": 1087055000, "nonRecurring": {}, "otherOperatingExpenses": 1009646000, "totalOperatingExpenses": 7794909000, "operatingIncome": 29508000, "totalOtherIncomeExpenseNet": -108923000, "ebit": 29508000, "interestExpense": -108855000, "incomeBeforeTax": -79415000, "incomeTaxExpense": 6086000, "minorityInterest": 160492000, "netIncomeFromContinuingOps": -85501000, "discontinuedOperations": {}, "extraordinaryItems": {}, "effectOfAccountingCharges": {}, "otherItems": {}, "netIncome": -85493000, "netIncomeApplicableToCommonShares": -85493000}, {"maxAge": 1, "endDate": "2019-03-31", "totalRevenue": 7207120000, "costOfRevenue": 5140240000, "grossProfit": 2066880000, "researchDevelopment": {}, "sellingGeneralAdministrative": 939550000, "nonRecurring": {}, "otherOperatingExpenses": 849296000, "totalOperatingExpenses": 6986414000, "operatingIncome": 220706000, "totalOtherIncomeExpenseNet": -51867000, "ebit": 220706000, "interestExpense": -50939000, "incomeBeforeTax": 168839000, "incomeTaxExpense": 62222000, "minorityInterest": -1000, "netIncomeFromContinuingOps": 106617000, "discontinuedOperations": {}, "extraordinaryItems": {}, "effectOfAccountingCharges": {}, "otherItems": {}, "netIncome": 106620000, "netIncomeApplicableToCommonShares": 106620000}, {"maxAge": 1, "endDate": "2018-03-31", "totalRevenue": 3584719000, "costOfRevenue": 2506493000, "grossProfit": 1078226000, "researchDevelopment": {}, "sellingGeneralAdministrative": 590842000, "nonRecurring": {}, "otherOperatingExpenses": 522639000, "totalOperatingExpenses": 3677313000, "operatingIncome": -92594000, "totalOtherIncomeExpenseNet": -28349000, "ebit": -92594000, "interestExpense": -44215000, "incomeBeforeTax": -120943000, "incomeTaxExpense": 2435000, "minorityInterest": 2000, "netIncomeFromContinuingOps": -123378000, "discontinuedOperations": {}, "extraordinaryItems": {}, "effectOfAccountingCharges": {}, "otherItems": {}, "netIncome": -123372000, "netIncomeApplicableToCommonShares": -123372000}, {"maxAge": 1, "endDate": "2017-03-31", "totalRevenue": 2692277000, "costOfRevenue": 1820010000, "grossProfit": 872267000, "researchDevelopment": {}, "sellingGeneralAdministrative": 456687000, "nonRecurring": {}, "otherOperatingExpenses": 438905000, "totalOperatingExpenses": 2749569000, "operatingIncome": -57292000, "totalOtherIncomeExpenseNet": -94358000, "ebit": -57292000, "interestExpense": -84765000, "incomeBeforeTax": -151650000, "incomeTaxExpense": -12992000, "minorityInterest": 9000, "netIncomeFromContinuingOps": -138658000, "discontinuedOperations": {}, "extraordinaryItems": {}, "effectOfAccountingCharges": {}, "otherItems": {}, "netIncome": -138656000, "netIncomeApplicableToCommonShares": -138656000}], "maxAge": 86400}, "fundOwnership": {"maxAge": 1, "ownershipList": []}, "summaryDetail": {"maxAge": 1, "priceHint": 2, "previousClose": 248.0, "open": 268.0, "dayLow": 241.0, "dayHigh": 289.0, "regularMarketPreviousClose": 248.0, "regularMarketOpen": 268.0, "regularMarketDayLow": 241.0, "regularMarketDayHigh": 289.0, "volume": 848, "regularMarketVolume": 848, "averageVolume": 332, "averageVolume10days": 125, "averageDailyVolume10Day": 125, "bid": 0.0, "ask": 277.0, "bidSize": 0, "askSize": 0, "marketCap": 664129152, "fiftyTwoWeekLow": 230.0, "fiftyTwoWeekHigh": 429.45, "fiftyDayAverage": 273.93286, "twoHundredDayAverage": 283.529, "trailingAnnualDividendRate": 3.0, "trailingAnnualDividendYield": 0.012096774, "currency": "INR", "fromCurrency": null, "toCurrency": null, "lastMarket": null, "algorithm": null, "tradeable": false}, "incomeStatementHistoryQuarterly": {"incomeStatementHistory": [{"maxAge": 1, "endDate": "2020-06-30", "totalRevenue": 529634000, "costOfRevenue": 322733000, "grossProfit": 206901000, "researchDevelopment": {}, "sellingGeneralAdministrative": 99870000, "nonRecurring": {}, "otherOperatingExpenses": 104549000, "totalOperatingExpenses": 566102000, "operatingIncome": -36468000, "totalOtherIncomeExpenseNet": -28927000, "ebit": -36468000, "interestExpense": -28927000, "incomeBeforeTax": -65395000, "incomeTaxExpense": 3482000, "minorityInterest": {}, "netIncomeFromContinuingOps": -68877000, "discontinuedOperations": {}, "extraordinaryItems": {}, "effectOfAccountingCharges": {}, "otherItems": {}, "netIncome": -68874000, "netIncomeApplicableToCommonShares": -68874000}, {"maxAge": 1, "endDate": "2020-03-31", "totalRevenue": 1746100000, "costOfRevenue": 1293241000, "grossProfit": 452859000, "researchDevelopment": {}, "sellingGeneralAdministrative": 626176000, "nonRecurring": {}, "otherOperatingExpenses": -57821000, "totalOperatingExpenses": 1901575000, "operatingIncome": -155475000, "totalOtherIncomeExpenseNet": -32718000, "ebit": -155475000, "interestExpense": -32650000, "incomeBeforeTax": -188193000, "incomeTaxExpense": -54167000, "minorityInterest": 160492000, "netIncomeFromContinuingOps": -134026000, "discontinuedOperations": {}, "extraordinaryItems": {}, "effectOfAccountingCharges": {}, "otherItems": {}, "netIncome": -134023000, "netIncomeApplicableToCommonShares": -134023000}, {"maxAge": 1, "endDate": "2019-12-31", "totalRevenue": 2025995000, "costOfRevenue": 1417488000, "grossProfit": 608507000, "researchDevelopment": {}, "sellingGeneralAdministrative": 165132000, "nonRecurring": {}, "otherOperatingExpenses": 358903000, "totalOperatingExpenses": 1976793000, "operatingIncome": 49202000, "totalOtherIncomeExpenseNet": -29026000, "ebit": 49202000, "interestExpense": -29026000, "incomeBeforeTax": 20176000, "incomeTaxExpense": 13535000, "minorityInterest": 160492000, "netIncomeFromContinuingOps": 6641000, "discontinuedOperations": {}, "extraordinaryItems": {}, "effectOfAccountingCharges": {}, "otherItems": {}, "netIncome": 6642000, "netIncomeApplicableToCommonShares": 6642000}, {"maxAge": 1, "endDate": "2019-09-30", "totalRevenue": 2439180000, "costOfRevenue": 1671354000, "grossProfit": 767826000, "researchDevelopment": {}, "sellingGeneralAdministrative": 171381000, "nonRecurring": {}, "otherOperatingExpenses": 428261000, "totalOperatingExpenses": 2300644000, "operatingIncome": 138536000, "totalOtherIncomeExpenseNet": -28817000, "ebit": 138536000, "interestExpense": -28817000, "incomeBeforeTax": 109719000, "incomeTaxExpense": 29336000, "minorityInterest": -5000, "netIncomeFromContinuingOps": 80383000, "discontinuedOperations": {}, "extraordinaryItems": {}, "effectOfAccountingCharges": {}, "otherItems": {}, "netIncome": 80384000, "netIncomeApplicableToCommonShares": 80384000}], "maxAge": 86400}, "cashflowStatementHistoryQuarterly": {"cashflowStatements": [{"maxAge": 1, "endDate": "2020-06-30", "netIncome": -68874000, "changeToLiabilities": 0}, {"maxAge": 1, "endDate": "2020-03-31", "netIncome": -134023000, "changeToLiabilities": 0}, {"maxAge": 1, "endDate": "2019-12-31", "netIncome": 6642000, "changeToLiabilities": 0}, {"maxAge": 1, "endDate": "2019-09-30", "netIncome": 80384000, "changeToLiabilities": 0}], "maxAge": 86400}, "insiderHolders": {"holders": [{"maxAge": 1, "name": "Batra (Jamna)", "relation": "Promoter", "url": "", "transactionDescription": "Sale", "latestTransDate": "2013-03-19", "positionDirect": 20, "positionDirectDate": "2013-03-19"}, {"maxAge": 1, "name": "Batra (Raj)", "relation": "Promoter", "url": "", "transactionDescription": "Sale", "latestTransDate": "2013-03-19", "positionDirect": 10, "positionDirectDate": "2013-03-19"}, {"maxAge": 1, "name": "Batra (Rajesh)", "relation": "Chairman of the Board", "url": "", "transactionDescription": "Sale", "latestTransDate": "2013-02-27", "positionDirect": 12910, "positionDirectDate": "2013-02-27"}, {"maxAge": 1, "name": "Batra (Rajiv Kumar)", "relation": "Promoter", "url": "", "transactionDescription": "Sale", "latestTransDate": "2013-08-29", "positionDirect": 20, "positionDirectDate": "2013-08-29"}, {"maxAge": 1, "name": "Proline Exports Pvt Ltd", "relation": "Promoter", "url": "", "transactionDescription": "Sale", "latestTransDate": "2013-02-27", "positionDirect": 10, "positionDirectDate": "2013-02-27"}, {"maxAge": 1, "name": "Promark Fitness & Leisure Pvt Ltd", "relation": "Promoter", "url": "", "transactionDescription": "Other", "latestTransDate": "2013-10-18", "positionDirect": 0, "positionDirectDate": "2013-10-18"}], "maxAge": 1}, "calendarEvents": {"maxAge": 1, "earnings": {"earningsDate": []}}, "price": {"maxAge": 1, "regularMarketChangePercent": 0.03629032, "regularMarketChange": 9.0, "regularMarketTime": "2021-04-30 15:55:49", "priceHint": 2, "regularMarketPrice": 257.0, "regularMarketDayHigh": 289.0, "regularMarketDayLow": 241.0, "regularMarketVolume": 848, "averageDailyVolume10Day": 125, "averageDailyVolume3Month": 332, "regularMarketPreviousClose": 248.0, "regularMarketSource": "FREE_REALTIME", "regularMarketOpen": 268.0, "exchange": "BSE", "exchangeName": "BSE", "exchangeDataDelayedBy": 0, "marketState": "CLOSED", "quoteType": "EQUITY", "symbol": "CRAVATEX.BO", "underlyingSymbol": null, "shortName": "CRAVATEX LTD.", "longName": "Cravatex Limited", "currency": "INR", "quoteSourceName": "Delayed Quote", "currencySymbol": "\u20b9", "fromCurrency": null, "toCurrency": null, "lastMarket": null, "marketCap": 664129152}, "balanceSheetHistory": {"balanceSheetStatements": [{"maxAge": 1, "endDate": "2020-03-31", "cash": 360822000, "shortTermInvestments": 127732000, "netReceivables": 1184638000, "inventory": 713597000, "otherCurrentAssets": 94305000, "totalCurrentAssets": 2740088000, "longTermInvestments": 3002000, "propertyPlantEquipment": 437122000, "intangibleAssets": 289246000, "otherAssets": 121852000, "totalAssets": 3591310000, "accountsPayable": 273745000, "shortLongTermDebt": 992000, "otherCurrentLiab": 1020240000, "longTermDebt": 832888000, "otherLiab": 98468000, "minorityInterest": 160492000, "totalCurrentLiabilities": 1971587000, "totalLiab": 3184196000, "commonStock": 25842000, "retainedEarnings": 53046000, "treasuryStock": 28234000, "capitalSurplus": 139500000, "otherStockholderEquity": 28234000, "totalStockholderEquity": 246622000, "netTangibleAssets": -42624000}, {"maxAge": 1, "endDate": "2019-03-31", "cash": 40038000, "shortTermInvestments": 24568000, "netReceivables": 1510550000, "inventory": 837159000, "otherCurrentAssets": 28639000, "totalCurrentAssets": 2472147000, "longTermInvestments": 3102000, "propertyPlantEquipment": 81097000, "intangibleAssets": 328759000, "otherAssets": 106887000, "totalAssets": 2991992000, "accountsPayable": 225511000, "shortLongTermDebt": 11960000, "otherCurrentLiab": 1280391000, "longTermDebt": 840220000, "otherLiab": 77133000, "minorityInterest": -1000, "totalCurrentLiabilities": 1876866000, "totalLiab": 2794219000, "commonStock": 25842000, "retainedEarnings": 160567000, "treasuryStock": 11365000, "otherStockholderEquity": 11365000, "totalStockholderEquity": 197774000, "netTangibleAssets": -130985000}, {"maxAge": 1, "endDate": "2018-03-31", "cash": 56430000, "shortTermInvestments": 17521000, "netReceivables": 1050995000, "inventory": 362780000, "otherCurrentAssets": 11830000, "totalCurrentAssets": 1583543000, "longTermInvestments": 2720000, "propertyPlantEquipment": 41867000, "intangibleAssets": 367458000, "otherAssets": 88943000, "totalAssets": 2084531000, "accountsPayable": 608786000, "shortLongTermDebt": 13580000, "otherCurrentLiab": 207540000, "longTermDebt": 834251000, "otherLiab": 88775000, "minorityInterest": 2000, "totalCurrentLiabilities": 1068204000, "totalLiab": 1991230000, "commonStock": 25842000, "retainedEarnings": 62332000, "treasuryStock": 5125000, "otherStockholderEquity": 5125000, "totalStockholderEquity": 93299000, "netTangibleAssets": -274159000}, {"maxAge": 1, "endDate": "2017-03-31", "cash": 566871000, "shortTermInvestments": 8438000, "netReceivables": 632201000, "inventory": 416111000, "otherCurrentAssets": 9532000, "totalCurrentAssets": 1642734000, "longTermInvestments": 2720000, "propertyPlantEquipment": 54045000, "intangibleAssets": 406602000, "otherAssets": 92620000, "totalAssets": 2198721000, "accountsPayable": 324879000, "shortLongTermDebt": 27535000, "otherCurrentLiab": 196626000, "longTermDebt": 799274000, "otherLiab": 76066000, "minorityInterest": 9000, "totalCurrentLiabilities": 1104704000, "totalLiab": 1980044000, "commonStock": 25842000, "retainedEarnings": 191179000, "treasuryStock": 1647000, "otherStockholderEquity": 1647000, "totalStockholderEquity": 218668000, "netTangibleAssets": -187934000}], "maxAge": 86400}, "financialData": {"maxAge": 86400, "currentPrice": 257.0, "recommendationKey": "none", "grossProfits": 2260303000, "financialCurrency": "INR"}}}