{"CREATIVE.BO": {"cashflowStatementHistory": {"cashflowStatements": [{"maxAge": 1, "endDate": "2020-03-31", "netIncome": 30127900, "depreciation": 5737670, "changeToNetincome": -4008689, "changeToAccountReceivables": 12785116, "changeToLiabilities": -331707, "changeToInventory": -19685028, "changeToOperatingActivities": 46222, "totalCashFromOperatingActivities": 24838642, "capitalExpenditures": -873356, "investments": -1656071, "otherCashflowsFromInvestingActivities": 2859086, "totalCashflowsFromInvestingActivities": 329659, "dividendsPaid": -13000000, "otherCashflowsFromFinancingActivities": -2739095, "totalCashFromFinancingActivities": -15739095, "changeInCash": 9429205}, {"maxAge": 1, "endDate": "2019-03-31", "netIncome": 34652578, "depreciation": 5882533, "changeToNetincome": -3168866, "changeToAccountReceivables": 10624140, "changeToLiabilities": -6066087, "changeToInventory": -2022558, "changeToOperatingActivities": 7388578, "totalCashFromOperatingActivities": 47414285, "capitalExpenditures": -1951528, "investments": -36294844, "otherCashflowsFromInvestingActivities": 3284780, "totalCashflowsFromInvestingActivities": -34605592, "dividendsPaid": -13000000, "netBorrowings": -87, "otherCashflowsFromFinancingActivities": -2758613, "totalCashFromFinancingActivities": -15758700, "changeInCash": -2950007}, {"maxAge": 1, "endDate": "2018-03-31", "netIncome": 30848305, "depreciation": 5948658, "changeToNetincome": 525744, "changeToAccountReceivables": -34470966, "changeToLiabilities": 13773495, "changeToInventory": -4199499, "changeToOperatingActivities": -2864127, "totalCashFromOperatingActivities": 9705795, "capitalExpenditures": -6811279, "investments": -1807310, "otherCashflowsFromInvestingActivities": 1112644, "totalCashflowsFromInvestingActivities": -7505945, "dividendsPaid": -13000000, "netBorrowings": 87, "otherCashflowsFromFinancingActivities": -110031, "totalCashFromFinancingActivities": -109944, "changeInCash": 2089906}, {"maxAge": 1, "endDate": "2017-03-31", "netIncome": 26527295, "depreciation": 5366415, "changeToNetincome": -4439707, "changeToAccountReceivables": 8445763, "changeToLiabilities": 4602715, "changeToInventory": 1094638, "changeToOperatingActivities": 619337, "totalCashFromOperatingActivities": 42304400, "capitalExpenditures": -10370130, "investments": -11662185, "otherCashflowsFromInvestingActivities": 3562959, "totalCashflowsFromInvestingActivities": -18069356, "dividendsPaid": -16900000, "netBorrowings": -1684869, "otherCashflowsFromFinancingActivities": -3507474, "totalCashFromFinancingActivities": -22092343, "changeInCash": 2142701}], "maxAge": 86400}, "institutionOwnership": {"maxAge": 1, "ownershipList": []}, "balanceSheetHistoryQuarterly": {"balanceSheetStatements": [{"maxAge": 1, "endDate": "2020-06-30", "totalStockholderEquity": 266337000, "netTangibleAssets": 265869000}, {"maxAge": 1, "endDate": "2020-03-31", "cash": 13388556, "netReceivables": 64537616, "inventory": 54149932, "otherCurrentAssets": 12974983, "totalCurrentAssets": 234175392, "longTermInvestments": 7238442, "propertyPlantEquipment": 66716586, "intangibleAssets": 468034, "otherAssets": 17824376, "totalAssets": 326422830, "accountsPayable": 31847033, "otherCurrentLiab": 14320036, "otherLiab": 8457021, "totalCurrentLiabilities": 51628603, "totalLiab": 60085624, "commonStock": 13000000, "retainedEarnings": 241969347, "treasuryStock": 1367859, "capitalSurplus": 10000000, "otherStockholderEquity": 1367859, "totalStockholderEquity": 266337206, "netTangibleAssets": 265869172}, {"maxAge": 1, "endDate": "2019-12-31", "totalStockholderEquity": 253183000, "netTangibleAssets": 252703000}, {"maxAge": 1, "endDate": "2019-09-30", "cash": 3297000, "shortTermInvestments": 68892000, "netReceivables": 82961000, "inventory": 38894000, "otherCurrentAssets": 16482000, "totalCurrentAssets": 210526000, "longTermInvestments": 10071000, "propertyPlantEquipment": 69309000, "intangibleAssets": 480000, "otherAssets": 5559000, "totalAssets": 295945000, "accountsPayable": 27655000, "otherCurrentLiab": 1634000, "otherLiab": 9493000, "totalCurrentLiabilities": 33269000, "totalLiab": 42762000, "commonStock": 13000000, "treasuryStock": 240183000, "otherStockholderEquity": 240183000, "totalStockholderEquity": 253183000, "netTangibleAssets": 252703000}], "maxAge": 86400}, "indexTrend": {"maxAge": 1, "symbol": "SP5", "peRatio": 19.7411, "pegRatio": 1.34172, "estimates": [{"period": "0q", "growth": 0.549}, {"period": "+1q", "growth": 0.431}, {"period": "0y", "growth": 0.305}, {"period": "+1y", "growth": 0.109}, {"period": "+5y", "growth": 0.120865}, {"period": "-5y"}]}, "insiderTransactions": {"transactions": [{"maxAge": 1, "shares": 37375, "filerUrl": "", "transactionText": "", "filerName": "Vaishnav (Siddarth)", "filerRelation": "Promoter", "moneyText": "", "startDate": "2020-05-30", "ownership": "D"}, {"maxAge": 1, "shares": 19000, "filerUrl": "", "transactionText": "", "filerName": "Vaishnav (Siddharth & Diptiben Siddharthbhai)", "filerRelation": "Promoter", "moneyText": "", "startDate": "2020-05-30", "ownership": "D"}, {"maxAge": 1, "shares": 56375, "filerUrl": "", "transactionText": "", "filerName": "Vaishnav (Vallabhbhai Ramjibhai)", "filerRelation": "Promoter", "moneyText": "", "startDate": "2020-05-30", "ownership": "D"}], "maxAge": 1}, "quoteType": {"exchange": "BSE", "quoteType": "EQUITY", "symbol": "CREATIVE.BO", "underlyingSymbol": "CREATIVE.BO", "shortName": "Creative Castings Limited", "longName": "Creative Castings Limited", "firstTradeDateEpochUtc": "2016-01-06 09:15:00", "timeZoneFullName": "Asia/Kolkata", "timeZoneShortName": "IST", "uuid": "5bac5391-32d1-31a1-ac5a-05ad5f0434a8", "messageBoardId": null, "gmtOffSetMilliseconds": 19800000, "maxAge": 1}, "incomeStatementHistory": {"incomeStatementHistory": [{"maxAge": 1, "endDate": "2020-03-31", "totalRevenue": 313139152, "costOfRevenue": 120052691, "grossProfit": 193086461, "researchDevelopment": {}, "sellingGeneralAdministrative": 44337345, "nonRecurring": {}, "otherOperatingExpenses": 111276824, "totalOperatingExpenses": 281571688, "operatingIncome": 31567464, "totalOtherIncomeExpenseNet": 7635976, "ebit": 31567464, "interestExpense": -66906, "incomeBeforeTax": 39203440, "incomeTaxExpense": 9075540, "minorityInterest": {}, "netIncomeFromContinuingOps": 30127900, "discontinuedOperations": {}, "extraordinaryItems": {}, "effectOfAccountingCharges": {}, "otherItems": {}, "netIncome": 30127900, "netIncomeApplicableToCommonShares": 30127900}, {"maxAge": 1, "endDate": "2019-03-31", "totalRevenue": 303414110, "costOfRevenue": 118240091, "grossProfit": 185174019, "researchDevelopment": {}, "sellingGeneralAdministrative": 41895398, "nonRecurring": {}, "otherOperatingExpenses": 98468397, "totalOperatingExpenses": 264610386, "operatingIncome": 38803724, "totalOtherIncomeExpenseNet": 5158130, "ebit": 38803724, "interestExpense": -86424, "incomeBeforeTax": 43961854, "incomeTaxExpense": 9309276, "minorityInterest": {}, "netIncomeFromContinuingOps": 34652578, "discontinuedOperations": {}, "extraordinaryItems": {}, "effectOfAccountingCharges": {}, "otherItems": {}, "netIncome": 34652578, "netIncomeApplicableToCommonShares": 34652578}, {"maxAge": 1, "endDate": "2018-03-31", "totalRevenue": 334434310, "costOfRevenue": 137387913, "grossProfit": 197046397, "researchDevelopment": {}, "sellingGeneralAdministrative": 42402932, "nonRecurring": {}, "otherOperatingExpenses": 111886648, "totalOperatingExpenses": 297770336, "operatingIncome": 36663974, "totalOtherIncomeExpenseNet": 4191541, "ebit": 36663974, "interestExpense": -110031, "incomeBeforeTax": 40855515, "incomeTaxExpense": 10007210, "minorityInterest": {}, "netIncomeFromContinuingOps": 30848305, "discontinuedOperations": {}, "extraordinaryItems": {}, "effectOfAccountingCharges": {}, "otherItems": {}, "netIncome": 30848305, "netIncomeApplicableToCommonShares": 30848305}, {"maxAge": 1, "endDate": "2017-03-31", "totalRevenue": 270435947, "costOfRevenue": 105671608, "grossProfit": 164764339, "researchDevelopment": {}, "sellingGeneralAdministrative": 35418619, "nonRecurring": {}, "otherOperatingExpenses": 93971761, "totalOperatingExpenses": 240516347, "operatingIncome": 29919600, "totalOtherIncomeExpenseNet": 3123361, "ebit": 29919600, "interestExpense": -67032, "incomeBeforeTax": 33042961, "incomeTaxExpense": 6515666, "minorityInterest": {}, "netIncomeFromContinuingOps": 26527295, "discontinuedOperations": {}, "extraordinaryItems": {}, "effectOfAccountingCharges": {}, "otherItems": {}, "netIncome": 26527295, "netIncomeApplicableToCommonShares": 26527295}], "maxAge": 86400}, "fundOwnership": {"maxAge": 1, "ownershipList": []}, "summaryDetail": {"maxAge": 1, "priceHint": 2, "previousClose": 360.0, "open": 360.0, "dayLow": 360.0, "dayHigh": 360.0, "regularMarketPreviousClose": 360.0, "regularMarketOpen": 360.0, "regularMarketDayLow": 360.0, "regularMarketDayHigh": 360.0, "trailingPE": 16.900614, "volume": 30, "regularMarketVolume": 30, "averageVolume": 38, "averageVolume10days": 3, "averageDailyVolume10Day": 3, "bid": 342.15, "ask": 358.0, "bidSize": 0, "askSize": 0, "marketCap": 468000000, "fiftyTwoWeekLow": 230.0, "fiftyTwoWeekHigh": 462.0, "fiftyDayAverage": 352.16858, "twoHundredDayAverage": 369.45767, "trailingAnnualDividendRate": 10.0, "trailingAnnualDividendYield": 0.027777778, "currency": "INR", "fromCurrency": null, "toCurrency": null, "lastMarket": null, "algorithm": null, "tradeable": false}, "incomeStatementHistoryQuarterly": {"incomeStatementHistory": [{"maxAge": 1, "endDate": "2020-06-30", "totalRevenue": 80845000, "costOfRevenue": 58812000, "grossProfit": 22033000, "researchDevelopment": {}, "sellingGeneralAdministrative": 10299000, "nonRecurring": {}, "otherOperatingExpenses": 1928000, "totalOperatingExpenses": 72662000, "operatingIncome": 8183000, "totalOtherIncomeExpenseNet": -12000, "ebit": 8183000, "interestExpense": -12000, "incomeBeforeTax": 8171000, "incomeTaxExpense": 2845000, "minorityInterest": {}, "netIncomeFromContinuingOps": 5326000, "discontinuedOperations": {}, "extraordinaryItems": {}, "effectOfAccountingCharges": {}, "otherItems": {}, "netIncome": 5326000, "netIncomeApplicableToCommonShares": 5326000}, {"maxAge": 1, "endDate": "2020-03-31", "totalRevenue": 56538152, "costOfRevenue": -57254309, "grossProfit": 113792461, "researchDevelopment": {}, "sellingGeneralAdministrative": 11448345, "nonRecurring": {}, "otherOperatingExpenses": 106445824, "totalOperatingExpenses": 62169688, "operatingIncome": -5631536, "totalOtherIncomeExpenseNet": 7669976, "ebit": -5631536, "interestExpense": -32906, "incomeBeforeTax": 2038440, "incomeTaxExpense": 475540, "minorityInterest": {}, "netIncomeFromContinuingOps": 1562900, "discontinuedOperations": {}, "extraordinaryItems": {}, "effectOfAccountingCharges": {}, "otherItems": {}, "netIncome": 1562900, "netIncomeApplicableToCommonShares": 1562900}, {"maxAge": 1, "endDate": "2019-12-31", "totalRevenue": 89800000, "costOfRevenue": 60730000, "grossProfit": 29070000, "researchDevelopment": {}, "sellingGeneralAdministrative": 11250000, "nonRecurring": {}, "otherOperatingExpenses": 450000, "totalOperatingExpenses": 73790000, "operatingIncome": 16010000, "totalOtherIncomeExpenseNet": -10000, "ebit": 16010000, "interestExpense": -10000, "incomeBeforeTax": 16000000, "incomeTaxExpense": 3660000, "minorityInterest": {}, "netIncomeFromContinuingOps": 12340000, "discontinuedOperations": {}, "extraordinaryItems": {}, "effectOfAccountingCharges": {}, "otherItems": {}, "netIncome": 12340000, "netIncomeApplicableToCommonShares": 12340000}, {"maxAge": 1, "endDate": "2019-09-30", "totalRevenue": 86216000, "costOfRevenue": 61895000, "grossProfit": 24321000, "researchDevelopment": {}, "sellingGeneralAdministrative": 10689000, "nonRecurring": {}, "otherOperatingExpenses": 1043000, "totalOperatingExpenses": 75144000, "operatingIncome": 11072000, "totalOtherIncomeExpenseNet": -12000, "ebit": 11072000, "interestExpense": -12000, "incomeBeforeTax": 11060000, "incomeTaxExpense": 2610000, "minorityInterest": {}, "netIncomeFromContinuingOps": 8450000, "discontinuedOperations": {}, "extraordinaryItems": {}, "effectOfAccountingCharges": {}, "otherItems": {}, "netIncome": 8450000, "netIncomeApplicableToCommonShares": 8450000}], "maxAge": 86400}, "cashflowStatementHistoryQuarterly": {"cashflowStatements": [{"maxAge": 1, "endDate": "2020-06-30", "netIncome": 5326000, "changeToLiabilities": 0}, {"maxAge": 1, "endDate": "2020-03-31", "netIncome": 1562900, "changeToLiabilities": 0}, {"maxAge": 1, "endDate": "2019-12-31", "netIncome": 12340000, "changeToLiabilities": 0}, {"maxAge": 1, "endDate": "2019-09-30", "netIncome": 8450000, "changeToLiabilities": 0}], "maxAge": 86400}, "insiderHolders": {"holders": [{"maxAge": 1, "name": "Vaishnav (Siddarth)", "relation": "Promoter", "url": "", "transactionDescription": "Gift", "latestTransDate": "2020-05-30", "positionDirect": 0, "positionDirectDate": "2020-05-30"}, {"maxAge": 1, "name": "Vaishnav (Siddharth & Diptiben Siddharthbhai)", "relation": "Promoter", "url": "", "transactionDescription": "Gift", "latestTransDate": "2020-05-30", "positionDirect": 675, "positionDirectDate": "2020-05-30"}, {"maxAge": 1, "name": "Vaishnav (Vallabhbhai Ramjibhai)", "relation": "Promoter", "url": "", "transactionDescription": "Gift", "latestTransDate": "2020-05-30", "positionDirect": 73375, "positionDirectDate": "2020-05-30"}], "maxAge": 1}, "calendarEvents": {"maxAge": 1, "earnings": {"earningsDate": []}}, "price": {"maxAge": 1, "regularMarketChangePercent": 0.0, "regularMarketChange": 0.0, "regularMarketTime": "2021-04-30 11:26:05", "priceHint": 2, "regularMarketPrice": 360.0, "regularMarketDayHigh": 360.0, "regularMarketDayLow": 360.0, "regularMarketVolume": 30, "averageDailyVolume10Day": 3, "averageDailyVolume3Month": 38, "regularMarketPreviousClose": 360.0, "regularMarketSource": "FREE_REALTIME", "regularMarketOpen": 360.0, "exchange": "BSE", "exchangeName": "BSE", "exchangeDataDelayedBy": 0, "marketState": "CLOSED", "quoteType": "EQUITY", "symbol": "CREATIVE.BO", "underlyingSymbol": null, "shortName": "Creative Castings Limited", "longName": "Creative Castings Limited", "currency": "INR", "quoteSourceName": "Delayed Quote", "currencySymbol": "\u20b9", "fromCurrency": null, "toCurrency": null, "lastMarket": null, "marketCap": 468000000}, "balanceSheetHistory": {"balanceSheetStatements": [{"maxAge": 1, "endDate": "2020-03-31", "cash": 13388556, "netReceivables": 64537616, "inventory": 54149932, "otherCurrentAssets": 12974983, "totalCurrentAssets": 234175392, "longTermInvestments": 7238442, "propertyPlantEquipment": 66716586, "intangibleAssets": 468034, "otherAssets": 17824376, "totalAssets": 326422830, "accountsPayable": 31847033, "otherCurrentLiab": 14320036, "otherLiab": 8457021, "totalCurrentLiabilities": 51628603, "totalLiab": 60085624, "commonStock": 13000000, "retainedEarnings": 241969347, "treasuryStock": 1367859, "capitalSurplus": 10000000, "otherStockholderEquity": 1367859, "totalStockholderEquity": 266337206, "netTangibleAssets": 265869172}, {"maxAge": 1, "endDate": "2019-03-31", "cash": 3959351, "netReceivables": 77579068, "inventory": 35662184, "otherCurrentAssets": 11996125, "totalCurrentAssets": 213094479, "longTermInvestments": 10430442, "propertyPlantEquipment": 71655212, "intangibleAssets": 560880, "otherAssets": 14776916, "totalAssets": 310517929, "accountsPayable": 32178740, "otherCurrentLiab": 9683356, "otherLiab": 9608560, "totalCurrentLiabilities": 47980687, "totalLiab": 57589247, "commonStock": 13000000, "retainedEarnings": 227513636, "treasuryStock": 2415046, "capitalSurplus": 10000000, "otherStockholderEquity": 2415046, "totalStockholderEquity": 252928682, "netTangibleAssets": 252367802}, {"maxAge": 1, "endDate": "2018-03-31", "cash": 6909358, "netReceivables": 87693064, "inventory": 32409026, "otherCurrentAssets": 24460007, "totalCurrentAssets": 196171648, "longTermInvestments": 10410957, "propertyPlantEquipment": 75882209, "intangibleAssets": 565021, "otherAssets": 3922586, "totalAssets": 286952421, "accountsPayable": 37959827, "otherCurrentLiab": 1131940, "otherLiab": 7911709, "totalCurrentLiabilities": 45750643, "totalLiab": 53662352, "commonStock": 13000000, "retainedEarnings": 208533247, "treasuryStock": 1756822, "capitalSurplus": 10000000, "otherStockholderEquity": 1756822, "totalStockholderEquity": 233290069, "netTangibleAssets": 232725048}, {"maxAge": 1, "endDate": "2017-03-31", "cash": 4819452, "netReceivables": 52687276, "inventory": 28266962, "otherCurrentAssets": 19419084, "totalCurrentAssets": 158382849, "longTermInvestments": 1580710, "propertyPlantEquipment": 75282876, "intangibleAssets": 445918, "otherAssets": 4291197, "totalAssets": 239983550, "accountsPayable": 24471332, "otherCurrentLiab": 1038569, "otherLiab": 8113898, "totalCurrentLiabilities": 30505289, "totalLiab": 38619187, "commonStock": 13000000, "retainedEarnings": 177684942, "treasuryStock": 679421, "capitalSurplus": 10000000, "otherStockholderEquity": 679421, "totalStockholderEquity": 201364363, "netTangibleAssets": 200918445}], "maxAge": 86400}, "financialData": {"maxAge": 86400, "currentPrice": 360.0, "recommendationKey": "none", "grossProfits": 193086461, "financialCurrency": "INR"}}}