{"CREATIVEYE.BO": {"cashflowStatementHistory": {"cashflowStatements": [{"maxAge": 1, "endDate": "2020-03-31", "netIncome": -45027000, "depreciation": 1556749, "changeToNetincome": 8909637, "changeToAccountReceivables": 64891200, "changeToLiabilities": -39669639, "changeToInventory": 14853691, "changeToOperatingActivities": -4251571, "totalCashFromOperatingActivities": 1263067, "otherCashflowsFromInvestingActivities": 8640033, "totalCashflowsFromInvestingActivities": 8640033, "netBorrowings": -5884128, "otherCashflowsFromFinancingActivities": -3498059, "totalCashFromFinancingActivities": -9382187, "changeInCash": 520913}, {"maxAge": 1, "endDate": "2019-03-31", "netIncome": -49693700, "depreciation": 2225891, "changeToNetincome": 3811383, "changeToAccountReceivables": -50442193, "changeToLiabilities": 51943797, "changeToInventory": 13412811, "changeToOperatingActivities": 18963695, "totalCashFromOperatingActivities": -9778316, "otherCashflowsFromInvestingActivities": 8680830, "totalCashflowsFromInvestingActivities": 8680830, "netBorrowings": 8112259, "otherCashflowsFromFinancingActivities": -6197445, "totalCashFromFinancingActivities": 1914814, "changeInCash": 817328}, {"maxAge": 1, "endDate": "2018-03-31", "netIncome": -44270120, "depreciation": 3078744, "changeToNetincome": -4668367, "changeToAccountReceivables": 44753453, "changeToLiabilities": 9189943, "changeToInventory": -43146549, "changeToOperatingActivities": -11434162, "totalCashFromOperatingActivities": -46497058, "capitalExpenditures": -175440, "otherCashflowsFromInvestingActivities": 8524722, "totalCashflowsFromInvestingActivities": 8349282, "netBorrowings": 39952727, "otherCashflowsFromFinancingActivities": -1959588, "totalCashFromFinancingActivities": 37993139, "changeInCash": -154637}, {"maxAge": 1, "endDate": "2017-03-31", "netIncome": 5317148, "depreciation": 4538948, "changeToNetincome": 12357921, "changeToAccountReceivables": -61617120, "changeToLiabilities": 29394290, "changeToInventory": 20887714, "changeToOperatingActivities": 5238391, "totalCashFromOperatingActivities": 16117292, "capitalExpenditures": -146812, "otherCashflowsFromInvestingActivities": 10742586, "totalCashflowsFromInvestingActivities": 10595774, "netBorrowings": -22207869, "otherCashflowsFromFinancingActivities": -4234527, "totalCashFromFinancingActivities": -26442396, "changeInCash": 270670}], "maxAge": 86400}, "institutionOwnership": {"maxAge": 1, "ownershipList": []}, "balanceSheetHistoryQuarterly": {"balanceSheetStatements": [{"maxAge": 1, "endDate": "2020-06-30", "totalStockholderEquity": 237366000, "netTangibleAssets": 237366000}, {"maxAge": 1, "endDate": "2020-03-31", "cash": 122209000, "netReceivables": 42972000, "inventory": 118212000, "otherCurrentAssets": 35926000, "totalCurrentAssets": 319319000, "longTermInvestments": 6168000, "propertyPlantEquipment": 13760000, "otherAssets": 18467000, "totalAssets": 357714000, "accountsPayable": 61682000, "otherCurrentLiab": 6536000, "otherLiab": 3859000, "totalCurrentLiabilities": 116489000, "totalLiab": 120348000, "commonStock": 100291000, "treasuryStock": 137075000, "otherStockholderEquity": 137075000, "totalStockholderEquity": 237366000, "netTangibleAssets": 237366000}, {"maxAge": 1, "endDate": "2019-12-31", "totalStockholderEquity": 274979000, "netTangibleAssets": 274979000}, {"maxAge": 1, "endDate": "2019-09-30", "cash": 121474000, "netReceivables": 92121000, "inventory": 134259000, "otherCurrentAssets": 35220000, "totalCurrentAssets": 383074000, "longTermInvestments": 7743000, "propertyPlantEquipment": 14533000, "otherAssets": 18114000, "totalAssets": 423464000, "accountsPayable": 101326000, "otherCurrentLiab": 11886000, "otherLiab": 4228000, "totalCurrentLiabilities": 144257000, "totalLiab": 148485000, "commonStock": 100291000, "treasuryStock": 174688000, "otherStockholderEquity": 174688000, "totalStockholderEquity": 274979000, "netTangibleAssets": 274979000}], "maxAge": 86400}, "indexTrend": {"maxAge": 1, "symbol": "SP5", "peRatio": 19.7411, "pegRatio": 1.34172, "estimates": [{"period": "0q", "growth": 0.549}, {"period": "+1q", "growth": 0.431}, {"period": "0y", "growth": 0.305}, {"period": "+1y", "growth": 0.109}, {"period": "+5y", "growth": 0.120859005}, {"period": "-5y"}]}, "insiderTransactions": {"transactions": [{"maxAge": 1, "shares": 3534, "filerUrl": "", "transactionText": "", "filerName": "Kochhar (Dheeraj Kumar)", "filerRelation": "Chairman of the Board", "moneyText": "", "startDate": "2013-06-10", "ownership": "D"}, {"maxAge": 1, "shares": 4547, "filerUrl": "", "transactionText": "", "filerName": "Kochhar (Dheeraj Kumar)", "filerRelation": "Chairman of the Board", "moneyText": "", "startDate": "2011-12-01", "ownership": "D"}, {"maxAge": 1, "shares": 596, "filerUrl": "", "transactionText": "", "filerName": "Kochhar (Dheeraj Kumar)", "filerRelation": "Chairman of the Board", "moneyText": "", "startDate": "2011-11-30", "ownership": "D"}, {"maxAge": 1, "shares": 500, "filerUrl": "", "transactionText": "", "filerName": "Kochhar (Dheeraj Kumar)", "filerRelation": "Chairman of the Board", "moneyText": "", "startDate": "2011-11-29", "ownership": "D"}, {"maxAge": 1, "shares": 1503, "filerUrl": "", "transactionText": "", "filerName": "Kochhar (Dheeraj Kumar)", "filerRelation": "Chairman of the Board", "moneyText": "", "startDate": "2011-11-28", "ownership": "D"}], "maxAge": 1}, "quoteType": {"exchange": "BSE", "quoteType": "EQUITY", "symbol": "CREATIVEYE.BO", "underlyingSymbol": "CREATIVEYE.BO", "shortName": "CREATIVE EYE LTD.", "longName": "Creative Eye Limited", "firstTradeDateEpochUtc": "2001-08-08 09:15:00", "timeZoneFullName": "Asia/Kolkata", "timeZoneShortName": "IST", "uuid": "5f7a066c-dee8-369e-8be4-4bef5fcd157a", "messageBoardId": null, "gmtOffSetMilliseconds": 19800000, "maxAge": 1}, "incomeStatementHistory": {"incomeStatementHistory": [{"maxAge": 1, "endDate": "2020-03-31", "totalRevenue": 181060000, "costOfRevenue": 194114000, "grossProfit": -13054000, "researchDevelopment": {}, "sellingGeneralAdministrative": {}, "nonRecurring": {}, "otherOperatingExpenses": 34837000, "totalOperatingExpenses": 230508000, "operatingIncome": -49448000, "totalOtherIncomeExpenseNet": 4421000, "ebit": -49448000, "interestExpense": -4312000, "incomeBeforeTax": -45027000, "incomeTaxExpense": 0, "minorityInterest": {}, "netIncomeFromContinuingOps": -45027000, "discontinuedOperations": {}, "extraordinaryItems": {}, "effectOfAccountingCharges": {}, "otherItems": {}, "netIncome": -45027000, "netIncomeApplicableToCommonShares": -45027000}, {"maxAge": 1, "endDate": "2019-03-31", "totalRevenue": 289266161, "costOfRevenue": 316375927, "grossProfit": -27109766, "researchDevelopment": {}, "sellingGeneralAdministrative": 624000, "nonRecurring": {}, "otherOperatingExpenses": 21783275, "totalOperatingExpenses": 341009093, "operatingIncome": -51742932, "totalOtherIncomeExpenseNet": 2049232, "ebit": -51742932, "interestExpense": -6197445, "incomeBeforeTax": -49693700, "incomeTaxExpense": 0, "minorityInterest": {}, "netIncomeFromContinuingOps": -49693700, "discontinuedOperations": {}, "extraordinaryItems": {}, "effectOfAccountingCharges": {}, "otherItems": {}, "netIncome": -49693700, "netIncomeApplicableToCommonShares": -49693700}, {"maxAge": 1, "endDate": "2018-03-31", "totalRevenue": 76645548, "costOfRevenue": 105302324, "grossProfit": -28656776, "researchDevelopment": {}, "sellingGeneralAdministrative": 624000, "nonRecurring": {}, "otherOperatingExpenses": 19512724, "totalOperatingExpenses": 128517792, "operatingIncome": -51872244, "totalOtherIncomeExpenseNet": 6168042, "ebit": -51872244, "interestExpense": -1959588, "incomeBeforeTax": -45704202, "incomeTaxExpense": -1434082, "minorityInterest": {}, "netIncomeFromContinuingOps": -44270120, "discontinuedOperations": {}, "extraordinaryItems": {}, "effectOfAccountingCharges": {}, "otherItems": {}, "netIncome": -44270120, "netIncomeApplicableToCommonShares": -44270120}, {"maxAge": 1, "endDate": "2017-03-31", "totalRevenue": 173201171, "costOfRevenue": 181590045, "grossProfit": -8388874, "researchDevelopment": {}, "sellingGeneralAdministrative": 614400, "nonRecurring": {}, "otherOperatingExpenses": 11169691, "totalOperatingExpenses": 197913084, "operatingIncome": -24711913, "totalOtherIncomeExpenseNet": 29993080, "ebit": -24711913, "interestExpense": -4234527, "incomeBeforeTax": 5281167, "incomeTaxExpense": -35981, "minorityInterest": {}, "netIncomeFromContinuingOps": 5317148, "discontinuedOperations": {}, "extraordinaryItems": {}, "effectOfAccountingCharges": {}, "otherItems": {}, "netIncome": 5317148, "netIncomeApplicableToCommonShares": 5317148}], "maxAge": 86400}, "fundOwnership": {"maxAge": 1, "ownershipList": []}, "summaryDetail": {"maxAge": 1, "priceHint": 4, "previousClose": 3.04, "open": 3.04, "dayLow": 3.04, "dayHigh": 3.04, "regularMarketPreviousClose": 3.04, "regularMarketOpen": 3.04, "regularMarketDayLow": 3.04, "regularMarketDayHigh": 3.04, "volume": 750, "regularMarketVolume": 750, "averageVolume": 5912, "averageVolume10days": 4709, "averageDailyVolume10Day": 4709, "bid": 0.0, "ask": 3.04, "bidSize": 0, "askSize": 0, "marketCap": 60976928, "fiftyTwoWeekLow": 0.95, "fiftyTwoWeekHigh": 4.59, "fiftyDayAverage": 3.3657143, "twoHundredDayAverage": 3.0887592, "currency": "INR", "fromCurrency": null, "toCurrency": null, "lastMarket": null, "algorithm": null, "tradeable": false}, "incomeStatementHistoryQuarterly": {"incomeStatementHistory": [{"maxAge": 1, "endDate": "2020-06-30", "totalRevenue": 40512000, "costOfRevenue": 4171000, "grossProfit": 36341000, "researchDevelopment": {}, "sellingGeneralAdministrative": {}, "nonRecurring": {}, "otherOperatingExpenses": 10777000, "totalOperatingExpenses": 15232000, "operatingIncome": 25280000, "totalOtherIncomeExpenseNet": 807000, "ebit": 25280000, "interestExpense": -1693000, "incomeBeforeTax": 26087000, "incomeTaxExpense": 0, "minorityInterest": {}, "netIncomeFromContinuingOps": 26087000, "discontinuedOperations": {}, "extraordinaryItems": {}, "effectOfAccountingCharges": {}, "otherItems": {}, "netIncome": 26087000, "netIncomeApplicableToCommonShares": 26087000}, {"maxAge": 1, "endDate": "2020-03-31", "totalRevenue": 9975000, "costOfRevenue": 15947000, "grossProfit": -5972000, "researchDevelopment": {}, "sellingGeneralAdministrative": {}, "nonRecurring": {}, "otherOperatingExpenses": 10113000, "totalOperatingExpenses": 26444000, "operatingIncome": -16469000, "totalOtherIncomeExpenseNet": 1202000, "ebit": -16469000, "interestExpense": -893000, "incomeBeforeTax": -15267000, "incomeTaxExpense": 0, "minorityInterest": {}, "netIncomeFromContinuingOps": -15267000, "discontinuedOperations": {}, "extraordinaryItems": {}, "effectOfAccountingCharges": {}, "otherItems": {}, "netIncome": -15267000, "netIncomeApplicableToCommonShares": -15267000}, {"maxAge": 1, "endDate": "2019-12-31", "totalRevenue": 24560000, "costOfRevenue": 36561000, "grossProfit": -12001000, "researchDevelopment": {}, "sellingGeneralAdministrative": {}, "nonRecurring": {}, "otherOperatingExpenses": 8721000, "totalOperatingExpenses": 45671000, "operatingIncome": -21111000, "totalOtherIncomeExpenseNet": 699000, "ebit": -21111000, "interestExpense": -1580000, "incomeBeforeTax": -20412000, "incomeTaxExpense": 0, "minorityInterest": {}, "netIncomeFromContinuingOps": -20412000, "discontinuedOperations": {}, "extraordinaryItems": {}, "effectOfAccountingCharges": {}, "otherItems": {}, "netIncome": -20412000, "netIncomeApplicableToCommonShares": -20412000}, {"maxAge": 1, "endDate": "2019-09-30", "totalRevenue": 98587000, "costOfRevenue": 91298000, "grossProfit": 7289000, "researchDevelopment": {}, "sellingGeneralAdministrative": {}, "nonRecurring": {}, "otherOperatingExpenses": 7852000, "totalOperatingExpenses": 99545000, "operatingIncome": -958000, "totalOtherIncomeExpenseNet": 1246000, "ebit": -958000, "interestExpense": -993000, "incomeBeforeTax": 288000, "incomeTaxExpense": 0, "minorityInterest": {}, "netIncomeFromContinuingOps": 288000, "discontinuedOperations": {}, "extraordinaryItems": {}, "effectOfAccountingCharges": {}, "otherItems": {}, "netIncome": 288000, "netIncomeApplicableToCommonShares": 288000}], "maxAge": 86400}, "cashflowStatementHistoryQuarterly": {"cashflowStatements": [{"maxAge": 1, "endDate": "2020-06-30", "netIncome": 26087000, "changeToLiabilities": 0}, {"maxAge": 1, "endDate": "2020-03-31", "netIncome": -15267000, "changeToLiabilities": 0}, {"maxAge": 1, "endDate": "2019-12-31", "netIncome": -20412000, "changeToLiabilities": 0}, {"maxAge": 1, "endDate": "2019-09-30", "netIncome": 288000, "changeToLiabilities": 0}], "maxAge": 86400}, "insiderHolders": {"holders": [{"maxAge": 1, "name": "Kochhar (Dheeraj Kumar)", "relation": "Chairman of the Board", "url": "", "transactionDescription": "Acquisition", "latestTransDate": "2013-06-10", "positionDirect": 3901615, "positionDirectDate": "2013-06-10"}], "maxAge": 1}, "calendarEvents": {"maxAge": 1, "earnings": {"earningsDate": []}}, "price": {"maxAge": 1, "regularMarketChangePercent": 0.0, "regularMarketChange": 0.0, "regularMarketTime": "2021-04-29 15:15:00", "priceHint": 4, "regularMarketPrice": 3.04, "regularMarketDayHigh": 3.04, "regularMarketDayLow": 3.04, "regularMarketVolume": 750, "averageDailyVolume10Day": 4709, "averageDailyVolume3Month": 5912, "regularMarketPreviousClose": 3.04, "regularMarketSource": "FREE_REALTIME", "regularMarketOpen": 3.04, "exchange": "BSE", "exchangeName": "BSE", "exchangeDataDelayedBy": 0, "marketState": "CLOSED", "quoteType": "EQUITY", "symbol": "CREATIVEYE.BO", "underlyingSymbol": null, "shortName": "CREATIVE EYE LTD.", "longName": "Creative Eye Limited", "currency": "INR", "quoteSourceName": "Delayed Quote", "currencySymbol": "\u20b9", "fromCurrency": null, "toCurrency": null, "lastMarket": null, "marketCap": 60976928}, "balanceSheetHistory": {"balanceSheetStatements": [{"maxAge": 1, "endDate": "2020-03-31", "cash": 122209000, "netReceivables": 42972000, "inventory": 118212000, "otherCurrentAssets": 35926000, "totalCurrentAssets": 319319000, "longTermInvestments": 6168000, "propertyPlantEquipment": 13760000, "otherAssets": 18467000, "totalAssets": 357714000, "accountsPayable": 61682000, "otherCurrentLiab": 6536000, "otherLiab": 3859000, "totalCurrentLiabilities": 116489000, "totalLiab": 120348000, "commonStock": 100291000, "treasuryStock": 137075000, "otherStockholderEquity": 137075000, "totalStockholderEquity": 237366000, "netTangibleAssets": 237366000}, {"maxAge": 1, "endDate": "2019-03-31", "cash": 121688033, "shortTermInvestments": 2667000, "netReceivables": 126889399, "inventory": 133065572, "otherCurrentAssets": 34266570, "totalCurrentAssets": 416168036, "longTermInvestments": 8131942, "propertyPlantEquipment": 15316316, "otherAssets": 15441507, "totalAssets": 455057801, "accountsPayable": 101432952, "otherCurrentLiab": 11575510, "otherLiab": 3211934, "totalCurrentLiabilities": 167131169, "totalLiab": 170343103, "commonStock": 100291250, "retainedEarnings": -163954004, "treasuryStock": 8272962, "capitalSurplus": 340104490, "otherStockholderEquity": 8272962, "totalStockholderEquity": 284714698, "netTangibleAssets": 284714698}, {"maxAge": 1, "endDate": "2018-03-31", "cash": 120870705, "netReceivables": 91679566, "inventory": 146478383, "otherCurrentAssets": 41097903, "totalCurrentAssets": 400738793, "longTermInvestments": 7213494, "propertyPlantEquipment": 17542206, "otherAssets": 11388232, "totalAssets": 436882725, "accountsPayable": 49762119, "otherCurrentLiab": 4837010, "otherLiab": 2949035, "totalCurrentLiabilities": 100554924, "totalLiab": 103503959, "commonStock": 100291250, "retainedEarnings": -114260304, "treasuryStock": 7243330, "capitalSurplus": 340104490, "otherStockholderEquity": 7243330, "totalStockholderEquity": 333378766, "netTangibleAssets": 333378766}, {"maxAge": 1, "endDate": "2017-03-31", "cash": 121025342, "netReceivables": 139196427, "inventory": 103331834, "otherCurrentAssets": 34224594, "totalCurrentAssets": 398078029, "longTermInvestments": 6715687, "propertyPlantEquipment": 20445511, "otherAssets": 8538686, "totalAssets": 433777913, "accountsPayable": 41752108, "shortLongTermDebt": 695389, "otherCurrentLiab": 4858557, "otherLiab": 3987196, "totalCurrentLiabilities": 53217812, "totalLiab": 57205008, "commonStock": 100291250, "retainedEarnings": -69990184, "treasuryStock": 6167349, "capitalSurplus": 340104490, "otherStockholderEquity": 6167349, "totalStockholderEquity": 376572905, "netTangibleAssets": 376572905}], "maxAge": 86400}, "financialData": {"maxAge": 86400, "currentPrice": 3.04, "recommendationKey": "none", "grossProfits": -13054000, "financialCurrency": "INR"}}}