{"CREATIVE.NS": {"assetProfile": {"address1": "Plot No. 137AB", "address2": "3rd and 4th Floor Kandivali Co Op Industrial Estate Ltd. Charkop, Kandivali West", "city": "Mumbai", "zip": "400067", "country": "India", "phone": "91 22 5061 2700", "website": "http://www.ecreativeindia.com", "industry": "Electronics & Computer Distribution", "sector": "Technology", "longBusinessSummary": "Creative Peripherals and Distribution Limited distributes information technology (IT)/gaming, imaging, lifestyle, and security products in India and internationally. It offers printers, storage devices and cartridges, as well as PC components, such as monitors, hard disks, CD writers, and CD ROMS; cameras, tripods, and other imaging products and accessories; and TVs, headphones, other lifestyle products, and IT accessories. The company offers its products through sub distributors, channel partners, e-commerce/online channels, large format retails, and system integrators. Creative Peripherals and Distribution Limited was founded in 1992 and is based in Mumbai, India.", "fullTimeEmployees": 150, "companyOfficers": [{"maxAge": 1, "name": "Mr. Ketan Chhaganlal Patel", "age": 50, "title": "Chairman & MD", "yearBorn": 1970, "exercisedValue": 0, "unexercisedValue": 0}, {"maxAge": 1, "name": "Mr. Abhijit  Kanvinde", "title": "Chief Financial Officer", "exercisedValue": 0, "unexercisedValue": 0}, {"maxAge": 1, "name": "Mr. Tejas  Doshi", "age": 32, "title": "Company Sec. & Compliance Officer", "yearBorn": 1988, "exercisedValue": 0, "unexercisedValue": 0}, {"maxAge": 1, "name": "Mr. Vijay Kimatrai Advani", "age": 56, "title": "Whole-time Director", "yearBorn": 1964, "exercisedValue": 0, "unexercisedValue": 0}, {"maxAge": 1, "name": "Ms. Purvi Ketan Patel", "age": 49, "title": "Whole-time Woman Director", "yearBorn": 1971, "exercisedValue": 0, "unexercisedValue": 0}, {"maxAge": 1, "name": "Mr. Upendra  Singh", "title": "National Sales Head", "exercisedValue": 0, "unexercisedValue": 0}, {"maxAge": 1, "name": "Mr. Mitesh  Shah", "age": 44, "title": "Gen. Mang.", "yearBorn": 1976, "exercisedValue": 0, "unexercisedValue": 0}, {"maxAge": 1, "name": "Mr. Amol  Patil", "title": "National Product Head", "exercisedValue": 0, "unexercisedValue": 0}], "maxAge": 86400}, "cashflowStatementHistory": {"cashflowStatements": [{"maxAge": 1, "endDate": "2020-03-31", "netIncome": 77762000, "depreciation": 8589000, "changeToNetincome": 37165000, "changeToAccountReceivables": 54687000, "changeToLiabilities": 215368000, "changeToInventory": -325015000, "changeToOperatingActivities": -92464000, "totalCashFromOperatingActivities": -23908000, "capitalExpenditures": -8226000, "investments": 1824000, "otherCashflowsFromInvestingActivities": -4934000, "totalCashflowsFromInvestingActivities": -11336000, "dividendsPaid": -1801000, "netBorrowings": -40288000, "otherCashflowsFromFinancingActivities": -38721000, "totalCashFromFinancingActivities": 25218000, "effectOfExchangeRate": 3852000, "changeInCash": -6173000, "issuanceOfStock": 106028000}, {"maxAge": 1, "endDate": "2019-03-31", "netIncome": 58477000, "depreciation": 5260000, "changeToNetincome": 41388000, "changeToAccountReceivables": -11985000, "changeToLiabilities": 14034000, "changeToInventory": 1315000, "changeToOperatingActivities": -148394000, "totalCashFromOperatingActivities": -39905000, "capitalExpenditures": -17993000, "investments": 1824000, "otherCashflowsFromInvestingActivities": -877000, "totalCashflowsFromInvestingActivities": -18870000, "dividendsPaid": -900000, "netBorrowings": 106681000, "otherCashflowsFromFinancingActivities": -37429000, "totalCashFromFinancingActivities": 68352000, "effectOfExchangeRate": 3852000, "changeInCash": 9576000, "issuanceOfStock": 106028000}, {"maxAge": 1, "endDate": "2018-03-31", "netIncome": 28876777, "depreciation": 1441657, "changeToNetincome": 31476722, "changeToAccountReceivables": -145599941, "changeToLiabilities": 0, "changeToInventory": -69763160, "changeToOperatingActivities": 117634827, "totalCashFromOperatingActivities": -35087333, "capitalExpenditures": -75269697, "investments": 1824000, "otherCashflowsFromInvestingActivities": -13825249, "totalCashflowsFromInvestingActivities": -89094946, "dividendsPaid": -900000, "netBorrowings": 19369586, "otherCashflowsFromFinancingActivities": -25144931, "totalCashFromFinancingActivities": 129224655, "effectOfExchangeRate": 3852000, "changeInCash": 5042376, "issuanceOfStock": 135000000}, {"maxAge": 1, "endDate": "2017-03-31", "netIncome": 13399181, "depreciation": 1503992, "changeToNetincome": 23213494, "changeToAccountReceivables": -110832724, "changeToLiabilities": 0, "changeToInventory": -79901952, "changeToOperatingActivities": 115303171, "totalCashFromOperatingActivities": -37314838, "capitalExpenditures": -1260799, "investments": 1824000, "otherCashflowsFromInvestingActivities": -13825249, "totalCashflowsFromInvestingActivities": -1130799, "dividendsPaid": -900000, "netBorrowings": 57184597, "otherCashflowsFromFinancingActivities": -24991906, "totalCashFromFinancingActivities": 32192691, "effectOfExchangeRate": 3852000, "changeInCash": -6252946, "issuanceOfStock": 135000000}], "maxAge": 86400}, "institutionOwnership": {"ownershipList": [], "maxAge": 1}, "majorHoldersBreakdown": {"maxAge": 1, "insidersPercentHeld": 0.0, "institutionsPercentHeld": 0.0, "institutionsFloatPercentHeld": 0.0, "institutionsCount": 0}, "balanceSheetHistoryQuarterly": {"balanceSheetStatements": [{"maxAge": 1, "endDate": "2020-12-31", "totalStockholderEquity": 551486000, "netTangibleAssets": 551486000}, {"maxAge": 1, "endDate": "2020-09-30", "cash": 44689000, "netReceivables": 500564000, "inventory": 448886000, "otherCurrentAssets": 458499000, "totalCurrentAssets": 1452638000, "propertyPlantEquipment": 90120000, "otherAssets": 11636000, "deferredLongTermAssetCharges": 1129000, "totalAssets": 1554394000, "accountsPayable": 308542000, "shortLongTermDebt": 247109000, "otherCurrentLiab": 389111000, "longTermDebt": 51814000, "otherLiab": 7350000, "minorityInterest": -2178000, "totalCurrentLiabilities": 945922000, "totalLiab": 1005086000, "commonStock": 116000000, "treasuryStock": 435486000, "otherStockholderEquity": 435486000, "totalStockholderEquity": 551486000, "netTangibleAssets": 551486000}, {"maxAge": 1, "endDate": "2020-06-30", "totalStockholderEquity": 519490000, "netTangibleAssets": 519490000}, {"maxAge": 1, "endDate": "2020-03-31", "cash": 5232000, "netReceivables": 640480000, "inventory": 745765000, "otherCurrentAssets": 52944000, "totalCurrentAssets": 1448030000, "propertyPlantEquipment": 88917000, "otherAssets": 11823000, "deferredLongTermAssetCharges": 1156000, "totalAssets": 1548770000, "accountsPayable": 293044000, "shortLongTermDebt": 80324000, "otherCurrentLiab": 395339000, "longTermDebt": 48058000, "otherLiab": 6878000, "minorityInterest": -1053000, "totalCurrentLiabilities": 975397000, "totalLiab": 1030333000, "commonStock": 116000000, "retainedEarnings": 234965000, "treasuryStock": 109525000, "capitalSurplus": 59000000, "otherStockholderEquity": 109525000, "totalStockholderEquity": 519490000, "netTangibleAssets": 519490000}], "maxAge": 86400}, "indexTrend": {"maxAge": 1, "symbol": "SP5", "peRatio": 19.7411, "pegRatio": 1.34172, "estimates": [{"period": "0q", "growth": 0.549}, {"period": "+1q", "growth": 0.431}, {"period": "0y", "growth": 0.305}, {"period": "+1y", "growth": 0.109}, {"period": "+5y", "growth": 0.120865}, {"period": "-5y"}]}, "defaultKeyStatistics": {"maxAge": 1, "priceHint": 2, "enterpriseValue": 1367993856, "profitMargins": 0.01217, "floatShares": 2036531, "sharesOutstanding": 11600000, "heldPercentInsiders": 0.0, "heldPercentInstitutions": 0.0, "beta": 1.201896, "category": null, "bookValue": 47.93, "priceToBook": 2.0905488, "fundFamily": null, "legalType": null, "lastFiscalYearEnd": "2020-03-31 05:30:00", "nextFiscalYearEnd": "2022-03-31 05:30:00", "mostRecentQuarter": "2020-12-31 05:30:00", "earningsQuarterlyGrowth": -0.212, "netIncomeToCommon": 57331000, "trailingEps": 5.011, "lastSplitFactor": "2:1", "lastSplitDate": "2019-06-25 05:30:00", "enterpriseToRevenue": 0.29, "enterpriseToEbitda": 13.773}, "summaryProfile": {"address1": "Plot No. 137AB", "address2": "3rd and 4th Floor Kandivali Co Op Industrial Estate Ltd. Charkop, Kandivali West", "city": "Mumbai", "zip": "400067", "country": "India", "phone": "91 22 5061 2700", "website": "http://www.ecreativeindia.com", "industry": "Electronics & Computer Distribution", "sector": "Technology", "longBusinessSummary": "Creative Peripherals and Distribution Limited distributes information technology (IT)/gaming, imaging, lifestyle, and security products in India and internationally. It offers printers, storage devices and cartridges, as well as PC components, such as monitors, hard disks, CD writers, and CD ROMS; cameras, tripods, and other imaging products and accessories; and TVs, headphones, other lifestyle products, and IT accessories. The company offers its products through sub distributors, channel partners, e-commerce/online channels, large format retails, and system integrators. Creative Peripherals and Distribution Limited was founded in 1992 and is based in Mumbai, India.", "fullTimeEmployees": 150, "companyOfficers": [], "maxAge": 86400}, "netSharePurchaseActivity": {"maxAge": 1, "period": "6m", "buyInfoCount": 0, "buyInfoShares": 0, "sellInfoCount": 0, "netInfoCount": 0, "netInfoShares": 0, "totalInsiderShares": 0}, "quoteType": {"exchange": "NSI", "quoteType": "EQUITY", "symbol": "CREATIVE.NS", "underlyingSymbol": "CREATIVE.NS", "shortName": "Creative Peripherals and", "longName": "Creative Peripherals and Distribution Limited", "firstTradeDateEpochUtc": "2017-07-27 09:15:00", "timeZoneFullName": "Asia/Kolkata", "timeZoneShortName": "IST", "uuid": "f889f1ed-ea63-3cc8-990a-2073e8a27ea1", "gmtOffSetMilliseconds": 19800000, "maxAge": 1}, "incomeStatementHistory": {"incomeStatementHistory": [{"maxAge": 1, "endDate": "2020-03-31", "totalRevenue": 4577182000, "costOfRevenue": 4071571000, "grossProfit": 505611000, "researchDevelopment": {}, "sellingGeneralAdministrative": 164148000, "nonRecurring": {}, "otherOperatingExpenses": 183876000, "totalOperatingExpenses": 4428184000, "operatingIncome": 148998000, "totalOtherIncomeExpenseNet": -37351000, "ebit": 148998000, "interestExpense": -38017000, "incomeBeforeTax": 111647000, "incomeTaxExpense": 33885000, "minorityInterest": -1053000, "netIncomeFromContinuingOps": 77762000, "discontinuedOperations": {}, "extraordinaryItems": {}, "effectOfAccountingCharges": {}, "otherItems": {}, "netIncome": 77762000, "netIncomeApplicableToCommonShares": 77762000}, {"maxAge": 1, "endDate": "2019-03-31", "totalRevenue": 3676545000, "costOfRevenue": 3357509000, "grossProfit": 319036000, "researchDevelopment": {}, "sellingGeneralAdministrative": 106820000, "nonRecurring": {}, "otherOperatingExpenses": 109631000, "totalOperatingExpenses": 3579220000, "operatingIncome": 97325000, "totalOtherIncomeExpenseNet": -14583000, "ebit": 97325000, "interestExpense": -37245000, "incomeBeforeTax": 82742000, "incomeTaxExpense": 24265000, "minorityInterest": -1053000, "netIncomeFromContinuingOps": 58477000, "discontinuedOperations": {}, "extraordinaryItems": {}, "effectOfAccountingCharges": {}, "otherItems": {}, "netIncome": 58477000, "netIncomeApplicableToCommonShares": 58477000}, {"maxAge": 1, "endDate": "2018-03-31", "totalRevenue": 2498335305, "costOfRevenue": 2264115265, "grossProfit": 234220040, "researchDevelopment": {}, "sellingGeneralAdministrative": 73495066, "nonRecurring": {}, "otherOperatingExpenses": 96867262, "totalOperatingExpenses": 2435919250, "operatingIncome": 62416055, "totalOtherIncomeExpenseNet": -18980813, "ebit": 62416055, "interestExpense": -25280811, "incomeBeforeTax": 43435242, "incomeTaxExpense": 14558465, "minorityInterest": -1053000, "netIncomeFromContinuingOps": 28876777, "discontinuedOperations": {}, "extraordinaryItems": {}, "effectOfAccountingCharges": {}, "otherItems": {}, "netIncome": 28876777, "netIncomeApplicableToCommonShares": 28876777}, {"maxAge": 1, "endDate": "2017-03-31", "totalRevenue": 2109540293, "costOfRevenue": 1968825617, "grossProfit": 140714676, "researchDevelopment": {}, "sellingGeneralAdministrative": 52479178, "nonRecurring": {}, "otherOperatingExpenses": 47145532, "totalOperatingExpenses": 2069954319, "operatingIncome": 39585974, "totalOtherIncomeExpenseNet": -18505933, "ebit": 39585974, "interestExpense": -24329320, "incomeBeforeTax": 21080041, "incomeTaxExpense": 7680860, "minorityInterest": -1053000, "netIncomeFromContinuingOps": 13399181, "discontinuedOperations": {}, "extraordinaryItems": {}, "effectOfAccountingCharges": {}, "otherItems": {}, "netIncome": 13399181, "netIncomeApplicableToCommonShares": 13399181}], "maxAge": 86400}, "fundOwnership": {"ownershipList": [], "maxAge": 1}, "summaryDetail": {"maxAge": 1, "priceHint": 2, "previousClose": 100.0, "open": 101.6, "dayLow": 99.05, "dayHigh": 101.9, "regularMarketPreviousClose": 100.0, "regularMarketOpen": 101.6, "regularMarketDayLow": 99.05, "regularMarketDayHigh": 101.9, "dividendRate": 0.5, "dividendYield": 0.005, "exDividendDate": "2020-09-24 05:30:00", "payoutRatio": 0.1012, "beta": 1.201896, "trailingPE": 19.996008, "volume": 18228, "regularMarketVolume": 18228, "averageVolume": 31637, "averageVolume10days": 18721, "averageDailyVolume10Day": 18721, "bid": 0.0, "ask": 0.0, "marketCap": 1162320000, "fiftyTwoWeekLow": 67.55, "fiftyTwoWeekHigh": 151.0, "priceToSalesTrailing12Months": 0.24670237, "fiftyDayAverage": 105.65909, "twoHundredDayAverage": 114.80214, "trailingAnnualDividendRate": 0.5, "trailingAnnualDividendYield": 0.005, "currency": "INR", "fromCurrency": null, "lastMarket": null, "algorithm": null, "tradeable": false}, "incomeStatementHistoryQuarterly": {"incomeStatementHistory": [{"maxAge": 1, "endDate": "2020-12-31", "totalRevenue": 1647169000, "costOfRevenue": 1537513000, "grossProfit": 109656000, "researchDevelopment": {}, "sellingGeneralAdministrative": 25059000, "nonRecurring": {}, "otherOperatingExpenses": 70016000, "totalOperatingExpenses": 1635095000, "operatingIncome": 12074000, "totalOtherIncomeExpenseNet": 25047000, "ebit": 12074000, "interestExpense": -12520000, "incomeBeforeTax": 37121000, "incomeTaxExpense": 12508000, "minorityInterest": {}, "netIncomeFromContinuingOps": 24613000, "discontinuedOperations": {}, "extraordinaryItems": {}, "effectOfAccountingCharges": {}, "otherItems": {}, "netIncome": 24613000, "netIncomeApplicableToCommonShares": 24613000}, {"maxAge": 1, "endDate": "2020-09-30", "totalRevenue": 1137876000, "costOfRevenue": 1027512000, "grossProfit": 110364000, "researchDevelopment": {}, "sellingGeneralAdministrative": 17698000, "nonRecurring": {}, "otherOperatingExpenses": 58216000, "totalOperatingExpenses": 1106121000, "operatingIncome": 31755000, "totalOtherIncomeExpenseNet": -3113000, "ebit": 31755000, "interestExpense": -9721000, "incomeBeforeTax": 28642000, "incomeTaxExpense": 8046000, "minorityInterest": -2178000, "netIncomeFromContinuingOps": 20596000, "discontinuedOperations": {}, "extraordinaryItems": {}, "effectOfAccountingCharges": {}, "otherItems": {}, "netIncome": 20596000, "netIncomeApplicableToCommonShares": 20596000}, {"maxAge": 1, "endDate": "2020-06-30", "totalRevenue": 644524000, "costOfRevenue": 576938000, "grossProfit": 67586000, "researchDevelopment": {}, "sellingGeneralAdministrative": 16335000, "nonRecurring": {}, "otherOperatingExpenses": 33069000, "totalOperatingExpenses": 628337000, "operatingIncome": 16187000, "totalOtherIncomeExpenseNet": -8501000, "ebit": 16187000, "interestExpense": -9279000, "incomeBeforeTax": 7686000, "incomeTaxExpense": 1931000, "minorityInterest": -2178000, "netIncomeFromContinuingOps": 5755000, "discontinuedOperations": {}, "extraordinaryItems": {}, "effectOfAccountingCharges": {}, "otherItems": {}, "netIncome": 5755000, "netIncomeApplicableToCommonShares": 5755000}, {"maxAge": 1, "endDate": "2020-03-31", "totalRevenue": 1281856000, "costOfRevenue": 1139540000, "grossProfit": 142316000, "researchDevelopment": {}, "sellingGeneralAdministrative": 98940000, "nonRecurring": {}, "otherOperatingExpenses": 12461000, "totalOperatingExpenses": 1253635000, "operatingIncome": 28221000, "totalOtherIncomeExpenseNet": -14482000, "ebit": 28221000, "interestExpense": -2106000, "incomeBeforeTax": 13739000, "incomeTaxExpense": 7372000, "minorityInterest": -1053000, "netIncomeFromContinuingOps": 6367000, "discontinuedOperations": {}, "extraordinaryItems": {}, "effectOfAccountingCharges": {}, "otherItems": {}, "netIncome": 6367000, "netIncomeApplicableToCommonShares": 6367000}], "maxAge": 86400}, "cashflowStatementHistoryQuarterly": {"cashflowStatements": [{"maxAge": 1, "endDate": "2020-12-31", "netIncome": 24613000, "changeToLiabilities": 0}, {"maxAge": 1, "endDate": "2020-09-30", "netIncome": 20596000, "changeToLiabilities": 0}, {"maxAge": 1, "endDate": "2020-06-30", "netIncome": 5755000, "changeToLiabilities": 0}, {"maxAge": 1, "endDate": "2020-03-31", "netIncome": 6367000, "changeToLiabilities": 0}], "maxAge": 86400}, "insiderHolders": {"holders": [], "maxAge": 1}, "calendarEvents": {"maxAge": 1, "earnings": {"earningsDate": []}, "exDividendDate": "2020-09-24 05:30:00"}, "upgradeDowngradeHistory": {"history": [], "maxAge": 86400}, "price": {"maxAge": 1, "regularMarketChangePercent": 0.0019999696, "regularMarketChange": 0.19999695, "regularMarketTime": "2021-04-30 15:29:48", "priceHint": 2, "regularMarketPrice": 100.2, "regularMarketDayHigh": 101.9, "regularMarketDayLow": 99.05, "regularMarketVolume": 18228, "averageDailyVolume10Day": 18721, "averageDailyVolume3Month": 31637, "regularMarketPreviousClose": 100.0, "regularMarketSource": "FREE_REALTIME", "regularMarketOpen": 101.6, "exchange": "NSI", "exchangeName": "NSE", "exchangeDataDelayedBy": 15, "marketState": "CLOSED", "quoteType": "EQUITY", "symbol": "CREATIVE.NS", "underlyingSymbol": null, "shortName": "Creative Peripherals and", "longName": "Creative Peripherals and Distribution Limited", "currency": "INR", "quoteSourceName": "Delayed Quote", "currencySymbol": "\u20b9", "fromCurrency": null, "lastMarket": null, "marketCap": 1162320000}, "balanceSheetHistory": {"balanceSheetStatements": [{"maxAge": 1, "endDate": "2020-03-31", "cash": 5232000, "netReceivables": 640480000, "inventory": 745765000, "otherCurrentAssets": 52944000, "totalCurrentAssets": 1448030000, "propertyPlantEquipment": 88917000, "otherAssets": 11823000, "deferredLongTermAssetCharges": 1156000, "totalAssets": 1548770000, "accountsPayable": 293044000, "shortLongTermDebt": 80324000, "otherCurrentLiab": 395339000, "longTermDebt": 48058000, "otherLiab": 6878000, "minorityInterest": -1053000, "totalCurrentLiabilities": 975397000, "totalLiab": 1030333000, "commonStock": 116000000, "retainedEarnings": 234965000, "treasuryStock": 109525000, "capitalSurplus": 59000000, "otherStockholderEquity": 109525000, "totalStockholderEquity": 519490000, "netTangibleAssets": 519490000}, {"maxAge": 1, "endDate": "2019-03-31", "cash": 11405000, "netReceivables": 555957000, "inventory": 482888000, "otherCurrentAssets": 29736000, "totalCurrentAssets": 1082275000, "propertyPlantEquipment": 89271000, "otherAssets": 13684000, "deferredLongTermAssetCharges": 1294000, "totalAssets": 1185230000, "accountsPayable": 265864000, "shortLongTermDebt": 264484000, "otherCurrentLiab": 202315000, "longTermDebt": 61767000, "otherLiab": 5720000, "totalCurrentLiabilities": 784609000, "totalLiab": 852096000, "commonStock": 58000000, "retainedEarnings": 158488000, "treasuryStock": -354000, "capitalSurplus": 117000000, "otherStockholderEquity": -354000, "totalStockholderEquity": 333134000, "netTangibleAssets": 333134000}, {"maxAge": 1, "endDate": "2018-03-31", "cash": 22388825, "netReceivables": 613253841, "inventory": 279199756, "otherCurrentAssets": 4089030, "totalCurrentAssets": 920233268, "propertyPlantEquipment": 76538087, "otherAssets": 19843977, "deferredLongTermAssetCharges": 2635589, "totalAssets": 1016615332, "accountsPayable": 342337259, "otherCurrentLiab": 125873425, "longTermDebt": 895402, "deferredLongTermLiab": 3383139, "totalCurrentLiabilities": 736240498, "totalLiab": 737135900, "commonStock": 58000000, "retainedEarnings": 104479432, "capitalSurplus": 117000000, "totalStockholderEquity": 279479432, "netTangibleAssets": 279479432}, {"maxAge": 1, "endDate": "2017-03-31", "cash": 17346449, "netReceivables": 381017426, "inventory": 209436597, "otherCurrentAssets": 3797705, "totalCurrentAssets": 612542620, "propertyPlantEquipment": 2710046, "otherAssets": 2830414, "deferredLongTermAssetCharges": 1941530, "totalAssets": 618083080, "accountsPayable": 231554127, "otherCurrentLiab": 19775906, "longTermDebt": 895402, "deferredLongTermLiab": 888883, "totalCurrentLiabilities": 501585023, "totalLiab": 502480425, "commonStock": 40000000, "retainedEarnings": 75602655, "totalStockholderEquity": 115602655, "netTangibleAssets": 115602655}], "maxAge": 86400}, "financialData": {"maxAge": 86400, "currentPrice": 100.2, "recommendationKey": "none", "totalCash": 44689000, "totalCashPerShare": 4.013, "ebitda": 99322752, "totalDebt": 298923008, "totalRevenue": 4711426048, "debtToEquity": 54.418, "revenuePerShare": 411.836, "grossProfits": 505611000, "earningsGrowth": -0.178, "revenueGrowth": 0.274, "grossMargins": 0.09125, "ebitdaMargins": 0.02108, "operatingMargins": 0.01873, "profitMargins": 0.01217, "financialCurrency": "INR"}}}