{"CSBBANK.NS": {"assetProfile": {"address1": "CSB Bhavan", "address2": "St. Mary's College Road PO Box 502", "city": "Thrissur", "zip": "680020", "country": "India", "phone": "91 48 7233 3020", "fax": "91 48 7233 3170", "website": "http://www.csb.co.in", "industry": "Banks\u2014Regional", "sector": "Financial Services", "longBusinessSummary": "CSB Bank Limited provides various banking products and services for small and medium enterprises, retail, and NRI customers in India. It operates in four segments: Treasury, Corporate/Wholesale Banking, Retail Banking, and Other Banking Operations. The company accepts various deposits products include current accounts, savings bank accounts, corporate salary savings accounts, term deposit accounts, cumulative deposit accounts, and other deposit products, as well as products for NRI customers. It also offers term, working capital, commercial vehicle, personal, home, vehicle, education, agricultural, corporate, and gold loans; loans against properties; and export finance, import finance, bill finance, letters of credit, buyers'/suppliers' credit, bank guarantee, inland bill discounting, bills discounted under domestic letters of credit, cash management, treasury, and trade receivables discounting system bill discounting services. In addition, the company invests in sovereign and corporate debt instruments, undertakes proprietary trading in equity and fixed income securities and foreign exchange, and invests in certificate of deposits and mutual funds. Further, it provides money transfer and remittance, utility and bill payments, Internet and mobile banking, foreign exchange, insurance products distribution, safe deposit locker, and institutional fee collection services. It operates through a network of approximately 411 branches and 300 ATMs. The company was formerly known as The Catholic Syrian Bank Limited and changed its name to CSB Bank Limited in June 2019. CSB Bank Limited was incorporated in 1920 and is headquartered in Thrissur, India.", "fullTimeEmployees": 3204, "companyOfficers": [{"maxAge": 1, "name": "Mr. Chinna Veerappan Rajendran M.Com., Icwa (Inter), Caiib", "age": 65, "title": "MD, CEO & Director", "yearBorn": 1955, "exercisedValue": 0, "unexercisedValue": 0}, {"maxAge": 1, "name": "Mr. B. K. Divakara A.C.A., A.C.M.A., A.C.S., BBM", "age": 60, "title": "Chief Financial Officer", "yearBorn": 1960, "fiscalYear": 2020, "totalPay": 12032690, "exercisedValue": 0, "unexercisedValue": 0}, {"maxAge": 1, "name": "Mr. Harsh  Kumar B.E.", "age": 44, "title": "Chief Human Resource Officer", "yearBorn": 1976, "exercisedValue": 0, "unexercisedValue": 0}, {"maxAge": 1, "name": "Mr. Arvind K. Sharma B.Sc., M.A.", "age": 55, "title": "Chief Risk Officer", "yearBorn": 1965, "exercisedValue": 0, "unexercisedValue": 0}, {"maxAge": 1, "name": "Mr. Sijo  Varghese", "title": "Company Sec.", "fiscalYear": 2020, "totalPay": 1581871, "exercisedValue": 0, "unexercisedValue": 0}, {"maxAge": 1, "name": "Mr. Pralay  Mondal", "age": 55, "title": "Pres of Retail, SME, Operations & IT", "yearBorn": 1965, "exercisedValue": 0, "unexercisedValue": 0}, {"maxAge": 1, "name": "Mr. P. V. Antony", "age": 58, "title": "Gen. Mang. of Accounts", "yearBorn": 1962, "fiscalYear": 2019, "exercisedValue": 0, "unexercisedValue": 0}, {"maxAge": 1, "name": "Mr. Vuppala Srinivasa Rao", "title": "Chief Technology Officer", "exercisedValue": 0, "unexercisedValue": 0}, {"maxAge": 1, "name": "Mr. Vincy Louis Pallissery", "title": "Chief Compliance Officer", "exercisedValue": 0, "unexercisedValue": 0}, {"maxAge": 1, "name": "Ms. C. T. Valsa", "title": "Chief Law Officer", "exercisedValue": 0, "unexercisedValue": 0}], "compensationAsOfEpochDate": "2020-12-31 05:30:00", "maxAge": 86400}, "cashflowStatementHistory": {"cashflowStatements": [{"maxAge": 1, "endDate": "2020-03-31", "netIncome": 127247000, "depreciation": 235248000, "changeToNetincome": 2433421000, "changeToLiabilities": 0, "changeToOperatingActivities": -14532474000, "totalCashFromOperatingActivities": -11736558000, "capitalExpenditures": -440310000, "totalCashflowsFromInvestingActivities": -436861000, "otherCashflowsFromFinancingActivities": 157838000, "totalCashFromFinancingActivities": 11830530000, "changeInCash": -342889000, "issuanceOfStock": 11672692000}, {"maxAge": 1, "endDate": "2019-03-31", "netIncome": -1974192000, "depreciation": 165327000, "changeToNetincome": 2075660000, "changeToLiabilities": 0, "changeToOperatingActivities": -13531473000, "totalCashFromOperatingActivities": -13264678000, "capitalExpenditures": -226505000, "totalCashflowsFromInvestingActivities": -221409000, "netBorrowings": -418000000, "otherCashflowsFromFinancingActivities": 4281524000, "totalCashFromFinancingActivities": 11071054000, "changeInCash": -2415033000, "issuanceOfStock": 7207530000}, {"maxAge": 1, "endDate": "2018-03-31", "netIncome": -1270880000, "depreciation": 155700000, "changeToNetincome": 2063610000, "changeToLiabilities": 0, "changeToOperatingActivities": 1529120000, "totalCashFromOperatingActivities": 2477550000, "capitalExpenditures": -223680000, "totalCashflowsFromInvestingActivities": -177930000, "netBorrowings": -418000000, "otherCashflowsFromFinancingActivities": -2259780000, "totalCashFromFinancingActivities": -2259780000, "changeInCash": 39840000, "issuanceOfStock": 7207530000}, {"maxAge": 1, "endDate": "2017-03-31", "netIncome": -579910000, "depreciation": 149280000, "changeToNetincome": 2111050000, "changeToLiabilities": 0, "changeToOperatingActivities": -2457760000, "totalCashFromOperatingActivities": -777340000, "capitalExpenditures": -173720000, "totalCashflowsFromInvestingActivities": -169910000, "netBorrowings": -418000000, "otherCashflowsFromFinancingActivities": 4681020000, "totalCashFromFinancingActivities": 5795830000, "changeInCash": 4848580000, "issuanceOfStock": 1114810000}], "maxAge": 86400}, "institutionOwnership": {"ownershipList": [], "maxAge": 1}, "majorHoldersBreakdown": {"maxAge": 1, "insidersPercentHeld": 0.61737996, "institutionsPercentHeld": 0.09696, "institutionsFloatPercentHeld": 0.25340998, "institutionsCount": 12}, "balanceSheetHistoryQuarterly": {"balanceSheetStatements": [{"maxAge": 1, "endDate": "2020-12-31", "totalStockholderEquity": 20831300000, "netTangibleAssets": 20831300000}, {"maxAge": 1, "endDate": "2020-09-30", "cash": 6362400000, "netReceivables": 864500000, "totalCurrentAssets": 7226900000, "longTermInvestments": 76594300000, "propertyPlantEquipment": 2293100000, "otherAssets": 135042600000, "totalAssets": 221156900000, "accountsPayable": 174684400000, "longTermDebt": 21818000000, "otherLiab": 3823200000, "totalCurrentLiabilities": 174684400000, "totalLiab": 200325600000, "commonStock": 1735100000, "treasuryStock": 19096200000, "otherStockholderEquity": 19096200000, "totalStockholderEquity": 20831300000, "netTangibleAssets": 20831300000}, {"maxAge": 1, "endDate": "2020-06-30", "totalStockholderEquity": 19606645000, "netTangibleAssets": 19606645000}, {"maxAge": 1, "endDate": "2020-03-31", "cash": 2099350000, "shortTermInvestments": 2800000000, "inventory": 287558000, "otherCurrentAssets": 6037992000, "totalCurrentAssets": 11224900000, "longTermInvestments": 53598353000, "propertyPlantEquipment": 2282684000, "otherAssets": 121536444000, "deferredLongTermAssetCharges": 1707842000, "totalAssets": 188642381000, "accountsPayable": 157906789000, "shortLongTermDebt": 1630000000, "otherCurrentLiab": 248119000, "longTermDebt": 6310000000, "otherLiab": 2144939000, "totalCurrentLiabilities": 160580797000, "totalLiab": 169035736000, "commonStock": 1734558000, "retainedEarnings": -2411362000, "treasuryStock": 2366487000, "capitalSurplus": 17916962000, "otherStockholderEquity": 2366487000, "totalStockholderEquity": 19606645000, "netTangibleAssets": 19606645000}], "maxAge": 86400}, "indexTrend": {"maxAge": 1, "symbol": "SP5", "peRatio": 19.7411, "pegRatio": 1.34172, "estimates": [{"period": "0q", "growth": 0.549}, {"period": "+1q", "growth": 0.431}, {"period": "0y", "growth": 0.305}, {"period": "+1y", "growth": 0.109}, {"period": "+5y", "growth": 0.120865}, {"period": "-5y"}]}, "defaultKeyStatistics": {"maxAge": 1, "priceHint": 2, "enterpriseValue": 60227371008, "profitMargins": 0.15589, "floatShares": 144836902, "sharesOutstanding": 173486000, "heldPercentInsiders": 0.61737996, "heldPercentInstitutions": 0.09696, "category": null, "bookValue": 120.029, "priceToBook": 2.1515634, "fundFamily": null, "legalType": null, "lastFiscalYearEnd": "2020-03-31 05:30:00", "nextFiscalYearEnd": "2022-03-31 05:30:00", "mostRecentQuarter": "2020-12-31 05:30:00", "earningsQuarterlyGrowth": 0.885, "netIncomeToCommon": 1158247040, "trailingEps": 6.681, "lastSplitFactor": null, "enterpriseToRevenue": 8.106}, "summaryProfile": {"address1": "CSB Bhavan", "address2": "St. Mary's College Road PO Box 502", "city": "Thrissur", "zip": "680020", "country": "India", "phone": "91 48 7233 3020", "fax": "91 48 7233 3170", "website": "http://www.csb.co.in", "industry": "Banks\u2014Regional", "sector": "Financial Services", "longBusinessSummary": "CSB Bank Limited provides various banking products and services for small and medium enterprises, retail, and NRI customers in India. It operates in four segments: Treasury, Corporate/Wholesale Banking, Retail Banking, and Other Banking Operations. The company accepts various deposits products include current accounts, savings bank accounts, corporate salary savings accounts, term deposit accounts, cumulative deposit accounts, and other deposit products, as well as products for NRI customers. It also offers term, working capital, commercial vehicle, personal, home, vehicle, education, agricultural, corporate, and gold loans; loans against properties; and export finance, import finance, bill finance, letters of credit, buyers'/suppliers' credit, bank guarantee, inland bill discounting, bills discounted under domestic letters of credit, cash management, treasury, and trade receivables discounting system bill discounting services. In addition, the company invests in sovereign and corporate debt instruments, undertakes proprietary trading in equity and fixed income securities and foreign exchange, and invests in certificate of deposits and mutual funds. Further, it provides money transfer and remittance, utility and bill payments, Internet and mobile banking, foreign exchange, insurance products distribution, safe deposit locker, and institutional fee collection services. It operates through a network of approximately 411 branches and 300 ATMs. The company was formerly known as The Catholic Syrian Bank Limited and changed its name to CSB Bank Limited in June 2019. CSB Bank Limited was incorporated in 1920 and is headquartered in Thrissur, India.", "fullTimeEmployees": 3204, "companyOfficers": [], "maxAge": 86400}, "netSharePurchaseActivity": {"maxAge": 1, "period": "6m", "buyInfoCount": 0, "buyInfoShares": 0, "sellInfoCount": 0, "netInfoCount": 0, "netInfoShares": 0, "netPercentInsiderShares": 0.0, "totalInsiderShares": 107032704}, "insiderTransactions": {"transactions": [{"maxAge": 1, "shares": 3500, "value": 10773, "filerUrl": "", "transactionText": "Acquisition at price 3.08 per share.", "filerName": "Menon (Madhavan)", "filerRelation": "Director (Non-Executive)", "moneyText": "", "startDate": "2020-12-04", "ownership": "D"}, {"maxAge": 1, "shares": 2000, "value": 6368, "filerUrl": "", "transactionText": "Acquisition at price 3.18 per share.", "filerName": "Menon (Madhavan)", "filerRelation": "Director (Executive)", "moneyText": "", "startDate": "2020-11-05", "ownership": "D"}, {"maxAge": 1, "shares": 4397, "value": 13837, "filerUrl": "", "transactionText": "Acquisition at price 3.15 per share.", "filerName": "Menon (Madhavan)", "filerRelation": "Director (Executive)", "moneyText": "", "startDate": "2020-11-04", "ownership": "D"}], "maxAge": 1}, "quoteType": {"exchange": "NSI", "quoteType": "EQUITY", "symbol": "CSBBANK.NS", "underlyingSymbol": "CSBBANK.NS", "shortName": "CSB Bank Limited", "longName": "CSB Bank Limited", "firstTradeDateEpochUtc": "2019-12-04 09:15:00", "timeZoneFullName": "Asia/Kolkata", "timeZoneShortName": "IST", "uuid": "95476656-edc2-3551-914e-235650dc5868", "gmtOffSetMilliseconds": 19800000, "maxAge": 1}, "incomeStatementHistory": {"incomeStatementHistory": [{"maxAge": 1, "endDate": "2020-03-31", "totalRevenue": 5460449000, "costOfRevenue": 0, "grossProfit": 5460449000, "researchDevelopment": {}, "sellingGeneralAdministrative": 4652283000, "nonRecurring": {}, "otherOperatingExpenses": 680919000, "totalOperatingExpenses": 5333202000, "operatingIncome": 127247000, "totalOtherIncomeExpenseNet": 0, "ebit": 0, "interestExpense": {}, "incomeBeforeTax": 127247000, "incomeTaxExpense": 0, "minorityInterest": {}, "netIncomeFromContinuingOps": 127247000, "discontinuedOperations": {}, "extraordinaryItems": {}, "effectOfAccountingCharges": {}, "otherItems": {}, "netIncome": 127247000, "netIncomeApplicableToCommonShares": 127247000}, {"maxAge": 1, "endDate": "2019-03-31", "totalRevenue": 3650945000, "costOfRevenue": 0, "grossProfit": 3650945000, "researchDevelopment": {}, "sellingGeneralAdministrative": 4969300000, "nonRecurring": {}, "otherOperatingExpenses": 655837000, "totalOperatingExpenses": 5625137000, "operatingIncome": -1974192000, "totalOtherIncomeExpenseNet": 0, "ebit": 0, "interestExpense": {}, "incomeBeforeTax": -1974192000, "incomeTaxExpense": 0, "minorityInterest": {}, "netIncomeFromContinuingOps": -1974192000, "discontinuedOperations": {}, "extraordinaryItems": {}, "effectOfAccountingCharges": {}, "otherItems": {}, "netIncome": -1974192000, "netIncomeApplicableToCommonShares": -1974192000}, {"maxAge": 1, "endDate": "2018-03-31", "totalRevenue": 2410060000, "costOfRevenue": 76330000, "grossProfit": 2333730000, "researchDevelopment": {}, "sellingGeneralAdministrative": 3831670000, "nonRecurring": {}, "otherOperatingExpenses": 450990000, "totalOperatingExpenses": 4358990000, "operatingIncome": -1948930000, "totalOtherIncomeExpenseNet": 0, "ebit": 0, "interestExpense": {}, "incomeBeforeTax": -1948930000, "incomeTaxExpense": -678050000, "minorityInterest": {}, "netIncomeFromContinuingOps": -1270880000, "discontinuedOperations": {}, "extraordinaryItems": {}, "effectOfAccountingCharges": {}, "otherItems": {}, "netIncome": -1270880000, "netIncomeApplicableToCommonShares": -1270880000}, {"maxAge": 1, "endDate": "2017-03-31", "totalRevenue": 3426460000, "costOfRevenue": 69980000, "grossProfit": 3356480000, "researchDevelopment": {}, "sellingGeneralAdministrative": 3847940000, "nonRecurring": {}, "otherOperatingExpenses": 512970000, "totalOperatingExpenses": 4430890000, "operatingIncome": -1004430000, "totalOtherIncomeExpenseNet": 0, "ebit": 0, "interestExpense": {}, "incomeBeforeTax": -1004430000, "incomeTaxExpense": -424520000, "minorityInterest": {}, "netIncomeFromContinuingOps": -579910000, "discontinuedOperations": {}, "extraordinaryItems": {}, "effectOfAccountingCharges": {}, "otherItems": {}, "netIncome": -579910000, "netIncomeApplicableToCommonShares": -579910000}], "maxAge": 86400}, "fundOwnership": {"ownershipList": [], "maxAge": 1}, "summaryDetail": {"maxAge": 1, "priceHint": 2, "previousClose": 261.05, "open": 259.95, "dayLow": 255.0, "dayHigh": 268.0, "regularMarketPreviousClose": 261.05, "regularMarketOpen": 259.95, "regularMarketDayLow": 255.0, "regularMarketDayHigh": 268.0, "payoutRatio": 0.0, "trailingPE": 38.654392, "volume": 394882, "regularMarketVolume": 394882, "averageVolume": 489179, "averageVolume10days": 248491, "averageDailyVolume10Day": 248491, "bid": 0.0, "ask": 0.0, "marketCap": 44742586368, "fiftyTwoWeekLow": 109.0, "fiftyTwoWeekHigh": 280.0, "priceToSalesTrailing12Months": 6.0220857, "fiftyDayAverage": 239.59265, "twoHundredDayAverage": 232.87553, "currency": "INR", "fromCurrency": null, "lastMarket": null, "algorithm": null, "tradeable": false}, "incomeStatementHistoryQuarterly": {"incomeStatementHistory": [{"maxAge": 1, "endDate": "2020-12-31", "totalRevenue": 2563300000, "costOfRevenue": 0, "grossProfit": 2563300000, "researchDevelopment": {}, "sellingGeneralAdministrative": 1435800000, "nonRecurring": {}, "otherOperatingExpenses": 418600000, "totalOperatingExpenses": 1854400000, "operatingIncome": 708900000, "totalOtherIncomeExpenseNet": 0, "ebit": 0, "interestExpense": {}, "incomeBeforeTax": 708900000, "incomeTaxExpense": 178400000, "minorityInterest": {}, "netIncomeFromContinuingOps": 530500000, "discontinuedOperations": {}, "extraordinaryItems": {}, "effectOfAccountingCharges": {}, "otherItems": {}, "netIncome": 530500000, "netIncomeApplicableToCommonShares": 530500000}, {"maxAge": 1, "endDate": "2020-09-30", "totalRevenue": 2461200000, "costOfRevenue": 0, "grossProfit": 2461200000, "researchDevelopment": {}, "sellingGeneralAdministrative": 1182700000, "nonRecurring": {}, "otherOperatingExpenses": 357600000, "totalOperatingExpenses": 1540300000, "operatingIncome": 920900000, "totalOtherIncomeExpenseNet": 0, "ebit": 0, "interestExpense": {}, "incomeBeforeTax": 920900000, "incomeTaxExpense": 231900000, "minorityInterest": {}, "netIncomeFromContinuingOps": 689000000, "discontinuedOperations": {}, "extraordinaryItems": {}, "effectOfAccountingCharges": {}, "otherItems": {}, "netIncome": 689000000, "netIncomeApplicableToCommonShares": 689000000}, {"maxAge": 1, "endDate": "2020-06-30", "totalRevenue": 2020100000, "costOfRevenue": 0, "grossProfit": 2020100000, "researchDevelopment": {}, "sellingGeneralAdministrative": 1000300000, "nonRecurring": {}, "otherOperatingExpenses": 304200000, "totalOperatingExpenses": 1304500000, "operatingIncome": 715600000, "totalOtherIncomeExpenseNet": 0, "ebit": 0, "interestExpense": {}, "incomeBeforeTax": 715600000, "incomeTaxExpense": 180000000, "minorityInterest": {}, "netIncomeFromContinuingOps": 535600000, "discontinuedOperations": {}, "extraordinaryItems": {}, "effectOfAccountingCharges": {}, "otherItems": {}, "netIncome": 535600000, "netIncomeApplicableToCommonShares": 535600000}, {"maxAge": 1, "endDate": "2020-03-31", "totalRevenue": 385149000, "costOfRevenue": 0, "grossProfit": 385149000, "researchDevelopment": {}, "sellingGeneralAdministrative": 1703383000, "nonRecurring": {}, "otherOperatingExpenses": -332181000, "totalOperatingExpenses": 1371202000, "operatingIncome": -986053000, "totalOtherIncomeExpenseNet": 0, "ebit": 0, "interestExpense": {}, "incomeBeforeTax": -986053000, "incomeTaxExpense": -389200000, "minorityInterest": {}, "netIncomeFromContinuingOps": -596853000, "discontinuedOperations": {}, "extraordinaryItems": {}, "effectOfAccountingCharges": {}, "otherItems": {}, "netIncome": -596853000, "netIncomeApplicableToCommonShares": -596853000}], "maxAge": 86400}, "cashflowStatementHistoryQuarterly": {"cashflowStatements": [{"maxAge": 1, "endDate": "2020-12-31", "netIncome": 530500000, "changeToLiabilities": 0}, {"maxAge": 1, "endDate": "2020-09-30", "netIncome": 689000000, "changeToLiabilities": 0}, {"maxAge": 1, "endDate": "2020-06-30", "netIncome": 535600000, "changeToLiabilities": 0}, {"maxAge": 1, "endDate": "2020-03-31", "netIncome": -596853000, "changeToLiabilities": 0}], "maxAge": 86400}, "insiderHolders": {"holders": [{"maxAge": 1, "name": "Menon (Madhavan)", "relation": "Director (Non-Executive)", "url": "", "transactionDescription": "Acquisition", "latestTransDate": "2020-12-04", "positionDirect": 9897, "positionDirectDate": "2020-12-04"}], "maxAge": 1}, "calendarEvents": {"maxAge": 1, "earnings": {"earningsDate": ["2020-02-04 05:30:S"]}}, "upgradeDowngradeHistory": {"history": [], "maxAge": 86400}, "price": {"maxAge": 1, "regularMarketChangePercent": -0.010725868, "regularMarketChange": -2.7999878, "regularMarketTime": "2021-04-30 15:30:01", "priceHint": 2, "regularMarketPrice": 258.25, "regularMarketDayHigh": 268.0, "regularMarketDayLow": 255.0, "regularMarketVolume": 394882, "averageDailyVolume10Day": 248491, "averageDailyVolume3Month": 489179, "regularMarketPreviousClose": 261.05, "regularMarketSource": "FREE_REALTIME", "regularMarketOpen": 259.95, "exchange": "NSI", "exchangeName": "NSE", "exchangeDataDelayedBy": 15, "marketState": "CLOSED", "quoteType": "EQUITY", "symbol": "CSBBANK.NS", "underlyingSymbol": null, "shortName": "CSB Bank Limited", "longName": "CSB Bank Limited", "currency": "INR", "quoteSourceName": "Delayed Quote", "currencySymbol": "\u20b9", "fromCurrency": null, "lastMarket": null, "marketCap": 44742586368}, "balanceSheetHistory": {"balanceSheetStatements": [{"maxAge": 1, "endDate": "2020-03-31", "cash": 2099350000, "shortTermInvestments": 2800000000, "inventory": 287558000, "otherCurrentAssets": 6037992000, "totalCurrentAssets": 11224900000, "longTermInvestments": 53598353000, "propertyPlantEquipment": 2282684000, "otherAssets": 121536444000, "deferredLongTermAssetCharges": 1707842000, "totalAssets": 188642381000, "accountsPayable": 157906789000, "shortLongTermDebt": 1630000000, "otherCurrentLiab": 248119000, "longTermDebt": 6310000000, "otherLiab": 2144939000, "totalCurrentLiabilities": 160580797000, "totalLiab": 169035736000, "commonStock": 1734558000, "retainedEarnings": -2411362000, "treasuryStock": 2366487000, "capitalSurplus": 17916962000, "otherStockholderEquity": 2366487000, "totalStockholderEquity": 19606645000, "netTangibleAssets": 19606645000}, {"maxAge": 1, "endDate": "2019-03-31", "cash": 816536000, "shortTermInvestments": 2250000000, "netReceivables": 2482252000, "inventory": 296769000, "otherCurrentAssets": 7981477000, "totalCurrentAssets": 11344782000, "longTermInvestments": 40276116000, "propertyPlantEquipment": 2177288000, "otherAssets": 115313392000, "deferredLongTermAssetCharges": 2841427000, "totalAssets": 169111578000, "accountsPayable": 151238729000, "otherCurrentLiab": 275659000, "otherLiab": 2603127000, "totalCurrentLiabilities": 152191523000, "totalLiab": 154794650000, "commonStock": 859200000, "retainedEarnings": -2471385000, "treasuryStock": 8809486000, "capitalSurplus": 7119627000, "otherStockholderEquity": 8809486000, "totalStockholderEquity": 14316928000, "netTangibleAssets": 14316928000}, {"maxAge": 1, "endDate": "2018-03-31", "cash": 5921870000, "inventory": 300500000, "otherCurrentAssets": 7350900000, "totalCurrentAssets": 13573270000, "longTermInvestments": 40832920000, "propertyPlantEquipment": 566500000, "intangibleAssets": -2635180000, "otherAssets": 101009110000, "deferredLongTermAssetCharges": 2510270000, "totalAssets": 153346620000, "accountsPayable": 146906490000, "otherCurrentLiab": 257740000, "longTermDebt": 418000000, "otherLiab": 1581800000, "totalCurrentLiabilities": 147810390000, "totalLiab": 149810190000, "commonStock": 809620000, "retainedEarnings": -1830920000, "treasuryStock": -1917350000, "capitalSurplus": 6475080000, "otherStockholderEquity": -1917350000, "totalStockholderEquity": 3536430000, "netTangibleAssets": 6171610000}, {"maxAge": 1, "endDate": "2017-03-31", "cash": 5053580000, "inventory": 309010000, "otherCurrentAssets": 8371410000, "totalCurrentAssets": 13734000000, "longTermInvestments": 57291810000, "propertyPlantEquipment": 513020000, "intangibleAssets": -1936110000, "otherAssets": 88097540000, "deferredLongTermAssetCharges": 1832220000, "totalAssets": 157700260000, "accountsPayable": 149115630000, "otherCurrentLiab": 243720000, "longTermDebt": 418000000, "otherLiab": 1828930000, "totalCurrentLiabilities": 149991870000, "totalLiab": 152238800000, "commonStock": 809620000, "retainedEarnings": -604960000, "treasuryStock": -1218280000, "capitalSurplus": 6475080000, "otherStockholderEquity": -1218280000, "totalStockholderEquity": 5461460000, "netTangibleAssets": 7397570000}], "maxAge": 86400}, "financialData": {"maxAge": 86400, "currentPrice": 258.25, "recommendationKey": "none", "totalCash": 6362399744, "totalCashPerShare": 36.699, "totalDebt": 21817999360, "totalRevenue": 7429749248, "revenuePerShare": 42.857, "grossProfits": 5460449000, "earningsGrowth": 0.877, "revenueGrowth": 0.438, "grossMargins": 0.0, "ebitdaMargins": 0.0, "operatingMargins": 0.18295999, "profitMargins": 0.15589, "financialCurrency": "INR"}}}