{"CSURGSU.BO": {"cashflowStatementHistory": {"cashflowStatements": [{"maxAge": 1, "endDate": "2020-03-31", "netIncome": 12959000, "depreciation": 15484000, "changeToNetincome": -1505000, "changeToAccountReceivables": -26483000, "changeToLiabilities": 46807000, "changeToInventory": -23771000, "changeToOperatingActivities": -2760000, "totalCashFromOperatingActivities": 20786000, "capitalExpenditures": -10793000, "investments": 164000, "otherCashflowsFromInvestingActivities": -2452000, "totalCashflowsFromInvestingActivities": -13081000, "netBorrowings": -3738000, "totalCashFromFinancingActivities": -3738000, "changeInCash": 3967000}, {"maxAge": 1, "endDate": "2019-03-31", "netIncome": 20164000, "depreciation": 6854000, "changeToNetincome": 393000, "changeToAccountReceivables": -26075000, "changeToLiabilities": 7163000, "changeToInventory": 7516000, "changeToOperatingActivities": -633000, "totalCashFromOperatingActivities": 15471000, "capitalExpenditures": -9820000, "investments": 164000, "otherCashflowsFromInvestingActivities": -393000, "totalCashflowsFromInvestingActivities": -10213000, "netBorrowings": -12719000, "totalCashFromFinancingActivities": -12719000, "changeInCash": -7461000}, {"maxAge": 1, "endDate": "2018-03-31", "netIncome": 15421000, "depreciation": 6008000, "changeToNetincome": -702000, "changeToAccountReceivables": 8309000, "changeToLiabilities": -10725000, "changeToInventory": -9424000, "changeToOperatingActivities": 8701000, "totalCashFromOperatingActivities": 17588000, "capitalExpenditures": -7132000, "investments": 164000, "otherCashflowsFromInvestingActivities": 703000, "totalCashflowsFromInvestingActivities": -6429000, "netBorrowings": -8769000, "totalCashFromFinancingActivities": -8769000, "changeInCash": 2390000}, {"maxAge": 1, "endDate": "2017-03-31", "netIncome": 17188000, "depreciation": 5832000, "changeToNetincome": 26202000, "changeToAccountReceivables": -2369000, "changeToLiabilities": 10484000, "changeToInventory": -61292000, "changeToOperatingActivities": 3875000, "totalCashFromOperatingActivities": -46000, "capitalExpenditures": -6590000, "investments": 164000, "otherCashflowsFromInvestingActivities": -17225000, "totalCashflowsFromInvestingActivities": -23815000, "netBorrowings": 21395000, "totalCashFromFinancingActivities": 21395000, "changeInCash": -2466000}], "maxAge": 86400}, "institutionOwnership": {"maxAge": 1, "ownershipList": []}, "balanceSheetHistoryQuarterly": {"balanceSheetStatements": [{"maxAge": 1, "endDate": "2020-06-30", "totalStockholderEquity": 286092000, "netTangibleAssets": 285994000}, {"maxAge": 1, "endDate": "2020-03-31", "cash": 7229000, "netReceivables": 233624000, "inventory": 321984000, "otherCurrentAssets": 12453000, "totalCurrentAssets": 576662000, "longTermInvestments": 10000, "propertyPlantEquipment": 106538000, "intangibleAssets": 98000, "otherAssets": 4855000, "totalAssets": 688163000, "accountsPayable": 125123000, "otherCurrentLiab": 63743000, "longTermDebt": 12000000, "otherLiab": 16028000, "totalCurrentLiabilities": 306862000, "totalLiab": 402071000, "commonStock": 36483000, "retainedEarnings": 231849000, "treasuryStock": 17760000, "otherStockholderEquity": 17760000, "totalStockholderEquity": 286092000, "netTangibleAssets": 285994000}, {"maxAge": 1, "endDate": "2019-12-31", "totalStockholderEquity": 290442000, "netTangibleAssets": 290317000}, {"maxAge": 1, "endDate": "2019-09-30", "cash": 2896000, "netReceivables": 220996000, "inventory": 298810000, "otherCurrentAssets": 13539000, "totalCurrentAssets": 536241000, "longTermInvestments": 2982000, "propertyPlantEquipment": 41888000, "intangibleAssets": 125000, "otherAssets": 2113000, "totalAssets": 583349000, "accountsPayable": 98235000, "otherCurrentLiab": 168204000, "otherLiab": 26468000, "totalCurrentLiabilities": 266439000, "totalLiab": 292907000, "commonStock": 54243000, "retainedEarnings": 236199000, "totalStockholderEquity": 290442000, "netTangibleAssets": 290317000}], "maxAge": 86400}, "indexTrend": {"maxAge": 1, "symbol": "SP5", "peRatio": 19.7411, "pegRatio": 1.34172, "estimates": [{"period": "0q", "growth": 0.549}, {"period": "+1q", "growth": 0.431}, {"period": "0y", "growth": 0.305}, {"period": "+1y", "growth": 0.109}, {"period": "+5y", "growth": 0.120859005}, {"period": "-5y"}]}, "insiderTransactions": {"transactions": [{"maxAge": 1, "shares": 600, "filerUrl": "", "transactionText": "", "filerName": "Kashikar (Anuradha Raghunandan)", "filerRelation": "Director (Executive)", "moneyText": "", "startDate": "2019-03-29", "ownership": "D"}, {"maxAge": 1, "shares": 100, "filerUrl": "", "transactionText": "", "filerName": "Majrekar (Gaurav)", "filerRelation": "UNREPORTED", "moneyText": "", "startDate": "2019-03-25", "ownership": "D"}, {"maxAge": 1, "shares": 10000, "filerUrl": "", "transactionText": "", "filerName": "Majrekar (Gaurav)", "filerRelation": "UNREPORTED", "moneyText": "", "startDate": "2019-03-16", "ownership": "D"}, {"maxAge": 1, "shares": 10000, "filerUrl": "", "transactionText": "", "filerName": "Majrekar (Shankar)", "filerRelation": "UNREPORTED", "moneyText": "", "startDate": "2019-03-16", "ownership": "D"}, {"maxAge": 1, "shares": 2500, "filerUrl": "", "transactionText": "", "filerName": "Majrekar (Shrikrishna Kalidas)", "filerRelation": "Promoter", "moneyText": "", "startDate": "2019-01-25", "ownership": "D"}], "maxAge": 1}, "quoteType": {"exchange": "BSE", "quoteType": "EQUITY", "symbol": "CSURGSU.BO", "underlyingSymbol": "CSURGSU.BO", "shortName": "CENTENIAL SURGICAL SUTURE LTD.", "longName": "Centenial Surgical Suture Limited", "firstTradeDateEpochUtc": "2007-12-18 09:15:00", "timeZoneFullName": "Asia/Kolkata", "timeZoneShortName": "IST", "uuid": "5f90a777-8ecb-32ca-b4b4-89c186d36667", "messageBoardId": null, "gmtOffSetMilliseconds": 19800000, "maxAge": 1}, "incomeStatementHistory": {"incomeStatementHistory": [{"maxAge": 1, "endDate": "2020-03-31", "totalRevenue": 556143000, "costOfRevenue": 243580000, "grossProfit": 312563000, "researchDevelopment": {}, "sellingGeneralAdministrative": 113047000, "nonRecurring": {}, "otherOperatingExpenses": 140858000, "totalOperatingExpenses": 513024000, "operatingIncome": 43119000, "totalOtherIncomeExpenseNet": -21569000, "ebit": 43119000, "interestExpense": -10364000, "incomeBeforeTax": 21550000, "incomeTaxExpense": 8591000, "minorityInterest": {}, "netIncomeFromContinuingOps": 12959000, "discontinuedOperations": {}, "extraordinaryItems": {}, "effectOfAccountingCharges": {}, "otherItems": {}, "netIncome": 12959000, "netIncomeApplicableToCommonShares": 12959000}, {"maxAge": 1, "endDate": "2019-03-31", "totalRevenue": 560547000, "costOfRevenue": 254949000, "grossProfit": 305598000, "researchDevelopment": {}, "sellingGeneralAdministrative": 112333000, "nonRecurring": {}, "otherOperatingExpenses": 141727000, "totalOperatingExpenses": 515952000, "operatingIncome": 44595000, "totalOtherIncomeExpenseNet": -16177000, "ebit": 44595000, "interestExpense": -2346000, "incomeBeforeTax": 28418000, "incomeTaxExpense": 8254000, "minorityInterest": {}, "netIncomeFromContinuingOps": 20164000, "discontinuedOperations": {}, "extraordinaryItems": {}, "effectOfAccountingCharges": {}, "otherItems": {}, "netIncome": 20164000, "netIncomeApplicableToCommonShares": 20164000}, {"maxAge": 1, "endDate": "2018-03-31", "totalRevenue": 527451000, "costOfRevenue": 240356000, "grossProfit": 287095000, "researchDevelopment": {}, "sellingGeneralAdministrative": 105965000, "nonRecurring": {}, "otherOperatingExpenses": 137263000, "totalOperatingExpenses": 489592000, "operatingIncome": 37859000, "totalOtherIncomeExpenseNet": -13728000, "ebit": 37859000, "interestExpense": -2417000, "incomeBeforeTax": 24131000, "incomeTaxExpense": 8710000, "minorityInterest": {}, "netIncomeFromContinuingOps": 15421000, "discontinuedOperations": {}, "extraordinaryItems": {}, "effectOfAccountingCharges": {}, "otherItems": {}, "netIncome": 15421000, "netIncomeApplicableToCommonShares": 15421000}, {"maxAge": 1, "endDate": "2017-03-31", "totalRevenue": 528420000, "costOfRevenue": 233275000, "grossProfit": 295145000, "researchDevelopment": {}, "sellingGeneralAdministrative": 93496000, "nonRecurring": {}, "otherOperatingExpenses": 154965000, "totalOperatingExpenses": 487602000, "operatingIncome": 40818000, "totalOtherIncomeExpenseNet": -15338000, "ebit": 40818000, "interestExpense": -2537000, "incomeBeforeTax": 25480000, "incomeTaxExpense": 8292000, "minorityInterest": {}, "netIncomeFromContinuingOps": 17188000, "discontinuedOperations": {}, "extraordinaryItems": {}, "effectOfAccountingCharges": {}, "otherItems": {}, "netIncome": 17188000, "netIncomeApplicableToCommonShares": 17188000}], "maxAge": 86400}, "fundOwnership": {"maxAge": 1, "ownershipList": []}, "summaryDetail": {"maxAge": 1, "priceHint": 2, "previousClose": 43.9, "open": 45.0, "dayLow": 41.75, "dayHigh": 46.05, "regularMarketPreviousClose": 43.9, "regularMarketOpen": 45.0, "regularMarketDayLow": 41.75, "regularMarketDayHigh": 46.05, "trailingPE": 15.622813, "volume": 1139, "regularMarketVolume": 1139, "averageVolume": 64, "averageVolume10days": 37, "averageDailyVolume10Day": 37, "bid": 44.65, "ask": 0.0, "bidSize": 0, "askSize": 0, "marketCap": 162896608, "fiftyTwoWeekLow": 29.0, "fiftyTwoWeekHigh": 60.9, "fiftyDayAverage": 56.58143, "twoHundredDayAverage": 43.67372, "currency": "INR", "fromCurrency": null, "toCurrency": null, "lastMarket": null, "algorithm": null, "tradeable": false}, "incomeStatementHistoryQuarterly": {"incomeStatementHistory": [{"maxAge": 1, "endDate": "2020-06-30", "totalRevenue": 60238000, "costOfRevenue": 5436000, "grossProfit": 54802000, "researchDevelopment": {}, "sellingGeneralAdministrative": 22407000, "nonRecurring": {}, "otherOperatingExpenses": 23959000, "totalOperatingExpenses": 55638000, "operatingIncome": 4600000, "totalOtherIncomeExpenseNet": -2466000, "ebit": 4600000, "interestExpense": -2513000, "incomeBeforeTax": 2134000, "incomeTaxExpense": 555000, "minorityInterest": {}, "netIncomeFromContinuingOps": 1579000, "discontinuedOperations": {}, "extraordinaryItems": {}, "effectOfAccountingCharges": {}, "otherItems": {}, "netIncome": 1579000, "netIncomeApplicableToCommonShares": 1579000}, {"maxAge": 1, "endDate": "2020-03-31", "totalRevenue": 139780000, "costOfRevenue": 84382000, "grossProfit": 55398000, "researchDevelopment": {}, "sellingGeneralAdministrative": 36244000, "nonRecurring": {}, "otherOperatingExpenses": -6949000, "totalOperatingExpenses": 124052000, "operatingIncome": 15728000, "totalOtherIncomeExpenseNet": -13129000, "ebit": 15728000, "interestExpense": -1853000, "incomeBeforeTax": 2599000, "incomeTaxExpense": 3821000, "minorityInterest": {}, "netIncomeFromContinuingOps": -1222000, "discontinuedOperations": {}, "extraordinaryItems": {}, "effectOfAccountingCharges": {}, "otherItems": {}, "netIncome": -1222000, "netIncomeApplicableToCommonShares": -1222000}, {"maxAge": 1, "endDate": "2019-12-31", "totalRevenue": 131591000, "costOfRevenue": 42998000, "grossProfit": 88593000, "researchDevelopment": {}, "sellingGeneralAdministrative": 27703000, "nonRecurring": {}, "otherOperatingExpenses": 50442000, "totalOperatingExpenses": 123078000, "operatingIncome": 8513000, "totalOtherIncomeExpenseNet": -2646000, "ebit": 8513000, "interestExpense": -2661000, "incomeBeforeTax": 5867000, "incomeTaxExpense": 1567000, "minorityInterest": {}, "netIncomeFromContinuingOps": 4300000, "discontinuedOperations": {}, "extraordinaryItems": {}, "effectOfAccountingCharges": {}, "otherItems": {}, "netIncome": 4300000, "netIncomeApplicableToCommonShares": 4300000}, {"maxAge": 1, "endDate": "2019-09-30", "totalRevenue": 141523000, "costOfRevenue": 55876000, "grossProfit": 85647000, "researchDevelopment": {}, "sellingGeneralAdministrative": 23402000, "nonRecurring": {}, "otherOperatingExpenses": 50329000, "totalOperatingExpenses": 131272000, "operatingIncome": 10251000, "totalOtherIncomeExpenseNet": -2833000, "ebit": 10251000, "interestExpense": -2865000, "incomeBeforeTax": 7418000, "incomeTaxExpense": 1627000, "minorityInterest": {}, "netIncomeFromContinuingOps": 5791000, "discontinuedOperations": {}, "extraordinaryItems": {}, "effectOfAccountingCharges": {}, "otherItems": {}, "netIncome": 5791000, "netIncomeApplicableToCommonShares": 5791000}], "maxAge": 86400}, "cashflowStatementHistoryQuarterly": {"cashflowStatements": [{"maxAge": 1, "endDate": "2020-06-30", "netIncome": 1579000, "changeToLiabilities": 0}, {"maxAge": 1, "endDate": "2020-03-31", "netIncome": -1222000, "changeToLiabilities": 0}, {"maxAge": 1, "endDate": "2019-12-31", "netIncome": 4300000, "changeToLiabilities": 0}, {"maxAge": 1, "endDate": "2019-09-30", "netIncome": 5791000, "changeToLiabilities": 0}], "maxAge": 86400}, "insiderHolders": {"holders": [{"maxAge": 1, "name": "Kashikar (Anuradha Raghunandan)", "relation": "Director (Executive)", "url": "", "transactionDescription": "Purchase", "latestTransDate": "2019-03-29", "positionDirect": 694800, "positionDirectDate": "2019-03-29"}, {"maxAge": 1, "name": "Majrekar (Gaurav)", "relation": "UNREPORTED", "url": "", "transactionDescription": "Purchase", "latestTransDate": "2019-03-25", "positionDirect": 182200, "positionDirectDate": "2019-03-25"}, {"maxAge": 1, "name": "Majrekar (Shankar)", "relation": "UNREPORTED", "url": "", "transactionDescription": "Sale", "latestTransDate": "2019-03-16", "positionDirect": 0, "positionDirectDate": "2019-03-16"}, {"maxAge": 1, "name": "Majrekar (Shrikrishna Kalidas)", "relation": "Promoter", "url": "", "transactionDescription": "Sale", "latestTransDate": "2019-01-25", "positionDirect": 3500, "positionDirectDate": "2019-01-25"}], "maxAge": 1}, "calendarEvents": {"maxAge": 1, "earnings": {"earningsDate": []}}, "price": {"maxAge": 1, "regularMarketChangePercent": 0.017084282, "regularMarketChange": 0.75, "regularMarketTime": "2021-04-30 14:59:11", "priceHint": 2, "regularMarketPrice": 44.65, "regularMarketDayHigh": 46.05, "regularMarketDayLow": 41.75, "regularMarketVolume": 1139, "averageDailyVolume10Day": 37, "averageDailyVolume3Month": 64, "regularMarketPreviousClose": 43.9, "regularMarketSource": "FREE_REALTIME", "regularMarketOpen": 45.0, "exchange": "BSE", "exchangeName": "BSE", "exchangeDataDelayedBy": 0, "marketState": "CLOSED", "quoteType": "EQUITY", "symbol": "CSURGSU.BO", "underlyingSymbol": null, "shortName": "CENTENIAL SURGICAL SUTURE LTD.", "longName": "Centenial Surgical Suture Limited", "currency": "INR", "quoteSourceName": "Delayed Quote", "currencySymbol": "\u20b9", "fromCurrency": null, "toCurrency": null, "lastMarket": null, "marketCap": 162896608}, "balanceSheetHistory": {"balanceSheetStatements": [{"maxAge": 1, "endDate": "2020-03-31", "cash": 7229000, "netReceivables": 233624000, "inventory": 321984000, "otherCurrentAssets": 12453000, "totalCurrentAssets": 576662000, "longTermInvestments": 10000, "propertyPlantEquipment": 106538000, "intangibleAssets": 98000, "otherAssets": 4855000, "totalAssets": 688163000, "accountsPayable": 125123000, "otherCurrentLiab": 63743000, "longTermDebt": 12000000, "otherLiab": 16028000, "totalCurrentLiabilities": 306862000, "totalLiab": 402071000, "commonStock": 36483000, "retainedEarnings": 231849000, "treasuryStock": 17760000, "otherStockholderEquity": 17760000, "totalStockholderEquity": 286092000, "netTangibleAssets": 285994000}, {"maxAge": 1, "endDate": "2019-03-31", "cash": 3262000, "netReceivables": 207211000, "inventory": 298213000, "otherCurrentAssets": 12144000, "totalCurrentAssets": 521925000, "longTermInvestments": 10000, "propertyPlantEquipment": 42915000, "intangibleAssets": 153000, "otherAssets": 2612000, "totalAssets": 567615000, "accountsPayable": 82515000, "otherCurrentLiab": 58200000, "longTermDebt": 12000000, "otherLiab": 13968000, "totalCurrentLiabilities": 261084000, "totalLiab": 287052000, "commonStock": 36483000, "retainedEarnings": 226320000, "treasuryStock": 17760000, "otherStockholderEquity": 17760000, "totalStockholderEquity": 280563000, "netTangibleAssets": 280410000}, {"maxAge": 1, "endDate": "2018-03-31", "cash": 10723000, "netReceivables": 181016000, "inventory": 305729000, "otherCurrentAssets": 13551000, "totalCurrentAssets": 512168000, "longTermInvestments": 10000, "propertyPlantEquipment": 40177000, "intangibleAssets": 14000, "otherAssets": 638000, "totalAssets": 553007000, "accountsPayable": 89021000, "otherCurrentLiab": 42572000, "longTermDebt": 12000000, "otherLiab": 16083000, "totalCurrentLiabilities": 264525000, "totalLiab": 292608000, "commonStock": 36483000, "retainedEarnings": 206156000, "treasuryStock": 17760000, "otherStockholderEquity": 17760000, "totalStockholderEquity": 260399000, "netTangibleAssets": 260385000}, {"maxAge": 1, "endDate": "2017-03-31", "cash": 8333000, "netReceivables": 189284000, "inventory": 296305000, "otherCurrentAssets": 22109000, "totalCurrentAssets": 517365000, "longTermInvestments": 10000, "propertyPlantEquipment": 39053000, "intangibleAssets": 14000, "otherAssets": 1541000, "totalAssets": 557983000, "accountsPayable": 92507000, "otherCurrentLiab": 49265000, "longTermDebt": 12006000, "otherLiab": 18091000, "totalCurrentLiabilities": 282909000, "totalLiab": 313006000, "commonStock": 36483000, "retainedEarnings": 190735000, "treasuryStock": 17759000, "otherStockholderEquity": 17759000, "totalStockholderEquity": 244977000, "netTangibleAssets": 244963000}], "maxAge": 86400}, "financialData": {"maxAge": 86400, "currentPrice": 44.65, "recommendationKey": "none", "grossProfits": 312563000, "financialCurrency": "INR"}}}