{"CTE.BO": {"recommendationTrend": {"trend": [{"period": "0m", "strongBuy": 0, "buy": 0, "hold": 0, "sell": 0, "strongSell": 0}, {"period": "-1m", "strongBuy": 0, "buy": 0, "hold": 0, "sell": 0, "strongSell": 0}, {"period": "-2m", "strongBuy": 0, "buy": 0, "hold": 0, "sell": 0, "strongSell": 0}, {"period": "-3m", "strongBuy": 0, "buy": 0, "hold": 0, "sell": 0, "strongSell": 0}], "maxAge": 86400}, "cashflowStatementHistory": {"cashflowStatements": [{"maxAge": 1, "endDate": "2020-03-31", "netIncome": 47657160, "depreciation": 64876060, "changeToNetincome": 53487180, "changeToAccountReceivables": 332357770, "changeToLiabilities": -1929790, "changeToOperatingActivities": -295662450, "totalCashFromOperatingActivities": 214663460, "capitalExpenditures": -225976820, "investments": 41689500, "otherCashflowsFromInvestingActivities": 4999920, "totalCashflowsFromInvestingActivities": -179177050, "netBorrowings": -49208550, "otherCashflowsFromFinancingActivities": 11279700, "totalCashFromFinancingActivities": -37928850, "changeInCash": -2442440}, {"maxAge": 1, "endDate": "2019-03-31", "netIncome": 188480290, "depreciation": 31158090, "changeToNetincome": -9403190, "changeToAccountReceivables": -480939230, "changeToLiabilities": -14842180, "changeToOperatingActivities": 281751210, "totalCashFromOperatingActivities": -3307580, "capitalExpenditures": -4016240, "investments": 41689500, "otherCashflowsFromInvestingActivities": 3127860, "totalCashflowsFromInvestingActivities": -274930, "netBorrowings": 19556210, "otherCashflowsFromFinancingActivities": -4310670, "totalCashFromFinancingActivities": 15245540, "changeInCash": 11663030}, {"maxAge": 1, "endDate": "2018-03-31", "netIncome": 129105500, "depreciation": 28871690, "changeToNetincome": 51827120, "changeToAccountReceivables": -18934850, "changeToLiabilities": -2131180, "changeToOperatingActivities": -193939180, "totalCashFromOperatingActivities": 233040, "capitalExpenditures": -4933180, "investments": 27204160, "otherCashflowsFromInvestingActivities": 1877170, "totalCashflowsFromInvestingActivities": 24291140, "netBorrowings": -2373220, "otherCashflowsFromFinancingActivities": -16290910, "totalCashFromFinancingActivities": -18664130, "changeInCash": 5860080}, {"maxAge": 1, "endDate": "2017-03-31", "netIncome": 162975710, "depreciation": 31879410, "changeToNetincome": 38266170, "changeToAccountReceivables": -71262160, "changeToLiabilities": 29531250, "changeToOperatingActivities": 85576310, "totalCashFromOperatingActivities": 282999690, "capitalExpenditures": -11640430, "investments": -339509960, "otherCashflowsFromInvestingActivities": 2981790, "totalCashflowsFromInvestingActivities": -347628350, "netBorrowings": 62478640, "otherCashflowsFromFinancingActivities": -17017870, "totalCashFromFinancingActivities": 45460770, "changeInCash": -19167890}], "maxAge": 86400}, "institutionOwnership": {"ownershipList": [], "maxAge": 1}, "balanceSheetHistoryQuarterly": {"balanceSheetStatements": [{"maxAge": 1, "endDate": "2020-06-30", "totalStockholderEquity": 734949000, "netTangibleAssets": 525423000}, {"maxAge": 1, "endDate": "2020-03-31", "cash": 18253720, "netReceivables": 336888630, "otherCurrentAssets": 151189860, "totalCurrentAssets": 513078470, "longTermInvestments": 167825160, "propertyPlantEquipment": 77877920, "intangibleAssets": 209526150, "otherAssets": 66496360, "deferredLongTermAssetCharges": 28834650, "totalAssets": 1034804060, "accountsPayable": 29683530, "shortLongTermDebt": 14270090, "otherCurrentLiab": 9661960, "longTermDebt": 10774860, "otherLiab": 28215610, "totalCurrentLiabilities": 213692490, "totalLiab": 299854830, "commonStock": 196310150, "retainedEarnings": 621750280, "treasuryStock": -83111200, "otherStockholderEquity": -83111200, "totalStockholderEquity": 734949230, "netTangibleAssets": 525423080}, {"maxAge": 1, "endDate": "2019-12-31", "totalStockholderEquity": 653838000, "netTangibleAssets": 553846000}, {"maxAge": 1, "endDate": "2019-09-30", "cash": 72443000, "shortTermInvestments": 1331000, "netReceivables": 453328000, "otherCurrentAssets": 113808000, "totalCurrentAssets": 640910000, "longTermInvestments": 227470000, "propertyPlantEquipment": 94345000, "intangibleAssets": 99992000, "otherAssets": 69309000, "deferredLongTermAssetCharges": 24340000, "totalAssets": 1132026000, "accountsPayable": 29876000, "otherCurrentLiab": 211998000, "longTermDebt": 18786000, "otherLiab": 24145000, "totalCurrentLiabilities": 369218000, "totalLiab": 478188000, "commonStock": 196310000, "treasuryStock": 457528000, "otherStockholderEquity": 457528000, "totalStockholderEquity": 653838000, "netTangibleAssets": 553846000}], "maxAge": 86400}, "earningsHistory": {"history": [{"maxAge": 1, "epsActual": {}, "epsEstimate": {}, "epsDifference": {}, "surprisePercent": {}, "quarter": {}, "period": "-4q"}, {"maxAge": 1, "epsActual": {}, "epsEstimate": {}, "epsDifference": {}, "surprisePercent": {}, "quarter": {}, "period": "-3q"}, {"maxAge": 1, "epsActual": {}, "epsEstimate": {}, "epsDifference": {}, "surprisePercent": {}, "quarter": {}, "period": "-2q"}, {"maxAge": 1, "epsActual": {}, "epsEstimate": {}, "epsDifference": {}, "surprisePercent": {}, "quarter": {}, "period": "-1q"}], "maxAge": 86400}, "indexTrend": {"maxAge": 1, "symbol": "SP5", "peRatio": 19.7411, "pegRatio": 1.34172, "estimates": [{"period": "0q", "growth": 0.549}, {"period": "+1q", "growth": 0.431}, {"period": "0y", "growth": 0.305}, {"period": "+1y", "growth": 0.109}, {"period": "+5y", "growth": 0.120865}, {"period": "-5y"}]}, "industryTrend": {"maxAge": 1, "symbol": null, "estimates": []}, "insiderTransactions": {"transactions": [{"maxAge": 1, "shares": 3360000, "filerUrl": "", "transactionText": "", "filerName": "Worldwide Technology Investments Pvt. Ltd.", "filerRelation": "Institution- Corporation", "moneyText": "", "startDate": "2020-01-09", "ownership": "D"}, {"maxAge": 1, "shares": 34325, "filerUrl": "", "transactionText": "", "filerName": "Kalra (Deven)", "filerRelation": "UNREPORTED", "moneyText": "", "startDate": "2019-09-24", "ownership": "D"}, {"maxAge": 1, "shares": 11376, "filerUrl": "", "transactionText": "", "filerName": "Swaroop (Dharani Raghurama)", "filerRelation": "Wholetime Director", "moneyText": "", "startDate": "2017-03-27", "ownership": "D"}, {"maxAge": 1, "shares": 10990, "filerUrl": "", "transactionText": "", "filerName": "Swaroop (Dharani Raghurama)", "filerRelation": "Wholetime Director", "moneyText": "", "startDate": "2017-03-03", "ownership": "D"}, {"maxAge": 1, "shares": 10736, "filerUrl": "", "transactionText": "", "filerName": "Swaroop (Dharani Raghurama)", "filerRelation": "Wholetime Director", "moneyText": "", "startDate": "2016-12-15", "ownership": "D"}, {"maxAge": 1, "shares": 15106, "filerUrl": "", "transactionText": "", "filerName": "Swaroop (Dharani Raghurama)", "filerRelation": "Wholetime Director", "moneyText": "", "startDate": "2016-11-29", "ownership": "D"}, {"maxAge": 1, "shares": 19077, "filerUrl": "", "transactionText": "", "filerName": "Swaroop (Dharani Raghurama)", "filerRelation": "Wholetime Director", "moneyText": "", "startDate": "2016-08-08", "ownership": "D"}, {"maxAge": 1, "shares": 4000, "filerUrl": "", "transactionText": "", "filerName": "Swaroop (Dharani Raghurama)", "filerRelation": "Wholetime Director", "moneyText": "", "startDate": "2015-10-12", "ownership": "D"}, {"maxAge": 1, "shares": 3000, "filerUrl": "", "transactionText": "", "filerName": "Swaroop (Dharani Raghurama)", "filerRelation": "Wholetime Director", "moneyText": "", "startDate": "2015-10-12", "ownership": "D"}, {"maxAge": 1, "shares": 200, "filerUrl": "", "transactionText": "", "filerName": "Swaroop (Dharani Raghurama)", "filerRelation": "Wholetime Director", "moneyText": "", "startDate": "2015-10-08", "ownership": "D"}, {"maxAge": 1, "shares": 3000, "filerUrl": "", "transactionText": "", "filerName": "Swaroop (Dharani Raghurama)", "filerRelation": "Wholetime Director", "moneyText": "", "startDate": "2015-10-07", "ownership": "D"}, {"maxAge": 1, "shares": 25000, "filerUrl": "", "transactionText": "", "filerName": "Reddy (Ramana V)", "filerRelation": "UNREPORTED", "moneyText": "", "startDate": "2015-09-23", "ownership": "D"}, {"maxAge": 1, "shares": 25000, "filerUrl": "", "transactionText": "", "filerName": "Reddy (Ramana V)", "filerRelation": "UNREPORTED", "moneyText": "", "startDate": "2015-09-23", "ownership": "D"}, {"maxAge": 1, "shares": 810424, "filerUrl": "", "transactionText": "", "filerName": "Cell Exchange Inc.", "filerRelation": "Promoter", "moneyText": "", "startDate": "2014-07-08", "ownership": "D"}, {"maxAge": 1, "shares": 9209693, "filerUrl": "", "transactionText": "", "filerName": "Cloud Computing LLC", "filerRelation": "Institution- Corporation", "moneyText": "", "startDate": "2014-07-08", "ownership": "D"}, {"maxAge": 1, "shares": 8399269, "filerUrl": "", "transactionText": "", "filerName": "Internet Business Capital Corporation", "filerRelation": "Promoter", "moneyText": "", "startDate": "2014-07-08", "ownership": "D"}, {"maxAge": 1, "shares": 809920, "filerUrl": "", "transactionText": "", "filerName": "Internet Business Capital Corporation", "filerRelation": "Promoter", "moneyText": "", "startDate": "2012-10-23", "ownership": "D"}, {"maxAge": 1, "shares": 809920, "filerUrl": "", "transactionText": "", "filerName": "Ourvox Holdings LLC", "filerRelation": "Institution- Corporation", "moneyText": "", "startDate": "2012-10-23", "ownership": "D"}, {"maxAge": 1, "shares": 116400, "filerUrl": "", "transactionText": "", "filerName": "Panigrahi (Bhaskar C)", "filerRelation": "Director", "moneyText": "", "startDate": "2010-06-01", "ownership": "D"}], "maxAge": 1}, "quoteType": {"exchange": "BSE", "quoteType": "EQUITY", "symbol": "CTE.BO", "underlyingSymbol": "CTE.BO", "shortName": "CAMBRIDGE TECHNOLOGY ENTERPRIS", "longName": "Cambridge Technology Enterprises Limited", "firstTradeDateEpochUtc": "2007-02-07 09:15:00", "timeZoneFullName": "Asia/Kolkata", "timeZoneShortName": "IST", "uuid": "0594653e-cb5f-3c31-8e2a-3eb3ab25f3ca", "gmtOffSetMilliseconds": 19800000, "maxAge": 1}, "incomeStatementHistory": {"incomeStatementHistory": [{"maxAge": 1, "endDate": "2020-03-31", "totalRevenue": 1057087120, "costOfRevenue": 833390400, "grossProfit": 223696720, "researchDevelopment": {}, "sellingGeneralAdministrative": 2842850, "nonRecurring": {}, "otherOperatingExpenses": 84694220, "totalOperatingExpenses": 999681060, "operatingIncome": 57406060, "totalOtherIncomeExpenseNet": -3108290, "ebit": 57406060, "interestExpense": -21968790, "incomeBeforeTax": 54297770, "incomeTaxExpense": 6640610, "minorityInterest": {}, "netIncomeFromContinuingOps": 47657160, "discontinuedOperations": {}, "extraordinaryItems": {}, "effectOfAccountingCharges": {}, "otherItems": {}, "netIncome": 47657160, "netIncomeApplicableToCommonShares": 47657160}, {"maxAge": 1, "endDate": "2019-03-31", "totalRevenue": 1025538710, "costOfRevenue": 635013070, "grossProfit": 390525640, "researchDevelopment": {}, "sellingGeneralAdministrative": 40981540, "nonRecurring": {}, "otherOperatingExpenses": 114940270, "totalOperatingExpenses": 823783900, "operatingIncome": 201754810, "totalOtherIncomeExpenseNet": -3983080, "ebit": 201754810, "interestExpense": -14496990, "incomeBeforeTax": 197771730, "incomeTaxExpense": 9291440, "minorityInterest": {}, "netIncomeFromContinuingOps": 188480290, "discontinuedOperations": {}, "extraordinaryItems": {}, "effectOfAccountingCharges": {}, "otherItems": {}, "netIncome": 188480290, "netIncomeApplicableToCommonShares": 188480290}, {"maxAge": 1, "endDate": "2018-03-31", "totalRevenue": 992115150, "costOfRevenue": 682294610, "grossProfit": 309820540, "researchDevelopment": {}, "sellingGeneralAdministrative": 29137460, "nonRecurring": {}, "otherOperatingExpenses": 100712200, "totalOperatingExpenses": 853219940, "operatingIncome": 138895210, "totalOtherIncomeExpenseNet": -16705720, "ebit": 138895210, "interestExpense": -15741080, "incomeBeforeTax": 122189490, "incomeTaxExpense": -6916010, "minorityInterest": {}, "netIncomeFromContinuingOps": 129105500, "discontinuedOperations": {}, "extraordinaryItems": {}, "effectOfAccountingCharges": {}, "otherItems": {}, "netIncome": 129105500, "netIncomeApplicableToCommonShares": 129105500}, {"maxAge": 1, "endDate": "2017-03-31", "totalRevenue": 1006035650, "costOfRevenue": 471001990, "grossProfit": 535033660, "researchDevelopment": {}, "sellingGeneralAdministrative": 35335090, "nonRecurring": {}, "otherOperatingExpenses": 260813220, "totalOperatingExpenses": 813399670, "operatingIncome": 192635980, "totalOtherIncomeExpenseNet": 16380610, "ebit": 192635980, "interestExpense": -9362090, "incomeBeforeTax": 209016590, "incomeTaxExpense": 46040880, "minorityInterest": {}, "netIncomeFromContinuingOps": 162975710, "discontinuedOperations": {}, "extraordinaryItems": {}, "effectOfAccountingCharges": {}, "otherItems": {}, "netIncome": 162975710, "netIncomeApplicableToCommonShares": 162975710}], "maxAge": 86400}, "fundOwnership": {"ownershipList": [], "maxAge": 1}, "summaryDetail": {"maxAge": 1, "priceHint": 2, "previousClose": 31.15, "open": 32.65, "dayLow": 30.25, "dayHigh": 32.7, "regularMarketPreviousClose": 31.15, "regularMarketOpen": 32.65, "regularMarketDayLow": 30.25, "regularMarketDayHigh": 32.7, "trailingPE": 12.919795, "volume": 1293, "regularMarketVolume": 1293, "averageVolume": 4144, "averageVolume10days": 2576, "averageDailyVolume10Day": 2576, "bid": 32.7, "ask": 0.0, "bidSize": 0, "askSize": 0, "marketCap": 641933696, "fiftyTwoWeekLow": 11.65, "fiftyTwoWeekHigh": 53.0, "fiftyDayAverage": 44.727272, "twoHundredDayAverage": 31.280293, "currency": "INR", "fromCurrency": null, "lastMarket": null, "algorithm": null, "tradeable": false}, "sectorTrend": {"maxAge": 1, "symbol": null, "estimates": []}, "incomeStatementHistoryQuarterly": {"incomeStatementHistory": [{"maxAge": 1, "endDate": "2020-06-30", "totalRevenue": 221601000, "costOfRevenue": 161086000, "grossProfit": 60515000, "researchDevelopment": {}, "sellingGeneralAdministrative": {}, "nonRecurring": {}, "otherOperatingExpenses": 13427000, "totalOperatingExpenses": 191704000, "operatingIncome": 29897000, "totalOtherIncomeExpenseNet": -3442000, "ebit": 29897000, "interestExpense": -3442000, "incomeBeforeTax": 26455000, "incomeTaxExpense": 2339000, "minorityInterest": {}, "netIncomeFromContinuingOps": 24116000, "discontinuedOperations": {}, "extraordinaryItems": {}, "effectOfAccountingCharges": {}, "otherItems": {}, "netIncome": 24116000, "netIncomeApplicableToCommonShares": 24116000}, {"maxAge": 1, "endDate": "2020-03-31", "totalRevenue": 260156120, "costOfRevenue": 233347400, "grossProfit": 26808720, "researchDevelopment": {}, "sellingGeneralAdministrative": 2842850, "nonRecurring": {}, "otherOperatingExpenses": 13291220, "totalOperatingExpenses": 274364060, "operatingIncome": -14207940, "totalOtherIncomeExpenseNet": 16840710, "ebit": -14207940, "interestExpense": -2018790, "incomeBeforeTax": 2632770, "incomeTaxExpense": -71390, "minorityInterest": {}, "netIncomeFromContinuingOps": 2704160, "discontinuedOperations": {}, "extraordinaryItems": {}, "effectOfAccountingCharges": {}, "otherItems": {}, "netIncome": 2704160, "netIncomeApplicableToCommonShares": 2704160}, {"maxAge": 1, "endDate": "2019-12-31", "totalRevenue": 360197000, "costOfRevenue": 287067000, "grossProfit": 73130000, "researchDevelopment": {}, "sellingGeneralAdministrative": 2842850, "nonRecurring": {}, "otherOperatingExpenses": 31467000, "totalOperatingExpenses": 340057000, "operatingIncome": 20140000, "totalOtherIncomeExpenseNet": -5753000, "ebit": 20140000, "interestExpense": -5754000, "incomeBeforeTax": 14387000, "incomeTaxExpense": 1603000, "minorityInterest": {}, "netIncomeFromContinuingOps": 12784000, "discontinuedOperations": {}, "extraordinaryItems": {}, "effectOfAccountingCharges": {}, "otherItems": {}, "netIncome": 12784000, "netIncomeApplicableToCommonShares": 12784000}, {"maxAge": 1, "endDate": "2019-09-30", "totalRevenue": 214859000, "costOfRevenue": 164049000, "grossProfit": 50810000, "researchDevelopment": {}, "sellingGeneralAdministrative": 2842850, "nonRecurring": {}, "otherOperatingExpenses": 9233000, "totalOperatingExpenses": 194988000, "operatingIncome": 19871000, "totalOtherIncomeExpenseNet": -8220000, "ebit": 19871000, "interestExpense": -8220000, "incomeBeforeTax": 11651000, "incomeTaxExpense": 1576000, "minorityInterest": {}, "netIncomeFromContinuingOps": 10075000, "discontinuedOperations": {}, "extraordinaryItems": {}, "effectOfAccountingCharges": {}, "otherItems": {}, "netIncome": 10075000, "netIncomeApplicableToCommonShares": 10075000}], "maxAge": 86400}, "cashflowStatementHistoryQuarterly": {"cashflowStatements": [{"maxAge": 1, "endDate": "2020-06-30", "netIncome": 24116000, "changeToLiabilities": 0}, {"maxAge": 1, "endDate": "2020-03-31", "netIncome": 2704160, "changeToLiabilities": 0}, {"maxAge": 1, "endDate": "2019-12-31", "netIncome": 12784000, "changeToLiabilities": 0}, {"maxAge": 1, "endDate": "2019-09-30", "netIncome": 10075000, "changeToLiabilities": 0}], "maxAge": 86400}, "insiderHolders": {"holders": [{"maxAge": 1, "name": "Cell Exchange Inc.", "relation": "Promoter", "url": "", "transactionDescription": "Sale", "latestTransDate": "2014-07-08", "positionDirect": 0, "positionDirectDate": "2014-07-08"}, {"maxAge": 1, "name": "Cloud Computing LLC", "relation": "Institution- Corporation", "url": "", "transactionDescription": "Purchase", "latestTransDate": "2014-07-08", "positionDirect": 9209693, "positionDirectDate": "2014-07-08"}, {"maxAge": 1, "name": "Internet Business Capital Corporation", "relation": "Promoter", "url": "", "transactionDescription": "Sale", "latestTransDate": "2014-07-08", "positionDirect": 0, "positionDirectDate": "2014-07-08"}, {"maxAge": 1, "name": "Kalra (Deven)", "relation": "UNREPORTED", "url": "", "transactionDescription": "Acquisition", "latestTransDate": "2019-09-24", "positionDirect": 438767, "positionDirectDate": "2019-09-24"}, {"maxAge": 1, "name": "Ourvox Holdings LLC", "relation": "Institution- Corporation", "url": "", "transactionDescription": "Sale", "latestTransDate": "2012-10-23", "positionDirect": 940080, "positionDirectDate": "2012-10-23"}, {"maxAge": 1, "name": "Panigrahi (Bhaskar C)", "relation": "Director", "url": "", "transactionDescription": "Acquisition", "latestTransDate": "2010-06-01", "positionDirect": 1174383, "positionDirectDate": "2010-06-01"}, {"maxAge": 1, "name": "Reddy (Ramana V)", "relation": "UNREPORTED", "url": "", "transactionDescription": "Other", "latestTransDate": "2015-09-23", "positionDirect": 25000, "positionDirectDate": "2015-09-23"}, {"maxAge": 1, "name": "Swaroop (Dharani Raghurama)", "relation": "Wholetime Director", "url": "", "transactionDescription": "Sale", "latestTransDate": "2017-03-27", "positionDirect": 23122, "positionDirectDate": "2017-03-27"}, {"maxAge": 1, "name": "Worldwide Technology Investments Pvt. Ltd.", "relation": "Institution- Corporation", "url": "", "transactionDescription": "Other", "latestTransDate": "2020-01-09", "positionDirect": 3360000, "positionDirectDate": "2020-01-09"}], "maxAge": 1}, "earnings": {"maxAge": 86400, "earningsChart": {"quarterly": [], "earningsDate": ["2020-09-02 05:30:S"]}, "financialsChart": {"yearly": [{"date": 2017, "revenue": 1006035650, "earnings": 162975710}, {"date": 2018, "revenue": 992115150, "earnings": 129105500}, {"date": 2019, "revenue": 1025538710, "earnings": 188480290}, {"date": 2020, "revenue": 1057087120, "earnings": 47657160}], "quarterly": [{"date": "3Q2019", "revenue": 214859000, "earnings": 10075000}, {"date": "4Q2019", "revenue": 360197000, "earnings": 12784000}, {"date": "1Q2020", "revenue": 260156120, "earnings": 2704160}, {"date": "2Q2020", "revenue": 221601000, "earnings": 24116000}]}, "financialCurrency": "INR"}, "calendarEvents": {"maxAge": 1, "earnings": {"earningsDate": ["2020-09-02 05:30:S"]}}, "upgradeDowngradeHistory": {"history": [], "maxAge": 86400}, "price": {"maxAge": 1, "regularMarketChangePercent": 0.049759265, "regularMarketChange": 1.5500011, "regularMarketTime": "2021-04-30 12:41:18", "priceHint": 2, "regularMarketPrice": 32.7, "regularMarketDayHigh": 32.7, "regularMarketDayLow": 30.25, "regularMarketVolume": 1293, "averageDailyVolume10Day": 2576, "averageDailyVolume3Month": 4144, "regularMarketPreviousClose": 31.15, "regularMarketSource": "FREE_REALTIME", "regularMarketOpen": 32.65, "exchange": "BSE", "exchangeName": "BSE", "exchangeDataDelayedBy": 0, "marketState": "CLOSED", "quoteType": "EQUITY", "symbol": "CTE.BO", "underlyingSymbol": null, "shortName": "CAMBRIDGE TECHNOLOGY ENTERPRIS", "longName": "Cambridge Technology Enterprises Limited", "currency": "INR", "quoteSourceName": "Delayed Quote", "currencySymbol": "\u20b9", "fromCurrency": null, "lastMarket": null, "marketCap": 641933696}, "balanceSheetHistory": {"balanceSheetStatements": [{"maxAge": 1, "endDate": "2020-03-31", "cash": 18253720, "netReceivables": 336888630, "otherCurrentAssets": 151189860, "totalCurrentAssets": 513078470, "longTermInvestments": 167825160, "propertyPlantEquipment": 77877920, "intangibleAssets": 209526150, "otherAssets": 66496360, "deferredLongTermAssetCharges": 28834650, "totalAssets": 1034804060, "accountsPayable": 29683530, "shortLongTermDebt": 14270090, "otherCurrentLiab": 9661960, "longTermDebt": 10774860, "otherLiab": 28215610, "totalCurrentLiabilities": 213692490, "totalLiab": 299854830, "commonStock": 196310150, "retainedEarnings": 621750280, "treasuryStock": -83111200, "otherStockholderEquity": -83111200, "totalStockholderEquity": 734949230, "netTangibleAssets": 525423080}, {"maxAge": 1, "endDate": "2019-03-31", "cash": 20696160, "shortTermInvestments": 2640000, "netReceivables": 656115880, "otherCurrentAssets": 56339820, "totalCurrentAssets": 738701270, "longTermInvestments": 239670660, "propertyPlantEquipment": 4702280, "intangibleAssets": 27529350, "otherAssets": 63935280, "deferredLongTermAssetCharges": 24050950, "totalAssets": 1074538840, "accountsPayable": 31613320, "shortLongTermDebt": 14136550, "otherCurrentLiab": 2014880, "longTermDebt": 13176550, "otherLiab": 21750170, "totalCurrentLiabilities": 427977450, "totalLiab": 462904170, "commonStock": 196310150, "retainedEarnings": 578020420, "treasuryStock": -162695900, "otherStockholderEquity": -162695900, "totalStockholderEquity": 611634670, "netTangibleAssets": 584105320}, {"maxAge": 1, "endDate": "2018-03-31", "cash": 9033130, "netReceivables": 353753110, "otherCurrentAssets": 16445040, "totalCurrentAssets": 385002250, "longTermInvestments": 363371980, "propertyPlantEquipment": 6650190, "intangibleAssets": 49955360, "otherAssets": 85605220, "deferredLongTermAssetCharges": 24270160, "totalAssets": 890585000, "accountsPayable": 46455490, "shortLongTermDebt": 10189800, "otherCurrentLiab": 9958210, "longTermDebt": 3325100, "otherLiab": 13301340, "totalCurrentLiabilities": 304092330, "totalLiab": 320718770, "commonStock": 196310150, "retainedEarnings": 392604350, "treasuryStock": -19048270, "otherStockholderEquity": -19048270, "totalStockholderEquity": 569866230, "netTangibleAssets": 519910870}, {"maxAge": 1, "endDate": "2017-03-31", "cash": 3173050, "netReceivables": 235693800, "otherCurrentAssets": 32190180, "totalCurrentAssets": 278006000, "longTermInvestments": 412981880, "propertyPlantEquipment": 6873820, "intangibleAssets": 79222160, "otherAssets": 44053970, "deferredLongTermAssetCharges": 4776240, "totalAssets": 821137830, "accountsPayable": 48586670, "shortLongTermDebt": 2021400, "otherCurrentLiab": 38006740, "longTermDebt": 583250, "otherLiab": 11685020, "totalCurrentLiabilities": 356985750, "totalLiab": 369254020, "commonStock": 196310150, "retainedEarnings": 257768260, "treasuryStock": -2194600, "otherStockholderEquity": -2194600, "totalStockholderEquity": 451883810, "netTangibleAssets": 372661650}], "maxAge": 86400}, "earningsTrend": {"trend": [{"maxAge": 1, "period": "0q", "endDate": null, "growth": {}, "earningsEstimate": {"avg": 0.0, "low": 0.0, "high": 0.0, "yearAgoEps": {}, "numberOfAnalysts": 0, "growth": {}}, "revenueEstimate": {"avg": 0, "low": 0, "high": 0, "numberOfAnalysts": 0, "yearAgoRevenue": {}, "growth": {}}, "epsTrend": {"current": 0.0, "7daysAgo": 0.0, "30daysAgo": 0.0, "60daysAgo": 0.0, "90daysAgo": 0.0}, "epsRevisions": {"upLast7days": 0, "upLast30days": 0, "downLast30days": 0, "downLast90days": {}}}, {"maxAge": 1, "period": "+1q", "endDate": null, "growth": {}, "earningsEstimate": {"avg": 0.0, "low": 0.0, "high": 0.0, "yearAgoEps": {}, "numberOfAnalysts": 0, "growth": {}}, "revenueEstimate": {"avg": 0, "low": 0, "high": 0, "numberOfAnalysts": 0, "yearAgoRevenue": {}, "growth": {}}, "epsTrend": {"current": 0.0, "7daysAgo": 0.0, "30daysAgo": 0.0, "60daysAgo": 0.0, "90daysAgo": 0.0}, "epsRevisions": {"upLast7days": 0, "upLast30days": 0, "downLast30days": 0, "downLast90days": {}}}, {"maxAge": 1, "period": "0y", "endDate": null, "growth": {}, "earningsEstimate": {"avg": 0.0, "low": 0.0, "high": 0.0, "yearAgoEps": {}, "numberOfAnalysts": 0, "growth": {}}, "revenueEstimate": {"avg": 0, "low": 0, "high": 0, "numberOfAnalysts": 0, "yearAgoRevenue": {}, "growth": {}}, "epsTrend": {"current": 0.0, "7daysAgo": 0.0, "30daysAgo": 0.0, "60daysAgo": 0.0, "90daysAgo": 0.0}, "epsRevisions": {"upLast7days": 0, "upLast30days": 0, "downLast30days": 0, "downLast90days": {}}}, {"maxAge": 1, "period": "+1y", "endDate": null, "growth": {}, "earningsEstimate": {"avg": 0.0, "low": 0.0, "high": 0.0, "yearAgoEps": {}, "numberOfAnalysts": 0, "growth": {}}, "revenueEstimate": {"avg": 0, "low": 0, "high": 0, "numberOfAnalysts": 0, "yearAgoRevenue": {}, "growth": {}}, "epsTrend": {"current": 0.0, "7daysAgo": 0.0, "30daysAgo": 0.0, "60daysAgo": 0.0, "90daysAgo": 0.0}, "epsRevisions": {"upLast7days": 0, "upLast30days": 0, "downLast30days": 0, "downLast90days": {}}}, {"maxAge": 1, "period": "+5y", "endDate": null, "growth": {}, "earningsEstimate": {"avg": {}, "low": {}, "high": {}, "yearAgoEps": {}, "numberOfAnalysts": {}, "growth": {}}, "revenueEstimate": {"avg": {}, "low": {}, "high": {}, "numberOfAnalysts": {}, "yearAgoRevenue": {}, "growth": {}}, "epsTrend": {"current": {}, "7daysAgo": {}, "30daysAgo": {}, "60daysAgo": {}, "90daysAgo": {}}, "epsRevisions": {"upLast7days": {}, "upLast30days": {}, "downLast30days": {}, "downLast90days": {}}}, {"maxAge": 1, "period": "-5y", "endDate": null, "growth": {}, "earningsEstimate": {"avg": {}, "low": {}, "high": {}, "yearAgoEps": {}, "numberOfAnalysts": {}, "growth": {}}, "revenueEstimate": {"avg": {}, "low": {}, "high": {}, "numberOfAnalysts": {}, "yearAgoRevenue": {}, "growth": {}}, "epsTrend": {"current": {}, "7daysAgo": {}, "30daysAgo": {}, "60daysAgo": {}, "90daysAgo": {}}, "epsRevisions": {"upLast7days": {}, "upLast30days": {}, "downLast30days": {}, "downLast90days": {}}}], "maxAge": 1}, "financialData": {"maxAge": 86400, "currentPrice": 32.7, "recommendationKey": "none", "grossProfits": 223696720, "financialCurrency": "INR"}}}