{"CUBEXTUB.BO": {"recommendationTrend": {"trend": [{"period": "0m", "strongBuy": 0, "buy": 0, "hold": 0, "sell": 0, "strongSell": 0}, {"period": "-1m", "strongBuy": 0, "buy": 0, "hold": 0, "sell": 0, "strongSell": 0}, {"period": "-2m", "strongBuy": 0, "buy": 0, "hold": 0, "sell": 0, "strongSell": 0}, {"period": "-3m", "strongBuy": 0, "buy": 0, "hold": 0, "sell": 0, "strongSell": 0}], "maxAge": 86400}, "cashflowStatementHistory": {"cashflowStatements": [{"maxAge": 1, "endDate": "2020-03-31", "netIncome": 4291000, "depreciation": 13067000, "changeToNetincome": 6191000, "changeToAccountReceivables": 93613000, "changeToLiabilities": -4804000, "changeToInventory": -66562000, "changeToOperatingActivities": -18521000, "totalCashFromOperatingActivities": 27275000, "capitalExpenditures": -24107000, "totalCashflowsFromInvestingActivities": -25843000, "netBorrowings": 1366000, "otherCashflowsFromFinancingActivities": -4058000, "totalCashFromFinancingActivities": -2692000, "changeInCash": -1260000}, {"maxAge": 1, "endDate": "2019-03-31", "netIncome": 6587095, "depreciation": 13495058, "changeToNetincome": 4095092, "changeToAccountReceivables": -130430238, "changeToLiabilities": 51058884, "changeToInventory": 3967530, "changeToOperatingActivities": -755778, "totalCashFromOperatingActivities": -51982357, "capitalExpenditures": -1116373, "totalCashflowsFromInvestingActivities": 10979807, "netBorrowings": -8937070, "otherCashflowsFromFinancingActivities": 44664140, "totalCashFromFinancingActivities": 35727070, "changeInCash": -5275480}, {"maxAge": 1, "endDate": "2018-03-31", "netIncome": 3829006, "depreciation": 14080504, "changeToNetincome": 3229141, "changeToAccountReceivables": 3786101, "changeToLiabilities": 33361848, "changeToInventory": -68490755, "changeToOperatingActivities": 46286553, "totalCashFromOperatingActivities": 36082398, "capitalExpenditures": -6265981, "totalCashflowsFromInvestingActivities": -5894598, "netBorrowings": -12548343, "otherCashflowsFromFinancingActivities": -26001724, "totalCashFromFinancingActivities": -38550067, "changeInCash": -8362267}, {"maxAge": 1, "endDate": "2017-03-31", "netIncome": 3542983, "depreciation": 14669579, "changeToNetincome": 438453, "changeToAccountReceivables": -7572050, "changeToLiabilities": 7201679, "changeToInventory": -15345312, "changeToOperatingActivities": 18930654, "totalCashFromOperatingActivities": 21865986, "capitalExpenditures": -1628720, "totalCashflowsFromInvestingActivities": -2777125, "netBorrowings": -12495860, "otherCashflowsFromFinancingActivities": -282216, "totalCashFromFinancingActivities": -12778076, "changeInCash": 6310785}], "maxAge": 86400}, "institutionOwnership": {"ownershipList": [], "maxAge": 1}, "balanceSheetHistoryQuarterly": {"balanceSheetStatements": [{"maxAge": 1, "endDate": "2020-06-30", "totalStockholderEquity": 583039000, "netTangibleAssets": 583039000}, {"maxAge": 1, "endDate": "2020-03-31", "cash": 18712000, "netReceivables": 302216000, "inventory": 187593000, "otherCurrentAssets": 27645000, "totalCurrentAssets": 536166000, "propertyPlantEquipment": 165932000, "otherAssets": 86170000, "totalAssets": 788268000, "accountsPayable": 126834000, "otherCurrentLiab": 14570000, "longTermDebt": 1366000, "otherLiab": 11404000, "totalCurrentLiabilities": 192459000, "totalLiab": 205229000, "commonStock": 142601000, "treasuryStock": 440438000, "otherStockholderEquity": 440438000, "totalStockholderEquity": 583039000, "netTangibleAssets": 583039000}, {"maxAge": 1, "endDate": "2019-12-31", "totalStockholderEquity": 579762000, "netTangibleAssets": 579762000}, {"maxAge": 1, "endDate": "2019-09-30", "cash": 16290000, "netReceivables": 376364000, "inventory": 127087000, "otherCurrentAssets": 26186000, "totalCurrentAssets": 545927000, "propertyPlantEquipment": 156730000, "otherAssets": 74775000, "totalAssets": 777432000, "accountsPayable": 3610000, "shortLongTermDebt": 8937000, "otherCurrentLiab": 123098000, "otherLiab": 10765000, "totalCurrentLiabilities": 186905000, "totalLiab": 197670000, "commonStock": 142601000, "treasuryStock": 437161000, "otherStockholderEquity": 437161000, "totalStockholderEquity": 579762000, "netTangibleAssets": 579762000}], "maxAge": 86400}, "earningsHistory": {"history": [{"maxAge": 1, "epsActual": {}, "epsEstimate": {}, "epsDifference": {}, "surprisePercent": {}, "quarter": {}, "period": "-4q"}, {"maxAge": 1, "epsActual": {}, "epsEstimate": {}, "epsDifference": {}, "surprisePercent": {}, "quarter": {}, "period": "-3q"}, {"maxAge": 1, "epsActual": {}, "epsEstimate": {}, "epsDifference": {}, "surprisePercent": {}, "quarter": {}, "period": "-2q"}, {"maxAge": 1, "epsActual": {}, "epsEstimate": {}, "epsDifference": {}, "surprisePercent": {}, "quarter": {}, "period": "-1q"}], "maxAge": 86400}, "indexTrend": {"maxAge": 1, "symbol": "SP5", "peRatio": 19.7411, "pegRatio": 1.34172, "estimates": [{"period": "0q", "growth": 0.549}, {"period": "+1q", "growth": 0.431}, {"period": "0y", "growth": 0.305}, {"period": "+1y", "growth": 0.109}, {"period": "+5y", "growth": 0.120865}, {"period": "-5y"}]}, "industryTrend": {"maxAge": 1, "symbol": null, "estimates": []}, "insiderTransactions": {"transactions": [{"maxAge": 1, "shares": 1316897, "filerUrl": "", "transactionText": "", "filerName": "Cubex Securities Limited", "filerRelation": "Promoter", "moneyText": "", "startDate": "2012-01-13", "ownership": "D"}, {"maxAge": 1, "shares": 89180, "filerUrl": "", "transactionText": "", "filerName": "Bhandari (Virendra Kumar)", "filerRelation": "Director", "moneyText": "", "startDate": "2012-01-12", "ownership": "D"}], "maxAge": 1}, "quoteType": {"exchange": "BSE", "quoteType": "EQUITY", "symbol": "CUBEXTUB.BO", "underlyingSymbol": "CUBEXTUB.BO", "shortName": "CUBEX TUBINGS LTD.", "longName": "Cubex Tubings Limited", "firstTradeDateEpochUtc": "2005-06-15 09:15:00", "timeZoneFullName": "Asia/Kolkata", "timeZoneShortName": "IST", "uuid": "dd2a528a-621b-3b7c-9847-93562815a774", "gmtOffSetMilliseconds": 19800000, "maxAge": 1}, "incomeStatementHistory": {"incomeStatementHistory": [{"maxAge": 1, "endDate": "2020-03-31", "totalRevenue": 598859000, "costOfRevenue": 491514000, "grossProfit": 107345000, "researchDevelopment": {}, "sellingGeneralAdministrative": 10462000, "nonRecurring": {}, "otherOperatingExpenses": 82965000, "totalOperatingExpenses": 598008000, "operatingIncome": 851000, "totalOtherIncomeExpenseNet": 6761000, "ebit": 851000, "interestExpense": -4059000, "incomeBeforeTax": 7612000, "incomeTaxExpense": 3321000, "minorityInterest": {}, "netIncomeFromContinuingOps": 4291000, "discontinuedOperations": {}, "extraordinaryItems": {}, "effectOfAccountingCharges": {}, "otherItems": {}, "netIncome": 4291000, "netIncomeApplicableToCommonShares": 4291000}, {"maxAge": 1, "endDate": "2019-03-31", "totalRevenue": 748529890, "costOfRevenue": 724230608, "grossProfit": 24299282, "researchDevelopment": {}, "sellingGeneralAdministrative": 9732959, "nonRecurring": {}, "otherOperatingExpenses": 8501385, "totalOperatingExpenses": 755960010, "operatingIncome": -7430120, "totalOtherIncomeExpenseNet": 14422252, "ebit": -7430120, "interestExpense": -5506235, "incomeBeforeTax": 6992132, "incomeTaxExpense": 405037, "minorityInterest": {}, "netIncomeFromContinuingOps": 6587095, "discontinuedOperations": {}, "extraordinaryItems": {}, "effectOfAccountingCharges": {}, "otherItems": {}, "netIncome": 6587095, "netIncomeApplicableToCommonShares": 6587095}, {"maxAge": 1, "endDate": "2018-03-31", "totalRevenue": 509585795, "costOfRevenue": 491788337, "grossProfit": 17797458, "researchDevelopment": {}, "sellingGeneralAdministrative": 9959114, "nonRecurring": {}, "otherOperatingExpenses": 4452150, "totalOperatingExpenses": 520280105, "operatingIncome": -10694310, "totalOtherIncomeExpenseNet": 15569985, "ebit": -10694310, "interestExpense": -4286462, "incomeBeforeTax": 4875675, "incomeTaxExpense": 1046669, "minorityInterest": {}, "netIncomeFromContinuingOps": 3829006, "discontinuedOperations": {}, "extraordinaryItems": {}, "effectOfAccountingCharges": {}, "otherItems": {}, "netIncome": 3829006, "netIncomeApplicableToCommonShares": 3829006}, {"maxAge": 1, "endDate": "2017-03-31", "totalRevenue": 455058199, "costOfRevenue": 434613218, "grossProfit": 20444981, "researchDevelopment": {}, "sellingGeneralAdministrative": 10075028, "nonRecurring": {}, "otherOperatingExpenses": 9722445, "totalOperatingExpenses": 469080270, "operatingIncome": -14022071, "totalOtherIncomeExpenseNet": 18592113, "ebit": -14022071, "interestExpense": -2419816, "incomeBeforeTax": 4570042, "incomeTaxExpense": 1027059, "minorityInterest": {}, "netIncomeFromContinuingOps": 3542983, "discontinuedOperations": {}, "extraordinaryItems": {}, "effectOfAccountingCharges": {}, "otherItems": {}, "netIncome": 3542983, "netIncomeApplicableToCommonShares": 3542983}], "maxAge": 86400}, "fundOwnership": {"ownershipList": [], "maxAge": 1}, "summaryDetail": {"maxAge": 1, "priceHint": 2, "previousClose": 28.95, "open": 28.0, "dayLow": 28.0, "dayHigh": 29.0, "regularMarketPreviousClose": 28.95, "regularMarketOpen": 28.0, "regularMarketDayLow": 28.0, "regularMarketDayHigh": 29.0, "trailingPE": 114.65863, "volume": 4499, "regularMarketVolume": 4499, "averageVolume": 4440, "averageVolume10days": 6887, "averageDailyVolume10Day": 6887, "bid": 28.25, "ask": 29.2, "bidSize": 0, "askSize": 0, "marketCap": 408807424, "fiftyTwoWeekLow": 9.1, "fiftyTwoWeekHigh": 29.0, "fiftyDayAverage": 17.683332, "twoHundredDayAverage": 13.7002945, "currency": "INR", "fromCurrency": null, "lastMarket": null, "algorithm": null, "tradeable": false}, "sectorTrend": {"maxAge": 1, "symbol": null, "estimates": []}, "incomeStatementHistoryQuarterly": {"incomeStatementHistory": [{"maxAge": 1, "endDate": "2020-06-30", "totalRevenue": 91777000, "costOfRevenue": 66797000, "grossProfit": 24980000, "researchDevelopment": {}, "sellingGeneralAdministrative": 1388000, "nonRecurring": {}, "otherOperatingExpenses": 19444000, "totalOperatingExpenses": 90896000, "operatingIncome": 881000, "totalOtherIncomeExpenseNet": 1023000, "ebit": 881000, "interestExpense": -1246000, "incomeBeforeTax": 1904000, "incomeTaxExpense": 1105000, "minorityInterest": {}, "netIncomeFromContinuingOps": 799000, "discontinuedOperations": {}, "extraordinaryItems": {}, "effectOfAccountingCharges": {}, "otherItems": {}, "netIncome": 799000, "netIncomeApplicableToCommonShares": 799000}, {"maxAge": 1, "endDate": "2020-03-31", "totalRevenue": 126859000, "costOfRevenue": 105918000, "grossProfit": 20941000, "researchDevelopment": {}, "sellingGeneralAdministrative": 882000, "nonRecurring": {}, "otherOperatingExpenses": 16673000, "totalOperatingExpenses": 126376000, "operatingIncome": 483000, "totalOtherIncomeExpenseNet": 2980000, "ebit": 483000, "interestExpense": -1014000, "incomeBeforeTax": 3463000, "incomeTaxExpense": 416000, "minorityInterest": {}, "netIncomeFromContinuingOps": 3047000, "discontinuedOperations": {}, "extraordinaryItems": {}, "effectOfAccountingCharges": {}, "otherItems": {}, "netIncome": 3047000, "netIncomeApplicableToCommonShares": 3047000}, {"maxAge": 1, "endDate": "2019-12-31", "totalRevenue": 197799000, "costOfRevenue": 169034000, "grossProfit": 28765000, "researchDevelopment": {}, "sellingGeneralAdministrative": 3267000, "nonRecurring": {}, "otherOperatingExpenses": 22369000, "totalOperatingExpenses": 198056000, "operatingIncome": -257000, "totalOtherIncomeExpenseNet": 1419000, "ebit": -257000, "interestExpense": -964000, "incomeBeforeTax": 1162000, "incomeTaxExpense": 933000, "minorityInterest": {}, "netIncomeFromContinuingOps": 229000, "discontinuedOperations": {}, "extraordinaryItems": {}, "effectOfAccountingCharges": {}, "otherItems": {}, "netIncome": 229000, "netIncomeApplicableToCommonShares": 229000}, {"maxAge": 1, "endDate": "2019-09-30", "totalRevenue": 145143000, "costOfRevenue": 120105000, "grossProfit": 25038000, "researchDevelopment": {}, "sellingGeneralAdministrative": 3435000, "nonRecurring": {}, "otherOperatingExpenses": 18531000, "totalOperatingExpenses": 145475000, "operatingIncome": -332000, "totalOtherIncomeExpenseNet": 1626000, "ebit": -332000, "interestExpense": -1156000, "incomeBeforeTax": 1294000, "incomeTaxExpense": 1411000, "minorityInterest": {}, "netIncomeFromContinuingOps": -117000, "discontinuedOperations": {}, "extraordinaryItems": {}, "effectOfAccountingCharges": {}, "otherItems": {}, "netIncome": -117000, "netIncomeApplicableToCommonShares": -117000}], "maxAge": 86400}, "cashflowStatementHistoryQuarterly": {"cashflowStatements": [{"maxAge": 1, "endDate": "2020-06-30", "netIncome": 799000, "changeToLiabilities": 0}, {"maxAge": 1, "endDate": "2020-03-31", "netIncome": 3047000, "changeToLiabilities": 0}, {"maxAge": 1, "endDate": "2019-12-31", "netIncome": 229000, "changeToLiabilities": 0}, {"maxAge": 1, "endDate": "2019-09-30", "netIncome": -117000, "changeToLiabilities": 0}], "maxAge": 86400}, "insiderHolders": {"holders": [{"maxAge": 1, "name": "Bhandari (Virendra Kumar)", "relation": "Director", "url": "", "transactionDescription": "Acquisition", "latestTransDate": "2012-01-12", "positionDirect": 89180, "positionDirectDate": "2012-01-12"}, {"maxAge": 1, "name": "Cubex Securities Limited", "relation": "Promoter", "url": "", "transactionDescription": "Acquisition", "latestTransDate": "2012-01-13", "positionDirect": 1857777, "positionDirectDate": "2012-01-13"}], "maxAge": 1}, "earnings": {"maxAge": 86400, "earningsChart": {"quarterly": [], "earningsDate": []}, "financialsChart": {"yearly": [{"date": 2017, "revenue": 455058199, "earnings": 3542983}, {"date": 2018, "revenue": 509585795, "earnings": 3829006}, {"date": 2019, "revenue": 748529890, "earnings": 6587095}, {"date": 2020, "revenue": 598859000, "earnings": 4291000}], "quarterly": [{"date": "3Q2019", "revenue": 145143000, "earnings": -117000}, {"date": "4Q2019", "revenue": 197799000, "earnings": 229000}, {"date": "1Q2020", "revenue": 126859000, "earnings": 3047000}, {"date": "2Q2020", "revenue": 91777000, "earnings": 799000}]}, "financialCurrency": "INR"}, "calendarEvents": {"maxAge": 1, "earnings": {"earningsDate": []}}, "upgradeDowngradeHistory": {"history": [], "maxAge": 86400}, "price": {"maxAge": 1, "regularMarketChangePercent": -0.013816978, "regularMarketChange": -0.40000153, "regularMarketTime": "2021-04-30 14:40:38", "priceHint": 2, "regularMarketPrice": 28.55, "regularMarketDayHigh": 29.0, "regularMarketDayLow": 28.0, "regularMarketVolume": 4499, "averageDailyVolume10Day": 6887, "averageDailyVolume3Month": 4440, "regularMarketPreviousClose": 28.95, "regularMarketSource": "FREE_REALTIME", "regularMarketOpen": 28.0, "exchange": "BSE", "exchangeName": "BSE", "exchangeDataDelayedBy": 0, "marketState": "CLOSED", "quoteType": "EQUITY", "symbol": "CUBEXTUB.BO", "underlyingSymbol": null, "shortName": "CUBEX TUBINGS LTD.", "longName": "Cubex Tubings Limited", "currency": "INR", "quoteSourceName": "Delayed Quote", "currencySymbol": "\u20b9", "fromCurrency": null, "lastMarket": null, "marketCap": 408807424}, "balanceSheetHistory": {"balanceSheetStatements": [{"maxAge": 1, "endDate": "2020-03-31", "cash": 18712000, "netReceivables": 302216000, "inventory": 187593000, "otherCurrentAssets": 27645000, "totalCurrentAssets": 536166000, "propertyPlantEquipment": 165932000, "otherAssets": 86170000, "totalAssets": 788268000, "accountsPayable": 126834000, "otherCurrentLiab": 14570000, "longTermDebt": 1366000, "otherLiab": 11404000, "totalCurrentLiabilities": 192459000, "totalLiab": 205229000, "commonStock": 142601000, "treasuryStock": 440438000, "otherStockholderEquity": 440438000, "totalStockholderEquity": 583039000, "netTangibleAssets": 583039000}, {"maxAge": 1, "endDate": "2019-03-31", "cash": 19971609, "netReceivables": 397971677, "inventory": 121030164, "otherCurrentAssets": 20959935, "totalCurrentAssets": 559933385, "propertyPlantEquipment": 154891498, "otherAssets": 75530863, "totalAssets": 790355746, "accountsPayable": 131638698, "shortLongTermDebt": 8937070, "otherCurrentLiab": 2191976, "otherLiab": 9270123, "deferredLongTermLiab": 570000, "totalCurrentLiabilities": 202338278, "totalLiab": 211608401, "commonStock": 142601299, "retainedEarnings": 183817331, "treasuryStock": 26410434, "capitalSurplus": 225918281, "otherStockholderEquity": 26410434, "totalStockholderEquity": 578747345, "netTangibleAssets": 578747345}, {"maxAge": 1, "endDate": "2018-03-31", "cash": 25247089, "netReceivables": 278877418, "inventory": 124997694, "otherCurrentAssets": 11987289, "totalCurrentAssets": 441109490, "longTermInvestments": 730000, "propertyPlantEquipment": 167270183, "otherAssets": 137326525, "totalAssets": 745706198, "accountsPayable": 80579814, "shortLongTermDebt": 12548343, "otherCurrentLiab": 4612231, "longTermDebt": 8937070, "otherLiab": 10210372, "deferredLongTermLiab": 730000, "totalCurrentLiabilities": 154398505, "totalLiab": 173545947, "commonStock": 142601299, "retainedEarnings": 177230237, "treasuryStock": 26410434, "capitalSurplus": 225918281, "otherStockholderEquity": 26410434, "totalStockholderEquity": 572160251, "netTangibleAssets": 572160251}, {"maxAge": 1, "endDate": "2017-03-31", "cash": 33609356, "netReceivables": 275623851, "inventory": 56506939, "otherCurrentAssets": 28890854, "totalCurrentAssets": 394631000, "propertyPlantEquipment": 175084706, "otherAssets": 114807716, "totalAssets": 684523422, "accountsPayable": 47217966, "shortLongTermDebt": 11169416, "otherCurrentLiab": 2047523, "longTermDebt": 21485413, "otherLiab": 10092763, "deferredLongTermLiab": 890000, "totalCurrentLiabilities": 84614001, "totalLiab": 116192177, "commonStock": 142601299, "retainedEarnings": 173401231, "treasuryStock": 26410434, "capitalSurplus": 225918281, "otherStockholderEquity": 26410434, "totalStockholderEquity": 568331245, "netTangibleAssets": 568331245}], "maxAge": 86400}, "earningsTrend": {"trend": [{"maxAge": 1, "period": "0q", "endDate": null, "growth": {}, "earningsEstimate": {"avg": 0.0, "low": 0.0, "high": 0.0, "yearAgoEps": {}, "numberOfAnalysts": 0, "growth": {}}, "revenueEstimate": {"avg": 0, "low": 0, "high": 0, "numberOfAnalysts": 0, "yearAgoRevenue": {}, "growth": {}}, "epsTrend": {"current": 0.0, "7daysAgo": 0.0, "30daysAgo": 0.0, "60daysAgo": 0.0, "90daysAgo": 0.0}, "epsRevisions": {"upLast7days": 0, "upLast30days": 0, "downLast30days": 0, "downLast90days": {}}}, {"maxAge": 1, "period": "+1q", "endDate": null, "growth": {}, "earningsEstimate": {"avg": 0.0, "low": 0.0, "high": 0.0, "yearAgoEps": {}, "numberOfAnalysts": 0, "growth": {}}, "revenueEstimate": {"avg": 0, "low": 0, "high": 0, "numberOfAnalysts": 0, "yearAgoRevenue": {}, "growth": {}}, "epsTrend": {"current": 0.0, "7daysAgo": 0.0, "30daysAgo": 0.0, "60daysAgo": 0.0, "90daysAgo": 0.0}, "epsRevisions": {"upLast7days": 0, "upLast30days": 0, "downLast30days": 0, "downLast90days": {}}}, {"maxAge": 1, "period": "0y", "endDate": null, "growth": {}, "earningsEstimate": {"avg": 0.0, "low": 0.0, "high": 0.0, "yearAgoEps": {}, "numberOfAnalysts": 0, "growth": {}}, "revenueEstimate": {"avg": 0, "low": 0, "high": 0, "numberOfAnalysts": 0, "yearAgoRevenue": {}, "growth": {}}, "epsTrend": {"current": 0.0, "7daysAgo": 0.0, "30daysAgo": 0.0, "60daysAgo": 0.0, "90daysAgo": 0.0}, "epsRevisions": {"upLast7days": 0, "upLast30days": 0, "downLast30days": 0, "downLast90days": {}}}, {"maxAge": 1, "period": "+1y", "endDate": null, "growth": {}, "earningsEstimate": {"avg": 0.0, "low": 0.0, "high": 0.0, "yearAgoEps": {}, "numberOfAnalysts": 0, "growth": {}}, "revenueEstimate": {"avg": 0, "low": 0, "high": 0, "numberOfAnalysts": 0, "yearAgoRevenue": {}, "growth": {}}, "epsTrend": {"current": 0.0, "7daysAgo": 0.0, "30daysAgo": 0.0, "60daysAgo": 0.0, "90daysAgo": 0.0}, "epsRevisions": {"upLast7days": 0, "upLast30days": 0, "downLast30days": 0, "downLast90days": {}}}, {"maxAge": 1, "period": "+5y", "endDate": null, "growth": {}, "earningsEstimate": {"avg": {}, "low": {}, "high": {}, "yearAgoEps": {}, "numberOfAnalysts": {}, "growth": {}}, "revenueEstimate": {"avg": {}, "low": {}, "high": {}, "numberOfAnalysts": {}, "yearAgoRevenue": {}, "growth": {}}, "epsTrend": {"current": {}, "7daysAgo": {}, "30daysAgo": {}, "60daysAgo": {}, "90daysAgo": {}}, "epsRevisions": {"upLast7days": {}, "upLast30days": {}, "downLast30days": {}, "downLast90days": {}}}, {"maxAge": 1, "period": "-5y", "endDate": null, "growth": {}, "earningsEstimate": {"avg": {}, "low": {}, "high": {}, "yearAgoEps": {}, "numberOfAnalysts": {}, "growth": {}}, "revenueEstimate": {"avg": {}, "low": {}, "high": {}, "numberOfAnalysts": {}, "yearAgoRevenue": {}, "growth": {}}, "epsTrend": {"current": {}, "7daysAgo": {}, "30daysAgo": {}, "60daysAgo": {}, "90daysAgo": {}}, "epsRevisions": {"upLast7days": {}, "upLast30days": {}, "downLast30days": {}, "downLast90days": {}}}], "maxAge": 1}, "financialData": {"maxAge": 86400, "currentPrice": 28.55, "recommendationKey": "none", "grossProfits": 107345000, "financialCurrency": "INR"}}}