{"CUBEXTUB.NS": {"assetProfile": {"address1": "1-7-27 to 34, Shyam Towers", "address2": "2nd Floor United Building Complex S.D. Road", "city": "Secunderabad", "zip": "500003", "country": "India", "phone": "91 40 2781 7440", "fax": "91 40 2781 2569", "website": "http://www.cubextubings.com", "industry": "Copper", "sector": "Basic Materials", "longBusinessSummary": "Cubex Tubings Limited produces and sells copper and copper based alloy products in India and internationally. It offers seamless solid drawn tubes, rods, bus bars, and wires of copper and copper based alloys, such as cupronickel, admiralty and aluminum brass, etc. The company serves power plants, power plants manufacturers, switchgears, refineries, furnace manufacturers, sugar plants, automobiles, and electrical equipment and ship building industries. Cubex Tubings Limited was incorporated in 1979 and is based in Secunderabad, India.", "companyOfficers": [{"maxAge": 1, "name": "Mr. Pushpa Raj Bhandari", "age": 75, "title": "CEO, MD & Exec. Director", "yearBorn": 1945, "fiscalYear": 2020, "totalPay": 900000, "exercisedValue": 0, "unexercisedValue": 0}, {"maxAge": 1, "name": "Ms. Veena  Bhandari", "age": 45, "title": "Director of Admin. & Exec. Director", "yearBorn": 1975, "fiscalYear": 2020, "totalPay": 600000, "exercisedValue": 0, "unexercisedValue": 0}, {"maxAge": 1, "name": "Mr. Virendra  Bhandari", "age": 48, "title": "Exec. Director", "yearBorn": 1972, "fiscalYear": 2020, "totalPay": 900000, "exercisedValue": 0, "unexercisedValue": 0}, {"maxAge": 1, "name": "Mr. Siva Prasad Sarva", "title": "Chief Financial Officer", "exercisedValue": 0, "unexercisedValue": 0}, {"maxAge": 1, "name": "Ms. Chandni K. Moolchandani", "title": "Company Sec. & Compliance Officer", "exercisedValue": 0, "unexercisedValue": 0}, {"maxAge": 1, "name": "Mr. Surendra Prakash Bhandari", "title": "Exec. Officer", "exercisedValue": 0, "unexercisedValue": 0}], "compensationAsOfEpochDate": "2020-12-31 05:30:00", "maxAge": 86400}, "cashflowStatementHistory": {"cashflowStatements": [{"maxAge": 1, "endDate": "2020-03-31", "netIncome": 4291576, "depreciation": 13066730, "changeToNetincome": 6191857, "changeToAccountReceivables": 93612577, "changeToLiabilities": -4804384, "changeToInventory": -66562376, "changeToOperatingActivities": -18520487, "totalCashFromOperatingActivities": 27275493, "capitalExpenditures": -24107015, "otherCashflowsFromInvestingActivities": -1736224, "totalCashflowsFromInvestingActivities": -25843239, "netBorrowings": 1366497, "otherCashflowsFromFinancingActivities": -4058717, "totalCashFromFinancingActivities": -2692220, "changeInCash": -1259966}, {"maxAge": 1, "endDate": "2019-03-31", "netIncome": 6587094, "depreciation": 13495058, "changeToNetincome": 4095093, "changeToAccountReceivables": -130430238, "changeToLiabilities": 51058884, "changeToInventory": 3967530, "changeToOperatingActivities": 48943704, "totalCashFromOperatingActivities": -2282875, "capitalExpenditures": -24107015, "otherCashflowsFromInvestingActivities": -1736224, "totalCashflowsFromInvestingActivities": 13212553, "netBorrowings": -8937070, "otherCashflowsFromFinancingActivities": -5035342, "totalCashFromFinancingActivities": -13972412, "changeInCash": -3042734}, {"maxAge": 1, "endDate": "2018-03-31", "netIncome": 3829006, "depreciation": 14080504, "changeToNetincome": 3229141, "changeToAccountReceivables": 3786101, "changeToLiabilities": 33361848, "changeToInventory": -68490755, "changeToOperatingActivities": 46286553, "totalCashFromOperatingActivities": 36082398, "capitalExpenditures": -6265981, "otherCashflowsFromInvestingActivities": -1736224, "totalCashflowsFromInvestingActivities": -5894598, "netBorrowings": -12548343, "otherCashflowsFromFinancingActivities": -26001724, "totalCashFromFinancingActivities": -38550067, "changeInCash": -8362267}, {"maxAge": 1, "endDate": "2017-03-31", "netIncome": 3542983, "depreciation": 14669579, "changeToNetincome": 438453, "changeToAccountReceivables": -7572050, "changeToLiabilities": 7201679, "changeToInventory": -15345312, "changeToOperatingActivities": 18930654, "totalCashFromOperatingActivities": 21865986, "capitalExpenditures": -1628720, "otherCashflowsFromInvestingActivities": -1736224, "totalCashflowsFromInvestingActivities": -2777125, "netBorrowings": -12495860, "otherCashflowsFromFinancingActivities": -282216, "totalCashFromFinancingActivities": -12778076, "changeInCash": 6310785}], "maxAge": 86400}, "institutionOwnership": {"ownershipList": [], "maxAge": 1}, "majorHoldersBreakdown": {"maxAge": 1, "insidersPercentHeld": 0.72877, "institutionsPercentHeld": 0.0, "institutionsFloatPercentHeld": 0.0, "institutionsCount": 0}, "balanceSheetHistoryQuarterly": {"balanceSheetStatements": [{"maxAge": 1, "endDate": "2020-12-31", "totalStockholderEquity": 585839000, "netTangibleAssets": 585839000}, {"maxAge": 1, "endDate": "2020-09-30", "cash": 848000, "netReceivables": 424808000, "inventory": 155163000, "otherCurrentAssets": 39065000, "totalCurrentAssets": 619884000, "propertyPlantEquipment": 161005000, "otherAssets": 98896000, "totalAssets": 879785000, "accountsPayable": 194468000, "otherCurrentLiab": 18440000, "longTermDebt": 1253000, "otherLiab": 12126000, "totalCurrentLiabilities": 280567000, "totalLiab": 293946000, "commonStock": 142601000, "treasuryStock": 443238000, "otherStockholderEquity": 443238000, "totalStockholderEquity": 585839000, "netTangibleAssets": 585839000}, {"maxAge": 1, "endDate": "2020-06-30", "totalStockholderEquity": 583039000, "netTangibleAssets": 583039000}, {"maxAge": 1, "endDate": "2020-03-31", "cash": 18711643, "netReceivables": 308998933, "inventory": 187592539, "otherCurrentAssets": 20861874, "totalCurrentAssets": 536164989, "propertyPlantEquipment": 165931783, "otherAssets": 86170878, "totalAssets": 788267650, "accountsPayable": 126834314, "otherCurrentLiab": 3619216, "longTermDebt": 1366497, "otherLiab": 11403262, "deferredLongTermLiab": 410000, "totalCurrentLiabilities": 192458970, "totalLiab": 205228729, "commonStock": 142601299, "retainedEarnings": 188108907, "treasuryStock": 26410434, "capitalSurplus": 225918281, "otherStockholderEquity": 26410434, "totalStockholderEquity": 583038921, "netTangibleAssets": 583038921}], "maxAge": 86400}, "indexTrend": {"maxAge": 1, "symbol": "SP5", "peRatio": 19.7411, "pegRatio": 1.34172, "estimates": [{"period": "0q", "growth": 0.549}, {"period": "+1q", "growth": 0.431}, {"period": "0y", "growth": 0.305}, {"period": "+1y", "growth": 0.109}, {"period": "+5y", "growth": 0.120865}, {"period": "-5y"}]}, "defaultKeyStatistics": {"maxAge": 1, "priceHint": 2, "enterpriseValue": 515724992, "profitMargins": 0.011829999, "floatShares": 4252886, "sharesOutstanding": 14319000, "heldPercentInsiders": 0.72877, "heldPercentInstitutions": 0.0, "beta": 1.70169, "category": null, "bookValue": 40.968, "priceToBook": 0.6981059, "fundFamily": null, "legalType": null, "lastFiscalYearEnd": "2020-03-31 05:30:00", "nextFiscalYearEnd": "2022-03-31 05:30:00", "mostRecentQuarter": "2020-12-31 05:30:00", "earningsQuarterlyGrowth": 5.847, "netIncomeToCommon": 7416576, "trailingEps": 0.511, "lastSplitFactor": null, "enterpriseToRevenue": 0.822, "enterpriseToEbitda": 35.71}, "summaryProfile": {"address1": "1-7-27 to 34, Shyam Towers", "address2": "2nd Floor United Building Complex S.D. Road", "city": "Secunderabad", "zip": "500003", "country": "India", "phone": "91 40 2781 7440", "fax": "91 40 2781 2569", "website": "http://www.cubextubings.com", "industry": "Copper", "sector": "Basic Materials", "longBusinessSummary": "Cubex Tubings Limited produces and sells copper and copper based alloy products in India and internationally. It offers seamless solid drawn tubes, rods, bus bars, and wires of copper and copper based alloys, such as cupronickel, admiralty and aluminum brass, etc. The company serves power plants, power plants manufacturers, switchgears, refineries, furnace manufacturers, sugar plants, automobiles, and electrical equipment and ship building industries. Cubex Tubings Limited was incorporated in 1979 and is based in Secunderabad, India.", "companyOfficers": [], "maxAge": 86400}, "netSharePurchaseActivity": {"maxAge": 1, "period": "6m", "buyInfoCount": 0, "buyInfoShares": 0, "sellInfoCount": 0, "netInfoCount": 0, "netInfoShares": 0, "netPercentInsiderShares": 0.0, "totalInsiderShares": 11427114}, "insiderTransactions": {"transactions": [{"maxAge": 1, "shares": 1316897, "filerUrl": "", "transactionText": "", "filerName": "Cubex Securities Limited", "filerRelation": "Promoter", "moneyText": "", "startDate": "2012-01-13", "ownership": "D"}, {"maxAge": 1, "shares": 89180, "filerUrl": "", "transactionText": "", "filerName": "Bhandari (Virendra Kumar)", "filerRelation": "Director", "moneyText": "", "startDate": "2012-01-12", "ownership": "D"}], "maxAge": 1}, "quoteType": {"exchange": "NSI", "quoteType": "EQUITY", "symbol": "CUBEXTUB.NS", "underlyingSymbol": "CUBEXTUB.NS", "shortName": "CUBEX TUBINGS", "longName": "Cubex Tubings Limited", "firstTradeDateEpochUtc": "2008-01-25 09:15:00", "timeZoneFullName": "Asia/Kolkata", "timeZoneShortName": "IST", "uuid": "0cb1488b-07bb-3bae-b486-d77567551b2d", "gmtOffSetMilliseconds": 19800000, "maxAge": 1}, "incomeStatementHistory": {"incomeStatementHistory": [{"maxAge": 1, "endDate": "2020-03-31", "totalRevenue": 598859031, "costOfRevenue": 564939444, "grossProfit": 33919587, "researchDevelopment": {}, "sellingGeneralAdministrative": 10514259, "nonRecurring": {}, "otherOperatingExpenses": 9071011, "totalOperatingExpenses": 597591444, "operatingIncome": 1267587, "totalOtherIncomeExpenseNet": 6344634, "ebit": 1267587, "interestExpense": -4474997, "incomeBeforeTax": 7612221, "incomeTaxExpense": 3320645, "minorityInterest": {}, "netIncomeFromContinuingOps": 4291576, "discontinuedOperations": {}, "extraordinaryItems": {}, "effectOfAccountingCharges": {}, "otherItems": {}, "netIncome": 4291576, "netIncomeApplicableToCommonShares": 4291576}, {"maxAge": 1, "endDate": "2019-03-31", "totalRevenue": 748529890, "costOfRevenue": 724230608, "grossProfit": 24299282, "researchDevelopment": {}, "sellingGeneralAdministrative": 9732959, "nonRecurring": {}, "otherOperatingExpenses": 8501385, "totalOperatingExpenses": 755960010, "operatingIncome": -7430120, "totalOtherIncomeExpenseNet": 14422251, "ebit": -7430120, "interestExpense": -5506235, "incomeBeforeTax": 6992131, "incomeTaxExpense": 405037, "minorityInterest": {}, "netIncomeFromContinuingOps": 6587094, "discontinuedOperations": {}, "extraordinaryItems": {}, "effectOfAccountingCharges": {}, "otherItems": {}, "netIncome": 6587094, "netIncomeApplicableToCommonShares": 6587094}, {"maxAge": 1, "endDate": "2018-03-31", "totalRevenue": 509585795, "costOfRevenue": 491788337, "grossProfit": 17797458, "researchDevelopment": {}, "sellingGeneralAdministrative": 9959114, "nonRecurring": {}, "otherOperatingExpenses": 4452150, "totalOperatingExpenses": 520280105, "operatingIncome": -10694310, "totalOtherIncomeExpenseNet": 15569985, "ebit": -10694310, "interestExpense": -4286462, "incomeBeforeTax": 4875675, "incomeTaxExpense": 1046669, "minorityInterest": {}, "netIncomeFromContinuingOps": 3829006, "discontinuedOperations": {}, "extraordinaryItems": {}, "effectOfAccountingCharges": {}, "otherItems": {}, "netIncome": 3829006, "netIncomeApplicableToCommonShares": 3829006}, {"maxAge": 1, "endDate": "2017-03-31", "totalRevenue": 455058199, "costOfRevenue": 434613218, "grossProfit": 20444981, "researchDevelopment": {}, "sellingGeneralAdministrative": 10075028, "nonRecurring": {}, "otherOperatingExpenses": 9722445, "totalOperatingExpenses": 469080270, "operatingIncome": -14022071, "totalOtherIncomeExpenseNet": 18592113, "ebit": -14022071, "interestExpense": -2419816, "incomeBeforeTax": 4570042, "incomeTaxExpense": 1027059, "minorityInterest": {}, "netIncomeFromContinuingOps": 3542983, "discontinuedOperations": {}, "extraordinaryItems": {}, "effectOfAccountingCharges": {}, "otherItems": {}, "netIncome": 3542983, "netIncomeApplicableToCommonShares": 3542983}], "maxAge": 86400}, "fundOwnership": {"ownershipList": [], "maxAge": 1}, "summaryDetail": {"maxAge": 1, "priceHint": 2, "previousClose": 28.95, "open": 28.95, "dayLow": 28.0, "dayHigh": 29.35, "regularMarketPreviousClose": 28.95, "regularMarketOpen": 28.95, "regularMarketDayLow": 28.0, "regularMarketDayHigh": 29.35, "payoutRatio": 0.0, "beta": 1.70169, "trailingPE": 55.968693, "volume": 30785, "regularMarketVolume": 30785, "averageVolume": 15561, "averageVolume10days": 7318, "averageDailyVolume10Day": 7318, "bid": 0.0, "ask": 0.0, "bidSize": 0, "askSize": 0, "marketCap": 409523392, "fiftyTwoWeekLow": 8.2, "fiftyTwoWeekHigh": 29.35, "priceToSalesTrailing12Months": 0.6529776, "fiftyDayAverage": 19.080303, "twoHundredDayAverage": 15.841071, "currency": "INR", "fromCurrency": null, "lastMarket": null, "algorithm": null, "tradeable": false}, "incomeStatementHistoryQuarterly": {"incomeStatementHistory": [{"maxAge": 1, "endDate": "2020-12-31", "totalRevenue": 198588000, "costOfRevenue": 173250000, "grossProfit": 25338000, "researchDevelopment": {}, "sellingGeneralAdministrative": 2564000, "nonRecurring": {}, "otherOperatingExpenses": 18349000, "totalOperatingExpenses": 197449000, "operatingIncome": 1139000, "totalOtherIncomeExpenseNet": 617000, "ebit": 1139000, "interestExpense": -1150000, "incomeBeforeTax": 1756000, "incomeTaxExpense": 188000, "minorityInterest": {}, "netIncomeFromContinuingOps": 1568000, "discontinuedOperations": {}, "extraordinaryItems": {}, "effectOfAccountingCharges": {}, "otherItems": {}, "netIncome": 1568000, "netIncomeApplicableToCommonShares": 1568000}, {"maxAge": 1, "endDate": "2020-09-30", "totalRevenue": 209939000, "costOfRevenue": 183595000, "grossProfit": 26344000, "researchDevelopment": {}, "sellingGeneralAdministrative": 2197000, "nonRecurring": {}, "otherOperatingExpenses": 22075000, "totalOperatingExpenses": 211162000, "operatingIncome": -1223000, "totalOtherIncomeExpenseNet": 3493000, "ebit": -1223000, "interestExpense": -1512000, "incomeBeforeTax": 2270000, "incomeTaxExpense": 268000, "minorityInterest": {}, "netIncomeFromContinuingOps": 2002000, "discontinuedOperations": {}, "extraordinaryItems": {}, "effectOfAccountingCharges": {}, "otherItems": {}, "netIncome": 2002000, "netIncomeApplicableToCommonShares": 2002000}, {"maxAge": 1, "endDate": "2020-06-30", "totalRevenue": 91777000, "costOfRevenue": 66797000, "grossProfit": 24980000, "researchDevelopment": {}, "sellingGeneralAdministrative": 1388000, "nonRecurring": {}, "otherOperatingExpenses": 19444000, "totalOperatingExpenses": 90896000, "operatingIncome": 881000, "totalOtherIncomeExpenseNet": 1023000, "ebit": 881000, "interestExpense": -1246000, "incomeBeforeTax": 1904000, "incomeTaxExpense": 1105000, "minorityInterest": {}, "netIncomeFromContinuingOps": 799000, "discontinuedOperations": {}, "extraordinaryItems": {}, "effectOfAccountingCharges": {}, "otherItems": {}, "netIncome": 799000, "netIncomeApplicableToCommonShares": 799000}, {"maxAge": 1, "endDate": "2020-03-31", "totalRevenue": 126859031, "costOfRevenue": 179343444, "grossProfit": -52484413, "researchDevelopment": {}, "sellingGeneralAdministrative": 934259, "nonRecurring": {}, "otherOperatingExpenses": -57220989, "totalOperatingExpenses": 125959444, "operatingIncome": 899587, "totalOtherIncomeExpenseNet": 2563634, "ebit": 899587, "interestExpense": -1429997, "incomeBeforeTax": 3463221, "incomeTaxExpense": 415645, "minorityInterest": {}, "netIncomeFromContinuingOps": 3047576, "discontinuedOperations": {}, "extraordinaryItems": {}, "effectOfAccountingCharges": {}, "otherItems": {}, "netIncome": 3047576, "netIncomeApplicableToCommonShares": 3047576}], "maxAge": 86400}, "cashflowStatementHistoryQuarterly": {"cashflowStatements": [{"maxAge": 1, "endDate": "2020-12-31", "netIncome": 1568000, "changeToLiabilities": 0}, {"maxAge": 1, "endDate": "2020-09-30", "netIncome": 2002000, "changeToLiabilities": 0}, {"maxAge": 1, "endDate": "2020-06-30", "netIncome": 799000, "changeToLiabilities": 0}, {"maxAge": 1, "endDate": "2020-03-31", "netIncome": 3047576, "changeToLiabilities": 0}], "maxAge": 86400}, "insiderHolders": {"holders": [{"maxAge": 1, "name": "Bhandari (Virendra Kumar)", "relation": "Director", "url": "", "transactionDescription": "Acquisition", "latestTransDate": "2012-01-12", "positionDirect": 89180, "positionDirectDate": "2012-01-12"}, {"maxAge": 1, "name": "Cubex Securities Limited", "relation": "Promoter", "url": "", "transactionDescription": "Acquisition", "latestTransDate": "2012-01-13", "positionDirect": 1857777, "positionDirectDate": "2012-01-13"}], "maxAge": 1}, "calendarEvents": {"maxAge": 1, "earnings": {"earningsDate": []}}, "upgradeDowngradeHistory": {"history": [], "maxAge": 86400}, "price": {"maxAge": 1, "regularMarketChangePercent": -0.012089822, "regularMarketChange": -0.35000038, "regularMarketTime": "2021-04-30 15:29:26", "priceHint": 2, "regularMarketPrice": 28.6, "regularMarketDayHigh": 29.35, "regularMarketDayLow": 28.0, "regularMarketVolume": 30785, "averageDailyVolume10Day": 7318, "averageDailyVolume3Month": 15561, "regularMarketPreviousClose": 28.95, "regularMarketSource": "FREE_REALTIME", "regularMarketOpen": 28.95, "exchange": "NSI", "exchangeName": "NSE", "exchangeDataDelayedBy": 15, "marketState": "CLOSED", "quoteType": "EQUITY", "symbol": "CUBEXTUB.NS", "underlyingSymbol": null, "shortName": "CUBEX TUBINGS", "longName": "Cubex Tubings Limited", "currency": "INR", "quoteSourceName": "Delayed Quote", "currencySymbol": "\u20b9", "fromCurrency": null, "lastMarket": null, "marketCap": 409523392}, "balanceSheetHistory": {"balanceSheetStatements": [{"maxAge": 1, "endDate": "2020-03-31", "cash": 18711643, "netReceivables": 308998933, "inventory": 187592539, "otherCurrentAssets": 20861874, "totalCurrentAssets": 536164989, "propertyPlantEquipment": 165931783, "otherAssets": 86170878, "totalAssets": 788267650, "accountsPayable": 126834314, "otherCurrentLiab": 3619216, "longTermDebt": 1366497, "otherLiab": 11403262, "deferredLongTermLiab": 410000, "totalCurrentLiabilities": 192458970, "totalLiab": 205228729, "commonStock": 142601299, "retainedEarnings": 188108907, "treasuryStock": 26410434, "capitalSurplus": 225918281, "otherStockholderEquity": 26410434, "totalStockholderEquity": 583038921, "netTangibleAssets": 583038921}, {"maxAge": 1, "endDate": "2019-03-31", "cash": 19971609, "netReceivables": 397971677, "inventory": 121030164, "otherCurrentAssets": 20959935, "totalCurrentAssets": 559933385, "propertyPlantEquipment": 154891498, "otherAssets": 75530863, "totalAssets": 790355746, "accountsPayable": 131638698, "shortLongTermDebt": 8937070, "otherCurrentLiab": 2191976, "otherLiab": 9270123, "deferredLongTermLiab": 570000, "totalCurrentLiabilities": 202338278, "totalLiab": 211608401, "commonStock": 142601299, "retainedEarnings": 183817331, "treasuryStock": 26410434, "capitalSurplus": 225918281, "otherStockholderEquity": 26410434, "totalStockholderEquity": 578747345, "netTangibleAssets": 578747345}, {"maxAge": 1, "endDate": "2018-03-31", "cash": 25247089, "netReceivables": 278877418, "inventory": 124997694, "otherCurrentAssets": 11987289, "totalCurrentAssets": 441109490, "longTermInvestments": 730000, "propertyPlantEquipment": 167270183, "otherAssets": 137326525, "totalAssets": 745706198, "accountsPayable": 80579814, "shortLongTermDebt": 12548343, "otherCurrentLiab": 4612231, "longTermDebt": 8937070, "otherLiab": 10210372, "deferredLongTermLiab": 730000, "totalCurrentLiabilities": 154398505, "totalLiab": 173545947, "commonStock": 142601299, "retainedEarnings": 177230237, "treasuryStock": 26410434, "capitalSurplus": 225918281, "otherStockholderEquity": 26410434, "totalStockholderEquity": 572160251, "netTangibleAssets": 572160251}, {"maxAge": 1, "endDate": "2017-03-31", "cash": 33609356, "netReceivables": 275623851, "inventory": 56506939, "otherCurrentAssets": 28890854, "totalCurrentAssets": 394631000, "propertyPlantEquipment": 175084706, "otherAssets": 114807716, "totalAssets": 684523422, "accountsPayable": 47217966, "shortLongTermDebt": 11169416, "otherCurrentLiab": 2047523, "longTermDebt": 21485413, "otherLiab": 10092763, "deferredLongTermLiab": 890000, "totalCurrentLiabilities": 84614001, "totalLiab": 116192177, "commonStock": 142601299, "retainedEarnings": 173401231, "treasuryStock": 26410434, "capitalSurplus": 225918281, "otherStockholderEquity": 26410434, "totalStockholderEquity": 568331245, "netTangibleAssets": 568331245}], "maxAge": 86400}, "financialData": {"maxAge": 86400, "currentPrice": 28.6, "recommendationKey": "none", "totalCash": 848000, "totalCashPerShare": 0.054, "ebitda": 14442071, "totalDebt": 62637000, "totalRevenue": 627163008, "debtToEquity": 10.692, "revenuePerShare": 43.186, "grossProfits": 33919587, "earningsGrowth": 4.0, "revenueGrowth": 0.004, "grossMargins": 0.03855, "ebitdaMargins": 0.02303, "operatingMargins": 0.00271, "profitMargins": 0.011829999, "financialCurrency": "INR"}}}