{"CUBIFIN.BO": {"cashflowStatementHistory": {"cashflowStatements": [{"maxAge": 1, "endDate": "2020-03-31", "netIncome": 2921699, "changeToNetincome": -670136, "changeToAccountReceivables": -1723955, "changeToLiabilities": 1231940, "changeToInventory": -1046275, "totalCashFromOperatingActivities": 713272, "changeInCash": 713272}, {"maxAge": 1, "endDate": "2019-03-31", "netIncome": 4262933, "changeToNetincome": 718632, "changeToAccountReceivables": -48381742, "changeToLiabilities": -984168, "changeToInventory": 24953354, "totalCashFromOperatingActivities": -19430992, "changeInCash": -19430991}, {"maxAge": 1, "endDate": "2018-03-31", "netIncome": 7556799, "changeToNetincome": 163166, "changeToAccountReceivables": -13378820, "changeToLiabilities": 999439, "changeToInventory": -10526780, "totalCashFromOperatingActivities": -15186196, "investments": 20430000, "totalCashflowsFromInvestingActivities": 20430000, "changeInCash": 5243803}, {"maxAge": 1, "endDate": "2017-03-31", "netIncome": 1094809, "changeToNetincome": -452976, "changeToAccountReceivables": 812105, "changeToLiabilities": -3890253, "changeToInventory": -13494399, "totalCashFromOperatingActivities": -15930714, "investments": 28012000, "totalCashflowsFromInvestingActivities": 28012000, "changeInCash": 12081287}], "maxAge": 86400}, "institutionOwnership": {"maxAge": 1, "ownershipList": []}, "balanceSheetHistoryQuarterly": {"balanceSheetStatements": [{"maxAge": 1, "endDate": "2020-06-30", "totalStockholderEquity": 129787000, "netTangibleAssets": 129787000}, {"maxAge": 1, "endDate": "2020-03-31", "cash": 1046816, "netReceivables": 124241556, "otherCurrentAssets": 27250, "totalCurrentAssets": 131476897, "longTermInvestments": 51600, "propertyPlantEquipment": 26456, "otherAssets": 7898, "deferredLongTermAssetCharges": 7898, "totalAssets": 131562851, "accountsPayable": 922432, "otherCurrentLiab": 73795, "otherLiab": 694200, "totalCurrentLiabilities": 1081617, "totalLiab": 1775817, "commonStock": 130340000, "retainedEarnings": -552965, "totalStockholderEquity": 129787035, "netTangibleAssets": 129787035}, {"maxAge": 1, "endDate": "2019-12-31", "totalStockholderEquity": 128492000, "netTangibleAssets": 128492000}, {"maxAge": 1, "endDate": "2019-09-30", "cash": 915000, "netReceivables": 782000, "inventory": 5465000, "otherCurrentAssets": 122253000, "totalCurrentAssets": 129415000, "longTermInvestments": 52000, "propertyPlantEquipment": 26000, "otherAssets": 17000, "deferredLongTermAssetCharges": 10000, "totalAssets": 129510000, "accountsPayable": 20000, "otherCurrentLiab": 998000, "totalCurrentLiabilities": 1018000, "totalLiab": 1018000, "commonStock": 130340000, "retainedEarnings": -1848000, "totalStockholderEquity": 128492000, "netTangibleAssets": 128492000}], "maxAge": 86400}, "indexTrend": {"maxAge": 1, "symbol": "SP5", "peRatio": 19.7411, "pegRatio": 1.34172, "estimates": [{"period": "0q", "growth": 0.549}, {"period": "+1q", "growth": 0.431}, {"period": "0y", "growth": 0.305}, {"period": "+1y", "growth": 0.109}, {"period": "+5y", "growth": 0.120859005}, {"period": "-5y"}]}, "insiderTransactions": {"transactions": [{"maxAge": 1, "shares": 500000, "filerUrl": "", "transactionText": "", "filerName": "Gupta (Ashwani Kumar)", "filerRelation": "Managing Director", "moneyText": "", "startDate": "2019-03-20", "ownership": "D"}, {"maxAge": 1, "shares": 500000, "filerUrl": "", "transactionText": "", "filerName": "Gupta (Ashwani Kumar)", "filerRelation": "Managing Director", "moneyText": "", "startDate": "2019-02-18", "ownership": "D"}, {"maxAge": 1, "shares": 499900, "filerUrl": "", "transactionText": "", "filerName": "Gupta (Ashwani Kumar)", "filerRelation": "Managing Director", "moneyText": "", "startDate": "2019-02-01", "ownership": "D"}, {"maxAge": 1, "shares": 1254500, "filerUrl": "", "transactionText": "", "filerName": "Gupta (Ashwani Kumar)", "filerRelation": "Managing Director", "moneyText": "", "startDate": "2019-01-07", "ownership": "D"}], "maxAge": 1}, "quoteType": {"exchange": "BSE", "quoteType": "EQUITY", "symbol": "CUBIFIN.BO", "underlyingSymbol": "CUBIFIN.BO", "shortName": "CUBICAL FINANCIAL SERVICES LTD", "longName": "Cubical Financial Services Limited", "firstTradeDateEpochUtc": "2002-02-27 09:15:00", "timeZoneFullName": "Asia/Kolkata", "timeZoneShortName": "IST", "uuid": "575469cc-77d2-37b3-921d-d532e2a6f8a4", "messageBoardId": null, "gmtOffSetMilliseconds": 19800000, "maxAge": 1}, "incomeStatementHistory": {"incomeStatementHistory": [{"maxAge": 1, "endDate": "2020-03-31", "totalRevenue": 10597904, "costOfRevenue": 721407, "grossProfit": 9876497, "researchDevelopment": {}, "sellingGeneralAdministrative": 2533837, "nonRecurring": {}, "otherOperatingExpenses": 3254021, "totalOperatingExpenses": 6509265, "operatingIncome": 4088639, "totalOtherIncomeExpenseNet": 0, "ebit": 4088639, "interestExpense": {}, "incomeBeforeTax": 4088639, "incomeTaxExpense": 1166940, "minorityInterest": {}, "netIncomeFromContinuingOps": 2921699, "discontinuedOperations": {}, "extraordinaryItems": {}, "effectOfAccountingCharges": {}, "otherItems": {}, "netIncome": 2921699, "netIncomeApplicableToCommonShares": 2921699}, {"maxAge": 1, "endDate": "2019-03-31", "totalRevenue": 36705225, "costOfRevenue": 25260154, "grossProfit": 11445071, "researchDevelopment": {}, "sellingGeneralAdministrative": 2686061, "nonRecurring": {}, "otherOperatingExpenses": 2931317, "totalOperatingExpenses": 30877532, "operatingIncome": 5827693, "totalOtherIncomeExpenseNet": 0, "ebit": 5827693, "interestExpense": {}, "incomeBeforeTax": 5827693, "incomeTaxExpense": 1564760, "minorityInterest": {}, "netIncomeFromContinuingOps": 4262933, "discontinuedOperations": {}, "extraordinaryItems": {}, "effectOfAccountingCharges": {}, "otherItems": {}, "netIncome": 4262933, "netIncomeApplicableToCommonShares": 4262933}, {"maxAge": 1, "endDate": "2018-03-31", "totalRevenue": 26865889, "costOfRevenue": 18865671, "grossProfit": 8000218, "researchDevelopment": {}, "sellingGeneralAdministrative": 2334822, "nonRecurring": {}, "otherOperatingExpenses": 2088046, "totalOperatingExpenses": 23792429, "operatingIncome": 3073460, "totalOtherIncomeExpenseNet": 5318689, "ebit": 3073460, "interestExpense": {}, "incomeBeforeTax": 8392149, "incomeTaxExpense": 835350, "minorityInterest": {}, "netIncomeFromContinuingOps": 7556799, "discontinuedOperations": {}, "extraordinaryItems": {}, "effectOfAccountingCharges": {}, "otherItems": {}, "netIncome": 7556799, "netIncomeApplicableToCommonShares": 7556799}, {"maxAge": 1, "endDate": "2017-03-31", "totalRevenue": 69665609, "costOfRevenue": 67071868, "grossProfit": 2593741, "researchDevelopment": {}, "sellingGeneralAdministrative": 1056703, "nonRecurring": {}, "otherOperatingExpenses": 69662, "totalOperatingExpenses": 68198233, "operatingIncome": 1467376, "totalOtherIncomeExpenseNet": 0, "ebit": 1467376, "interestExpense": {}, "incomeBeforeTax": 1467376, "incomeTaxExpense": 372567, "minorityInterest": {}, "netIncomeFromContinuingOps": 1094809, "discontinuedOperations": {}, "extraordinaryItems": {}, "effectOfAccountingCharges": {}, "otherItems": {}, "netIncome": 1094809, "netIncomeApplicableToCommonShares": 1094809}], "maxAge": 86400}, "fundOwnership": {"maxAge": 1, "ownershipList": []}, "summaryDetail": {"maxAge": 1, "priceHint": 4, "previousClose": 1.6, "open": 1.5, "dayLow": 1.44, "dayHigh": 1.72, "regularMarketPreviousClose": 1.6, "regularMarketOpen": 1.5, "regularMarketDayLow": 1.44, "regularMarketDayHigh": 1.72, "trailingPE": 34.88889, "volume": 48907, "regularMarketVolume": 48907, "averageVolume": 9332, "averageVolume10days": 17527, "averageDailyVolume10Day": 17527, "bid": 1.46, "ask": 1.55, "bidSize": 0, "askSize": 0, "marketCap": 102316904, "fiftyTwoWeekLow": 0.71, "fiftyTwoWeekHigh": 4.05, "fiftyDayAverage": 3.2522857, "twoHundredDayAverage": 2.089562, "currency": "INR", "fromCurrency": null, "toCurrency": null, "lastMarket": null, "algorithm": null, "tradeable": false}, "incomeStatementHistoryQuarterly": {"incomeStatementHistory": [{"maxAge": 1, "endDate": "2020-06-30", "totalRevenue": 2510000, "costOfRevenue": 0, "grossProfit": 2510000, "researchDevelopment": {}, "sellingGeneralAdministrative": 372000, "nonRecurring": {}, "otherOperatingExpenses": 1224000, "totalOperatingExpenses": 1596000, "operatingIncome": 914000, "totalOtherIncomeExpenseNet": 0, "ebit": 914000, "interestExpense": {}, "incomeBeforeTax": 914000, "incomeTaxExpense": 238000, "minorityInterest": {}, "netIncomeFromContinuingOps": 676000, "discontinuedOperations": {}, "extraordinaryItems": {}, "effectOfAccountingCharges": {}, "otherItems": {}, "netIncome": 676000, "netIncomeApplicableToCommonShares": 676000}, {"maxAge": 1, "endDate": "2020-03-31", "totalRevenue": 2142904, "costOfRevenue": 279407, "grossProfit": 1863497, "researchDevelopment": {}, "sellingGeneralAdministrative": 1398837, "nonRecurring": {}, "otherOperatingExpenses": 389021, "totalOperatingExpenses": 2067265, "operatingIncome": 75639, "totalOtherIncomeExpenseNet": 0, "ebit": 75639, "interestExpense": {}, "incomeBeforeTax": 75639, "incomeTaxExpense": 123940, "minorityInterest": {}, "netIncomeFromContinuingOps": -48301, "discontinuedOperations": {}, "extraordinaryItems": {}, "effectOfAccountingCharges": {}, "otherItems": {}, "netIncome": -48301, "netIncomeApplicableToCommonShares": -48301}, {"maxAge": 1, "endDate": "2019-12-31", "totalRevenue": 3292000, "costOfRevenue": 373000, "grossProfit": 2919000, "researchDevelopment": {}, "sellingGeneralAdministrative": 444000, "nonRecurring": {}, "otherOperatingExpenses": 725000, "totalOperatingExpenses": 1542000, "operatingIncome": 1750000, "totalOtherIncomeExpenseNet": 0, "ebit": 1750000, "interestExpense": {}, "incomeBeforeTax": 1750000, "incomeTaxExpense": 455000, "minorityInterest": {}, "netIncomeFromContinuingOps": 1295000, "discontinuedOperations": {}, "extraordinaryItems": {}, "effectOfAccountingCharges": {}, "otherItems": {}, "netIncome": 1295000, "netIncomeApplicableToCommonShares": 1295000}, {"maxAge": 1, "endDate": "2019-09-30", "totalRevenue": 2655000, "costOfRevenue": 69000, "grossProfit": 2586000, "researchDevelopment": {}, "sellingGeneralAdministrative": 349000, "nonRecurring": {}, "otherOperatingExpenses": 893000, "totalOperatingExpenses": 1311000, "operatingIncome": 1344000, "totalOtherIncomeExpenseNet": 0, "ebit": 1344000, "interestExpense": {}, "incomeBeforeTax": 1344000, "incomeTaxExpense": 349000, "minorityInterest": {}, "netIncomeFromContinuingOps": 995000, "discontinuedOperations": {}, "extraordinaryItems": {}, "effectOfAccountingCharges": {}, "otherItems": {}, "netIncome": 995000, "netIncomeApplicableToCommonShares": 995000}], "maxAge": 86400}, "cashflowStatementHistoryQuarterly": {"cashflowStatements": [{"maxAge": 1, "endDate": "2020-06-30", "netIncome": 676000, "changeToLiabilities": 0}, {"maxAge": 1, "endDate": "2020-03-31", "netIncome": -48301, "changeToLiabilities": 0}, {"maxAge": 1, "endDate": "2019-12-31", "netIncome": 1295000, "changeToLiabilities": 0}, {"maxAge": 1, "endDate": "2019-09-30", "netIncome": 995000, "changeToLiabilities": 0}], "maxAge": 86400}, "insiderHolders": {"holders": [{"maxAge": 1, "name": "Gupta (Ashwani Kumar)", "relation": "Managing Director", "url": "", "transactionDescription": "Acquisition", "latestTransDate": "2019-03-20", "positionDirect": 16383572, "positionDirectDate": "2019-03-20"}], "maxAge": 1}, "calendarEvents": {"maxAge": 1, "earnings": {"earningsDate": ["2020-06-29 05:30:S"]}}, "price": {"maxAge": 1, "regularMarketChangePercent": -0.018749982, "regularMarketChange": -0.029999971, "regularMarketTime": "2021-04-30 15:28:54", "priceHint": 4, "regularMarketPrice": 1.57, "regularMarketDayHigh": 1.72, "regularMarketDayLow": 1.44, "regularMarketVolume": 48907, "averageDailyVolume10Day": 17527, "averageDailyVolume3Month": 9332, "regularMarketPreviousClose": 1.6, "regularMarketSource": "FREE_REALTIME", "regularMarketOpen": 1.5, "exchange": "BSE", "exchangeName": "BSE", "exchangeDataDelayedBy": 0, "marketState": "CLOSED", "quoteType": "EQUITY", "symbol": "CUBIFIN.BO", "underlyingSymbol": null, "shortName": "CUBICAL FINANCIAL SERVICES LTD", "longName": "Cubical Financial Services Limited", "currency": "INR", "quoteSourceName": "Delayed Quote", "currencySymbol": "\u20b9", "fromCurrency": null, "toCurrency": null, "lastMarket": null, "marketCap": 102316904}, "balanceSheetHistory": {"balanceSheetStatements": [{"maxAge": 1, "endDate": "2020-03-31", "cash": 1046816, "netReceivables": 124241556, "otherCurrentAssets": 27250, "totalCurrentAssets": 131476897, "longTermInvestments": 51600, "propertyPlantEquipment": 26456, "otherAssets": 7898, "deferredLongTermAssetCharges": 7898, "totalAssets": 131562851, "accountsPayable": 922432, "otherCurrentLiab": 73795, "otherLiab": 694200, "totalCurrentLiabilities": 1081617, "totalLiab": 1775817, "commonStock": 130340000, "retainedEarnings": -552965, "totalStockholderEquity": 129787035, "netTangibleAssets": 129787035}, {"maxAge": 1, "endDate": "2019-03-31", "cash": 333544, "netReceivables": 122514600, "otherCurrentAssets": 30250, "totalCurrentAssets": 127993394, "longTermInvestments": 51600, "propertyPlantEquipment": 26456, "otherAssets": 9804, "deferredLongTermAssetCharges": 9804, "totalAssets": 128081254, "accountsPayable": 96972, "otherCurrentLiab": 752137, "otherLiab": 304400, "totalCurrentLiabilities": 911519, "totalLiab": 1215919, "commonStock": 130340000, "retainedEarnings": -3474664, "totalStockholderEquity": 126865336, "netTangibleAssets": 126865336}, {"maxAge": 1, "endDate": "2018-03-31", "cash": 19764535, "netReceivables": 1255268, "otherCurrentAssets": 72900589, "totalCurrentAssets": 123988746, "longTermInvestments": 51600, "propertyPlantEquipment": 26456, "otherAssets": 19093, "deferredLongTermAssetCharges": 11843, "totalAssets": 124085895, "otherCurrentLiab": 339944, "totalCurrentLiabilities": 1483494, "totalLiab": 1483494, "commonStock": 130340000, "retainedEarnings": -7737596, "totalStockholderEquity": 122602404, "netTangibleAssets": 122602404}, {"maxAge": 1, "endDate": "2017-03-31", "cash": 14520732, "netReceivables": 1261116, "otherCurrentAssets": 59515921, "totalCurrentAssets": 94839343, "longTermInvestments": 20481600, "propertyPlantEquipment": 26456, "otherAssets": 24415, "deferredLongTermAssetCharges": 17165, "totalAssets": 115371814, "otherCurrentLiab": 147600, "totalCurrentLiabilities": 326211, "totalLiab": 326211, "commonStock": 130340000, "retainedEarnings": -15294395, "totalStockholderEquity": 115045605, "netTangibleAssets": 115045605}], "maxAge": 86400}, "financialData": {"maxAge": 86400, "currentPrice": 1.57, "recommendationKey": "none", "grossProfits": 9876497, "financialCurrency": "INR"}}}