{"CUMMINSIND.NS": {"assetProfile": {"address1": "Cummins India Office Campus", "address2": "Tower A, 5th Floor Survey No. 21 Balewadi", "city": "Pune", "zip": "411045", "country": "India", "phone": "91 20 6706 7000", "fax": "91 20 6706 7015", "website": "http://www.cumminsindia.com", "industry": "Specialty Industrial Machinery", "sector": "Industrials", "longBusinessSummary": "Cummins India Limited designs, manufactures, distributes, and services engines, generator sets, and related technologies in India. The company operates through three business units: Engine Business, Power Systems Business, and Distribution Business. The Engine Business manufactures and markets diesel and natural gas engines ranging from 50 HP to 600 HP for the low, medium, and heavy-duty on-highway commercial vehicle markets, as well as the off-highway commercial equipment industry comprising construction and compressor. The Power Systems Business provides power generation systems in standby and distributed power generation for individual and institutional customers in various segments, such as infrastructure, data centers, realty, healthcare, and hospitality; and high horsepower engines ranging from 700 HP to 4500 HP for mining, marine, railways, oil and gas, and defense applications, as well as manufactures and exports low kilowatt generator sets; and power generation systems including, integrated generator sets ranging from 7.5 kVA to 3750 kVA consisting of transfer switches, paralleling switchgear, and controls. The Distribution Business offers products, services, and solutions for equipment and engines; and provides after-market support services to customers in India, Nepal, and Bhutan. It also exports its products to the United States, Europe, Mexico, Africa, the Middle East, and China. The company was founded in 1962 and is headquartered in Pune, India. Cummins India Limited is a subsidiary of Cummins Inc.", "fullTimeEmployees": 3447, "companyOfficers": [{"maxAge": 1, "name": "Mr. Ashwath  Ram", "age": 50, "title": "MD & Additional Exec. Director", "yearBorn": 1970, "fiscalYear": 2020, "totalPay": 29515200, "exercisedValue": 0, "unexercisedValue": 0}, {"maxAge": 1, "name": "Mr. Ajay Shriram Patil", "title": "Chief Financial Officer", "exercisedValue": 0, "unexercisedValue": 0}, {"maxAge": 1, "name": "Pradheepram  Ottikkutti", "title": "Chief Technical Officer", "exercisedValue": 0, "unexercisedValue": 0}, {"maxAge": 1, "name": "Nagarajan  Balanaga", "title": "Chief Admin. Officer, Gov. Relations & Interim Chief Information Officer", "exercisedValue": 0, "unexercisedValue": 0}, {"maxAge": 1, "name": "Mr. Anubhav  Kapoor", "title": "Group VP of Legal & Group Company Sec.", "exercisedValue": 0, "unexercisedValue": 0}, {"maxAge": 1, "name": "Ms. Vinaya Abhijit Joshi", "title": "Company Sec. & Compliance Officer", "exercisedValue": 0, "unexercisedValue": 0}, {"maxAge": 1, "name": "Mr. Amit S. Kumar", "age": 57, "title": "Chief of Staff, Strategy and Head of Corp. Responsibility", "yearBorn": 1963, "exercisedValue": 0, "unexercisedValue": 0}, {"maxAge": 1, "name": "Annapurna  Vishwanathan", "title": "Chief Information Officer of India ABO", "exercisedValue": 0, "unexercisedValue": 0}], "compensationAsOfEpochDate": "2020-12-31 05:30:00", "maxAge": 86400}, "cashflowStatementHistory": {"cashflowStatements": [{"maxAge": 1, "endDate": "2020-03-31", "netIncome": 7056100000, "depreciation": 1193400000, "changeToNetincome": -2387800000, "changeToAccountReceivables": 1485900000, "changeToLiabilities": -1499500000, "changeToInventory": 556500000, "changeToOperatingActivities": -410000000, "totalCashFromOperatingActivities": 6007000000, "capitalExpenditures": -2581600000, "investments": -1162900000, "otherCashflowsFromInvestingActivities": 1395100000, "totalCashflowsFromInvestingActivities": -2139100000, "dividendsPaid": -5681100000, "netBorrowings": 1720300000, "otherCashflowsFromFinancingActivities": -161900000, "totalCashFromFinancingActivities": -4122700000, "effectOfExchangeRate": 114900000, "changeInCash": -139900000}, {"maxAge": 1, "endDate": "2019-03-31", "netIncome": 7426100000, "depreciation": 1076400000, "changeToNetincome": -656200000, "changeToAccountReceivables": 487300000, "changeToLiabilities": 688900000, "changeToInventory": -884700000, "changeToOperatingActivities": -2640100000, "totalCashFromOperatingActivities": 5532300000, "capitalExpenditures": -2830200000, "investments": 669600000, "otherCashflowsFromInvestingActivities": 947200000, "totalCashflowsFromInvestingActivities": 162400000, "dividendsPaid": -5681100000, "netBorrowings": 557500000, "otherCashflowsFromFinancingActivities": -126900000, "totalCashFromFinancingActivities": -5250500000, "effectOfExchangeRate": -12800000, "changeInCash": 431400000}, {"maxAge": 1, "endDate": "2018-03-31", "netIncome": 7118200000, "depreciation": 910700000, "changeToNetincome": -1351200000, "changeToAccountReceivables": -3691600000, "changeToLiabilities": 1463600000, "changeToInventory": 254200000, "changeToOperatingActivities": 1582000000, "totalCashFromOperatingActivities": 6319000000, "capitalExpenditures": -1910400000, "investments": -1517800000, "otherCashflowsFromInvestingActivities": 1095400000, "totalCashflowsFromInvestingActivities": -1339900000, "dividendsPaid": -4638700000, "netBorrowings": 47000000, "otherCashflowsFromFinancingActivities": -103900000, "totalCashFromFinancingActivities": -4695600000, "effectOfExchangeRate": 200000, "changeInCash": 283700000}, {"maxAge": 1, "endDate": "2017-03-31", "netIncome": 7362700000, "depreciation": 828000000, "changeToNetincome": -1105900000, "changeToAccountReceivables": -322500000, "changeToLiabilities": 577200000, "changeToInventory": 368400000, "changeToOperatingActivities": -252600000, "totalCashFromOperatingActivities": 7482000000, "capitalExpenditures": -2454400000, "investments": -3655400000, "otherCashflowsFromInvestingActivities": 1110700000, "totalCashflowsFromInvestingActivities": -4867800000, "dividendsPaid": -4663100000, "netBorrowings": 2491300000, "otherCashflowsFromFinancingActivities": -92800000, "totalCashFromFinancingActivities": -2264600000, "effectOfExchangeRate": 36200000, "changeInCash": 385800000}], "maxAge": 86400}, "institutionOwnership": {"ownershipList": [], "maxAge": 1}, "majorHoldersBreakdown": {"maxAge": 1, "insidersPercentHeld": 0.51041, "institutionsPercentHeld": 0.29326, "institutionsFloatPercentHeld": 0.59898996, "institutionsCount": 66}, "balanceSheetHistoryQuarterly": {"balanceSheetStatements": [{"maxAge": 1, "endDate": "2020-12-31", "totalStockholderEquity": 44343300000, "netTangibleAssets": 44323600000}, {"maxAge": 1, "endDate": "2020-09-30", "cash": 8399300000, "shortTermInvestments": 6657400000, "netReceivables": 11623900000, "inventory": 6282800000, "otherCurrentAssets": 1915300000, "totalCurrentAssets": 34878700000, "longTermInvestments": 2839500000, "propertyPlantEquipment": 12678300000, "intangibleAssets": 19700000, "otherAssets": 11549500000, "totalAssets": 61965700000, "accountsPayable": 6864600000, "otherCurrentLiab": 3862900000, "otherLiab": 1764300000, "totalCurrentLiabilities": 15689100000, "totalLiab": 17622400000, "commonStock": 554400000, "retainedEarnings": 32254600000, "treasuryStock": 11534300000, "otherStockholderEquity": 11534300000, "totalStockholderEquity": 44343300000, "netTangibleAssets": 44323600000}, {"maxAge": 1, "endDate": "2020-06-30", "totalStockholderEquity": 44020400000, "netTangibleAssets": 43996400000}, {"maxAge": 1, "endDate": "2020-03-31", "cash": 1814700000, "shortTermInvestments": 4211700000, "netReceivables": 11846600000, "inventory": 5772300000, "otherCurrentAssets": 2364800000, "totalCurrentAssets": 33824700000, "longTermInvestments": 2558800000, "propertyPlantEquipment": 13109900000, "intangibleAssets": 24000000, "otherAssets": 12443300000, "totalAssets": 61960700000, "accountsPayable": 6973400000, "otherCurrentLiab": 1945700000, "otherLiab": 2076300000, "totalCurrentLiabilities": 15675700000, "totalLiab": 17940300000, "commonStock": 554400000, "retainedEarnings": 43363000000, "treasuryStock": 103000000, "otherStockholderEquity": 103000000, "totalStockholderEquity": 44020400000, "netTangibleAssets": 43996400000}], "maxAge": 86400}, "indexTrend": {"maxAge": 1, "symbol": "SP5", "peRatio": 19.7411, "pegRatio": 1.34172, "estimates": [{"period": "0q", "growth": 0.549}, {"period": "+1q", "growth": 0.431}, {"period": "0y", "growth": 0.305}, {"period": "+1y", "growth": 0.109}, {"period": "+5y", "growth": 0.120865}, {"period": "-5y"}]}, "defaultKeyStatistics": {"maxAge": 1, "priceHint": 2, "enterpriseValue": 227869540352, "profitMargins": 0.15281999, "floatShares": 132178900, "sharesOutstanding": 277200000, "heldPercentInsiders": 0.51041, "heldPercentInstitutions": 0.29326, "beta": 1.031064, "category": null, "bookValue": 160.052, "priceToBook": 5.233299, "fundFamily": null, "legalType": null, "lastFiscalYearEnd": "2020-03-31 05:30:00", "nextFiscalYearEnd": "2022-03-31 05:30:00", "mostRecentQuarter": "2020-12-31 05:30:00", "earningsQuarterlyGrowth": 0.202, "netIncomeToCommon": 6367099904, "trailingEps": 22.975, "lastSplitFactor": "7:5", "lastSplitDate": "2011-09-20 05:30:00", "enterpriseToRevenue": 5.469, "enterpriseToEbitda": 34.827}, "summaryProfile": {"address1": "Cummins India Office Campus", "address2": "Tower A, 5th Floor Survey No. 21 Balewadi", "city": "Pune", "zip": "411045", "country": "India", "phone": "91 20 6706 7000", "fax": "91 20 6706 7015", "website": "http://www.cumminsindia.com", "industry": "Specialty Industrial Machinery", "sector": "Industrials", "longBusinessSummary": "Cummins India Limited designs, manufactures, distributes, and services engines, generator sets, and related technologies in India. The company operates through three business units: Engine Business, Power Systems Business, and Distribution Business. The Engine Business manufactures and markets diesel and natural gas engines ranging from 50 HP to 600 HP for the low, medium, and heavy-duty on-highway commercial vehicle markets, as well as the off-highway commercial equipment industry comprising construction and compressor. The Power Systems Business provides power generation systems in standby and distributed power generation for individual and institutional customers in various segments, such as infrastructure, data centers, realty, healthcare, and hospitality; and high horsepower engines ranging from 700 HP to 4500 HP for mining, marine, railways, oil and gas, and defense applications, as well as manufactures and exports low kilowatt generator sets; and power generation systems including, integrated generator sets ranging from 7.5 kVA to 3750 kVA consisting of transfer switches, paralleling switchgear, and controls. The Distribution Business offers products, services, and solutions for equipment and engines; and provides after-market support services to customers in India, Nepal, and Bhutan. It also exports its products to the United States, Europe, Mexico, Africa, the Middle East, and China. The company was founded in 1962 and is headquartered in Pune, India. Cummins India Limited is a subsidiary of Cummins Inc.", "fullTimeEmployees": 3447, "companyOfficers": [], "maxAge": 86400}, "netSharePurchaseActivity": {"maxAge": 1, "period": "6m", "buyInfoCount": 0, "buyInfoShares": 0, "sellInfoCount": 0, "netInfoCount": 0, "netInfoShares": 0, "netPercentInsiderShares": 0.0, "totalInsiderShares": 141460704}, "insiderTransactions": {"transactions": [{"maxAge": 1, "shares": 836695, "filerUrl": "", "transactionText": "", "filerName": "SBI Mangnum Comma Fund", "filerRelation": "Institution- Corporation", "moneyText": "", "startDate": "2020-09-24", "ownership": "D"}, {"maxAge": 1, "shares": 1155, "filerUrl": "", "transactionText": "", "filerName": "Talaulicar (Kiyomi Anant)", "filerRelation": "UNREPORTED", "moneyText": "", "startDate": "2013-05-16", "ownership": "D"}, {"maxAge": 1, "shares": 154, "filerUrl": "", "transactionText": "", "filerName": "Gosavi (Rajendra Digambar)", "filerRelation": "UNREPORTED", "moneyText": "", "startDate": "2012-10-30", "ownership": "D"}, {"maxAge": 1, "shares": 59, "filerUrl": "", "transactionText": "", "filerName": "Bhatlekar (Nitin B)", "filerRelation": "Officer", "moneyText": "", "startDate": "2012-10-01", "ownership": "D"}, {"maxAge": 1, "shares": 40392000, "filerUrl": "", "transactionText": "", "filerName": "Cummins Inc", "filerRelation": "Promoter", "moneyText": "", "startDate": "2011-10-03", "ownership": "D"}, {"maxAge": 1, "shares": 30000, "filerUrl": "", "transactionText": "", "filerName": "Reporter (Burjor Hormusji)", "filerRelation": "Director (Non-Executive)", "moneyText": "", "startDate": "2011-10-03", "ownership": "D"}], "maxAge": 1}, "quoteType": {"exchange": "NSI", "quoteType": "EQUITY", "symbol": "CUMMINSIND.NS", "underlyingSymbol": "CUMMINSIND.NS", "shortName": "CUMMINS INDIA", "longName": "Cummins India Limited", "firstTradeDateEpochUtc": "2002-07-01 09:15:00", "timeZoneFullName": "Asia/Kolkata", "timeZoneShortName": "IST", "uuid": "44877839-c12f-320d-914d-2b776228dbc6", "gmtOffSetMilliseconds": 19800000, "maxAge": 1}, "incomeStatementHistory": {"incomeStatementHistory": [{"maxAge": 1, "endDate": "2020-03-31", "totalRevenue": 51914500000, "costOfRevenue": 34138000000, "grossProfit": 17776500000, "researchDevelopment": {}, "sellingGeneralAdministrative": 5782800000, "nonRecurring": {}, "otherOperatingExpenses": 4384700000, "totalOperatingExpenses": 45522400000, "operatingIncome": 6392100000, "totalOtherIncomeExpenseNet": 1682700000, "ebit": 6392100000, "interestExpense": -161900000, "incomeBeforeTax": 8074800000, "incomeTaxExpense": 1018700000, "minorityInterest": {}, "netIncomeFromContinuingOps": 7056100000, "discontinuedOperations": {}, "extraordinaryItems": {}, "effectOfAccountingCharges": {}, "otherItems": {}, "netIncome": 7056100000, "netIncomeApplicableToCommonShares": 7056100000}, {"maxAge": 1, "endDate": "2019-03-31", "totalRevenue": 56973100000, "costOfRevenue": 36626300000, "grossProfit": 20346800000, "researchDevelopment": {}, "sellingGeneralAdministrative": 5658600000, "nonRecurring": {}, "otherOperatingExpenses": 4568600000, "totalOperatingExpenses": 48007400000, "operatingIncome": 8965700000, "totalOtherIncomeExpenseNet": 1723200000, "ebit": 8965700000, "interestExpense": -127100000, "incomeBeforeTax": 10688900000, "incomeTaxExpense": 3262800000, "minorityInterest": {}, "netIncomeFromContinuingOps": 7426100000, "discontinuedOperations": {}, "extraordinaryItems": {}, "effectOfAccountingCharges": {}, "otherItems": {}, "netIncome": 7426100000, "netIncomeApplicableToCommonShares": 7426100000}, {"maxAge": 1, "endDate": "2018-03-31", "totalRevenue": 51118900000, "costOfRevenue": 33002000000, "grossProfit": 18116900000, "researchDevelopment": {}, "sellingGeneralAdministrative": 5692800000, "nonRecurring": {}, "otherOperatingExpenses": 3997000000, "totalOperatingExpenses": 43639800000, "operatingIncome": 7479100000, "totalOtherIncomeExpenseNet": 1786400000, "ebit": 7479100000, "interestExpense": -103900000, "incomeBeforeTax": 9265500000, "incomeTaxExpense": 2147300000, "minorityInterest": {}, "netIncomeFromContinuingOps": 7118200000, "discontinuedOperations": {}, "extraordinaryItems": {}, "effectOfAccountingCharges": {}, "otherItems": {}, "netIncome": 7118200000, "netIncomeApplicableToCommonShares": 7118200000}, {"maxAge": 1, "endDate": "2017-03-31", "totalRevenue": 51063800000, "costOfRevenue": 33154200000, "grossProfit": 17909600000, "researchDevelopment": {}, "sellingGeneralAdministrative": 5079700000, "nonRecurring": {}, "otherOperatingExpenses": 3940300000, "totalOperatingExpenses": 43062200000, "operatingIncome": 8001600000, "totalOtherIncomeExpenseNet": 1239500000, "ebit": 8001600000, "interestExpense": -92800000, "incomeBeforeTax": 9241100000, "incomeTaxExpense": 1878400000, "minorityInterest": {}, "netIncomeFromContinuingOps": 7362700000, "discontinuedOperations": {}, "extraordinaryItems": {}, "effectOfAccountingCharges": {}, "otherItems": {}, "netIncome": 7362700000, "netIncomeApplicableToCommonShares": 7362700000}], "maxAge": 86400}, "fundOwnership": {"ownershipList": [{"maxAge": 1, "reportDate": "2021-01-31", "organization": "Vanguard International Stock Index-Emerging Markets Stk", "pctHeld": 0.0044, "position": 1218236, "value": 811771558}, {"maxAge": 1, "reportDate": "2021-03-31", "organization": "iShares Core MSCI Emerging Markets ETF", "pctHeld": 0.0041, "position": 1140469, "value": 1048832315}, {"maxAge": 1, "reportDate": "2021-01-31", "organization": "Vanguard International Stock Index-Total Intl Stock Indx", "pctHeld": 0.0038, "position": 1059833, "value": 706219719}, {"maxAge": 1, "reportDate": "2021-03-31", "organization": "American Funds Insurance Ser-Global Small Capitalization Fund", "pctHeld": 0.002, "position": 550000, "value": 505807500}, {"maxAge": 1, "reportDate": "2021-02-28", "organization": "WisdomTree Tr-WisdomTree Emerging Markets Small Cap Dividend Fund", "pctHeld": 0.002, "position": 543133, "value": 427853020}, {"maxAge": 1, "reportDate": "2021-01-31", "organization": "DFA Emerging Markets Core Equity Portfolio", "pctHeld": 0.0011999999, "position": 338694, "value": 225688746}, {"maxAge": 1, "reportDate": "2021-01-31", "organization": "DFA Emerging Markets Small Cap Series", "pctHeld": 0.001, "position": 282102, "value": 187978667}, {"maxAge": 1, "reportDate": "2021-03-31", "organization": "iShares MSCI India Small Cap ETF", "pctHeld": 0.0008, "position": 232907, "value": 214192922}, {"maxAge": 1, "reportDate": "2021-01-31", "organization": "Vanguard Intl Equity Index Fds-FTSE All World ex U.S. Index Fund", "pctHeld": 0.00059999997, "position": 164603, "value": 109683209}, {"maxAge": 1, "reportDate": "2021-02-28", "organization": "WisdomTree Tr-WisdomTree India Earnings Fd", "pctHeld": 0.0005, "position": 147719, "value": 116365642}], "maxAge": 1}, "summaryDetail": {"maxAge": 1, "priceHint": 2, "previousClose": 858.0, "open": 861.1, "dayLow": 833.45, "dayHigh": 861.35, "regularMarketPreviousClose": 858.0, "regularMarketOpen": 861.1, "regularMarketDayLow": 833.45, "regularMarketDayHigh": 861.35, "dividendRate": 14.0, "dividendYield": 0.0163, "exDividendDate": "2021-02-09 05:30:00", "payoutRatio": 0.6095, "fiveYearAvgDividendYield": 2.27, "beta": 1.031064, "trailingPE": 36.457016, "volume": 637671, "regularMarketVolume": 637671, "averageVolume": 1796096, "averageVolume10days": 1459890, "averageDailyVolume10Day": 1459890, "bid": 0.0, "ask": 0.0, "bidSize": 0, "askSize": 0, "marketCap": 232480063488, "fiftyTwoWeekLow": 280.0, "fiftyTwoWeekHigh": 934.25, "priceToSalesTrailing12Months": 5.580026, "fiftyDayAverage": 844.24115, "twoHundredDayAverage": 620.7032, "trailingAnnualDividendRate": 14.0, "trailingAnnualDividendYield": 0.016317016, "currency": "INR", "fromCurrency": null, "lastMarket": null, "algorithm": null, "tradeable": false}, "incomeStatementHistoryQuarterly": {"incomeStatementHistory": [{"maxAge": 1, "endDate": "2020-12-31", "totalRevenue": 14310200000, "costOfRevenue": 9165600000, "grossProfit": 5144600000, "researchDevelopment": {}, "sellingGeneralAdministrative": 1291100000, "nonRecurring": {}, "otherOperatingExpenses": 594900000, "totalOperatingExpenses": 11375100000, "operatingIncome": 2935100000, "totalOtherIncomeExpenseNet": 162100000, "ebit": 2935100000, "interestExpense": -48300000, "incomeBeforeTax": 3097200000, "incomeTaxExpense": 694300000, "minorityInterest": {}, "netIncomeFromContinuingOps": 2402900000, "discontinuedOperations": {}, "extraordinaryItems": {}, "effectOfAccountingCharges": {}, "otherItems": {}, "netIncome": 2402900000, "netIncomeApplicableToCommonShares": 2402900000}, {"maxAge": 1, "endDate": "2020-09-30", "totalRevenue": 11699900000, "costOfRevenue": 7208100000, "grossProfit": 4491800000, "researchDevelopment": {}, "sellingGeneralAdministrative": 1232100000, "nonRecurring": {}, "otherOperatingExpenses": 1117600000, "totalOperatingExpenses": 9887900000, "operatingIncome": 1812000000, "totalOtherIncomeExpenseNet": 347900000, "ebit": 1812000000, "interestExpense": -40400000, "incomeBeforeTax": 2159900000, "incomeTaxExpense": 428300000, "minorityInterest": {}, "netIncomeFromContinuingOps": 1731600000, "discontinuedOperations": {}, "extraordinaryItems": {}, "effectOfAccountingCharges": {}, "otherItems": {}, "netIncome": 1731600000, "netIncomeApplicableToCommonShares": 1731600000}, {"maxAge": 1, "endDate": "2020-06-30", "totalRevenue": 5028200000, "costOfRevenue": 2922900000, "grossProfit": 2105300000, "researchDevelopment": {}, "sellingGeneralAdministrative": 1194200000, "nonRecurring": {}, "otherOperatingExpenses": -75300000, "totalOperatingExpenses": 4349700000, "operatingIncome": 678500000, "totalOtherIncomeExpenseNet": 32100000, "ebit": 678500000, "interestExpense": -44300000, "incomeBeforeTax": 710600000, "incomeTaxExpense": 180400000, "minorityInterest": {}, "netIncomeFromContinuingOps": 530200000, "discontinuedOperations": {}, "extraordinaryItems": {}, "effectOfAccountingCharges": {}, "otherItems": {}, "netIncome": 530200000, "netIncomeApplicableToCommonShares": 530200000}, {"maxAge": 1, "endDate": "2020-03-31", "totalRevenue": 10624600000, "costOfRevenue": 7290900000, "grossProfit": 3333700000, "researchDevelopment": {}, "sellingGeneralAdministrative": 1452300000, "nonRecurring": {}, "otherOperatingExpenses": 1394300000, "totalOperatingExpenses": 10461200000, "operatingIncome": 163400000, "totalOtherIncomeExpenseNet": 1068100000, "ebit": 163400000, "interestExpense": -2500000, "incomeBeforeTax": 1231500000, "incomeTaxExpense": -470900000, "minorityInterest": {}, "netIncomeFromContinuingOps": 1702400000, "discontinuedOperations": {}, "extraordinaryItems": {}, "effectOfAccountingCharges": {}, "otherItems": {}, "netIncome": 1702400000, "netIncomeApplicableToCommonShares": 1702400000}], "maxAge": 86400}, "cashflowStatementHistoryQuarterly": {"cashflowStatements": [{"maxAge": 1, "endDate": "2020-12-31", "netIncome": 2402900000, "changeToLiabilities": 0}, {"maxAge": 1, "endDate": "2020-09-30", "netIncome": 1731600000, "changeToLiabilities": 0}, {"maxAge": 1, "endDate": "2020-06-30", "netIncome": 530200000, "changeToLiabilities": 0}, {"maxAge": 1, "endDate": "2020-03-31", "netIncome": 1702400000, "changeToLiabilities": 0}], "maxAge": 86400}, "insiderHolders": {"holders": [{"maxAge": 1, "name": "Bhatlekar (Nitin B)", "relation": "Officer", "url": "", "transactionDescription": "Acquisition", "latestTransDate": "2012-10-01", "positionDirect": 59, "positionDirectDate": "2012-10-01"}, {"maxAge": 1, "name": "Cummins Inc", "relation": "Promoter", "url": "", "transactionDescription": "Acquisition", "latestTransDate": "2011-10-03", "positionDirect": 141372000, "positionDirectDate": "2011-10-03"}, {"maxAge": 1, "name": "Gosavi (Rajendra Digambar)", "relation": "UNREPORTED", "url": "", "transactionDescription": "Acquisition", "latestTransDate": "2012-10-30", "positionDirect": 154, "positionDirectDate": "2012-10-30"}, {"maxAge": 1, "name": "Reporter (Burjor Hormusji)", "relation": "Director (Non-Executive)", "url": "", "transactionDescription": "Acquisition", "latestTransDate": "2011-10-03", "positionDirect": 105000, "positionDirectDate": "2011-10-03"}, {"maxAge": 1, "name": "SBI Mangnum Comma Fund", "relation": "Institution- Corporation", "url": "", "transactionDescription": "Acquisition", "latestTransDate": "2020-09-24", "positionDirect": 19430920, "positionDirectDate": "2020-09-24"}, {"maxAge": 1, "name": "Talaulicar (Kiyomi Anant)", "relation": "UNREPORTED", "url": "", "transactionDescription": "Sale", "latestTransDate": "2013-05-16", "positionDirect": 0, "positionDirectDate": "2013-05-16"}], "maxAge": 1}, "calendarEvents": {"maxAge": 1, "earnings": {"earningsDate": []}, "exDividendDate": "2021-02-09 05:30:00"}, "upgradeDowngradeHistory": {"history": [], "maxAge": 86400}, "price": {"maxAge": 1, "regularMarketChangePercent": -0.023776252, "regularMarketChange": -20.400024, "regularMarketTime": "2021-04-30 15:30:00", "priceHint": 2, "regularMarketPrice": 837.6, "regularMarketDayHigh": 861.35, "regularMarketDayLow": 833.45, "regularMarketVolume": 637671, "averageDailyVolume10Day": 1459890, "averageDailyVolume3Month": 1796096, "regularMarketPreviousClose": 858.0, "regularMarketSource": "FREE_REALTIME", "regularMarketOpen": 861.1, "exchange": "NSI", "exchangeName": "NSE", "exchangeDataDelayedBy": 15, "marketState": "CLOSED", "quoteType": "EQUITY", "symbol": "CUMMINSIND.NS", "underlyingSymbol": null, "shortName": "CUMMINS INDIA", "longName": "Cummins India Limited", "currency": "INR", "quoteSourceName": "Delayed Quote", "currencySymbol": "\u20b9", "fromCurrency": null, "lastMarket": null, "marketCap": 232480063488}, "balanceSheetHistory": {"balanceSheetStatements": [{"maxAge": 1, "endDate": "2020-03-31", "cash": 1814700000, "shortTermInvestments": 4211700000, "netReceivables": 11846600000, "inventory": 5772300000, "otherCurrentAssets": 2364800000, "totalCurrentAssets": 33824700000, "longTermInvestments": 2558800000, "propertyPlantEquipment": 13109900000, "intangibleAssets": 24000000, "otherAssets": 12443300000, "totalAssets": 61960700000, "accountsPayable": 6973400000, "otherCurrentLiab": 1945700000, "otherLiab": 2076300000, "totalCurrentLiabilities": 15675700000, "totalLiab": 17940300000, "commonStock": 554400000, "retainedEarnings": 43363000000, "treasuryStock": 103000000, "otherStockholderEquity": 103000000, "totalStockholderEquity": 44020400000, "netTangibleAssets": 43996400000}, {"maxAge": 1, "endDate": "2019-03-31", "cash": 1954600000, "shortTermInvestments": 8070000000, "netReceivables": 13491000000, "inventory": 6328500000, "otherCurrentAssets": 2014400000, "totalCurrentAssets": 34285700000, "longTermInvestments": 2254800000, "propertyPlantEquipment": 14424900000, "intangibleAssets": 31400000, "otherAssets": 9605900000, "totalAssets": 60602700000, "accountsPayable": 8254100000, "otherCurrentLiab": 1958300000, "otherLiab": 2431600000, "totalCurrentLiabilities": 15341300000, "totalLiab": 17772900000, "commonStock": 554400000, "retainedEarnings": 42190200000, "treasuryStock": 85200000, "otherStockholderEquity": 85200000, "totalStockholderEquity": 42829800000, "netTangibleAssets": 42798400000}, {"maxAge": 1, "endDate": "2018-03-31", "cash": 1523200000, "shortTermInvestments": 3230000000, "netReceivables": 15158200000, "inventory": 5443800000, "otherCurrentAssets": 1900400000, "totalCurrentAssets": 32300900000, "longTermInvestments": 2024900000, "propertyPlantEquipment": 13230300000, "intangibleAssets": 54700000, "otherAssets": 9537000000, "totalAssets": 57147800000, "accountsPayable": 7595300000, "otherCurrentLiab": 1912000000, "otherLiab": 1402000000, "totalCurrentLiabilities": 14559800000, "totalLiab": 15961800000, "commonStock": 554400000, "retainedEarnings": 40565600000, "treasuryStock": 66000000, "otherStockholderEquity": 66000000, "totalStockholderEquity": 41186000000, "netTangibleAssets": 41131300000}, {"maxAge": 1, "endDate": "2017-03-31", "cash": 1239500000, "shortTermInvestments": 133300000, "netReceivables": 9887200000, "inventory": 5697900000, "otherCurrentAssets": 3346600000, "totalCurrentAssets": 26881600000, "longTermInvestments": 1989000000, "propertyPlantEquipment": 16886800000, "intangibleAssets": 83700000, "otherAssets": 6302300000, "totalAssets": 52143400000, "accountsPayable": 6086700000, "otherCurrentLiab": 1826200000, "otherLiab": 1273200000, "totalCurrentLiabilities": 12159200000, "totalLiab": 13432400000, "commonStock": 554400000, "retainedEarnings": 38103500000, "treasuryStock": 53100000, "otherStockholderEquity": 53100000, "totalStockholderEquity": 38711000000, "netTangibleAssets": 38627300000}], "maxAge": 86400}, "financialData": {"maxAge": 86400, "currentPrice": 837.6, "recommendationKey": "none", "totalCash": 15056700416, "totalCashPerShare": 54.327, "ebitda": 6542875136, "totalDebt": 5130599936, "totalRevenue": 41662898176, "debtToEquity": 11.57, "revenuePerShare": 150.333, "grossProfits": 17776500000, "earningsGrowth": 0.202, "revenueGrowth": -0.017, "grossMargins": 0.36183998, "ebitdaMargins": 0.15704, "operatingMargins": 0.12858, "profitMargins": 0.15281999, "financialCurrency": "INR"}}}