{"CUMMINSIND.BO": {"recommendationTrend": {"trend": [{"period": "0m", "strongBuy": 0, "buy": 0, "hold": 0, "sell": 0, "strongSell": 0}, {"period": "-1m", "strongBuy": 0, "buy": 0, "hold": 0, "sell": 0, "strongSell": 0}, {"period": "-2m", "strongBuy": 0, "buy": 0, "hold": 0, "sell": 0, "strongSell": 0}, {"period": "-3m", "strongBuy": 0, "buy": 0, "hold": 0, "sell": 0, "strongSell": 0}], "maxAge": 86400}, "cashflowStatementHistory": {"cashflowStatements": [{"maxAge": 1, "endDate": "2020-03-31", "netIncome": 7056100000, "depreciation": 1193400000, "changeToNetincome": -2387800000, "changeToAccountReceivables": 1485900000, "changeToLiabilities": -1499500000, "changeToInventory": 556500000, "changeToOperatingActivities": -410000000, "totalCashFromOperatingActivities": 6007000000, "capitalExpenditures": -2581600000, "investments": -1162900000, "otherCashflowsFromInvestingActivities": 1395100000, "totalCashflowsFromInvestingActivities": -2139100000, "dividendsPaid": -5681100000, "netBorrowings": 1720300000, "otherCashflowsFromFinancingActivities": -161900000, "totalCashFromFinancingActivities": -4122700000, "effectOfExchangeRate": 114900000, "changeInCash": -139900000}, {"maxAge": 1, "endDate": "2019-03-31", "netIncome": 7426100000, "depreciation": 1076400000, "changeToNetincome": -656200000, "changeToAccountReceivables": 487300000, "changeToLiabilities": 688900000, "changeToInventory": -884700000, "changeToOperatingActivities": -2640100000, "totalCashFromOperatingActivities": 5532300000, "capitalExpenditures": -2830200000, "investments": 669600000, "otherCashflowsFromInvestingActivities": 947200000, "totalCashflowsFromInvestingActivities": 162400000, "dividendsPaid": -5681100000, "netBorrowings": 557500000, "otherCashflowsFromFinancingActivities": -126900000, "totalCashFromFinancingActivities": -5250500000, "effectOfExchangeRate": -12800000, "changeInCash": 431400000}, {"maxAge": 1, "endDate": "2018-03-31", "netIncome": 7118200000, "depreciation": 910700000, "changeToNetincome": -1351200000, "changeToAccountReceivables": -3691600000, "changeToLiabilities": 1463600000, "changeToInventory": 254200000, "changeToOperatingActivities": 1582000000, "totalCashFromOperatingActivities": 6319000000, "capitalExpenditures": -1910400000, "investments": -1517800000, "otherCashflowsFromInvestingActivities": 1095400000, "totalCashflowsFromInvestingActivities": -1339900000, "dividendsPaid": -4638700000, "netBorrowings": 47000000, "otherCashflowsFromFinancingActivities": -103900000, "totalCashFromFinancingActivities": -4695600000, "effectOfExchangeRate": 200000, "changeInCash": 283700000}, {"maxAge": 1, "endDate": "2017-03-31", "netIncome": 7362700000, "depreciation": 828000000, "changeToNetincome": -1105900000, "changeToAccountReceivables": -322500000, "changeToLiabilities": 577200000, "changeToInventory": 368400000, "changeToOperatingActivities": -252600000, "totalCashFromOperatingActivities": 7482000000, "capitalExpenditures": -2454400000, "investments": -3655400000, "otherCashflowsFromInvestingActivities": 1110700000, "totalCashflowsFromInvestingActivities": -4867800000, "dividendsPaid": -4663100000, "netBorrowings": 2491300000, "otherCashflowsFromFinancingActivities": -92800000, "totalCashFromFinancingActivities": -2264600000, "effectOfExchangeRate": 36200000, "changeInCash": 385800000}], "maxAge": 86400}, "institutionOwnership": {"ownershipList": [], "maxAge": 1}, "balanceSheetHistoryQuarterly": {"balanceSheetStatements": [{"maxAge": 1, "endDate": "2020-06-30", "totalStockholderEquity": 44020400000, "netTangibleAssets": 43996400000}, {"maxAge": 1, "endDate": "2020-03-31", "cash": 1814700000, "shortTermInvestments": 4211700000, "netReceivables": 11846600000, "inventory": 5772300000, "otherCurrentAssets": 2364800000, "totalCurrentAssets": 33824700000, "longTermInvestments": 2558800000, "propertyPlantEquipment": 13109900000, "intangibleAssets": 24000000, "otherAssets": 12443300000, "totalAssets": 61960700000, "accountsPayable": 6973400000, "otherCurrentLiab": 1945700000, "otherLiab": 2076300000, "totalCurrentLiabilities": 15675700000, "totalLiab": 17940300000, "commonStock": 554400000, "retainedEarnings": 43363000000, "treasuryStock": 103000000, "otherStockholderEquity": 103000000, "totalStockholderEquity": 44020400000, "netTangibleAssets": 43996400000}, {"maxAge": 1, "endDate": "2019-12-31", "totalStockholderEquity": 42772700000, "netTangibleAssets": 42747500000}, {"maxAge": 1, "endDate": "2019-09-30", "cash": 6140700000, "shortTermInvestments": 7852700000, "netReceivables": 11280000000, "inventory": 6875200000, "otherCurrentAssets": 2295200000, "totalCurrentAssets": 34443800000, "longTermInvestments": 2365200000, "propertyPlantEquipment": 15430300000, "intangibleAssets": 25200000, "otherAssets": 9821800000, "totalAssets": 62086300000, "accountsPayable": 8991800000, "otherCurrentLiab": 4511000000, "otherLiab": 2470700000, "totalCurrentLiabilities": 16671900000, "totalLiab": 19313600000, "commonStock": 554400000, "retainedEarnings": 30698200000, "treasuryStock": 11520100000, "otherStockholderEquity": 11520100000, "totalStockholderEquity": 42772700000, "netTangibleAssets": 42747500000}], "maxAge": 86400}, "earningsHistory": {"history": [{"maxAge": 1, "epsActual": 6.21, "epsEstimate": 6.96, "epsDifference": -0.75, "surprisePercent": -0.108, "quarter": "2017-12-31", "period": "-4q"}, {"maxAge": 1, "epsActual": 5.82, "epsEstimate": 6.21, "epsDifference": -0.39, "surprisePercent": -0.063, "quarter": "2018-03-31", "period": "-3q"}, {"maxAge": 1, "epsActual": 6.6, "epsEstimate": 6.48, "epsDifference": 0.12, "surprisePercent": 0.019, "quarter": "2018-06-30", "period": "-2q"}, {"maxAge": 1, "epsActual": 7.63, "epsEstimate": 5.98, "epsDifference": 1.65, "surprisePercent": 0.276, "quarter": "2018-09-30", "period": "-1q"}], "maxAge": 86400}, "indexTrend": {"maxAge": 1, "symbol": "SP5", "peRatio": 19.7411, "pegRatio": 1.34172, "estimates": [{"period": "0q", "growth": 0.549}, {"period": "+1q", "growth": 0.431}, {"period": "0y", "growth": 0.305}, {"period": "+1y", "growth": 0.109}, {"period": "+5y", "growth": 0.120865}, {"period": "-5y"}]}, "industryTrend": {"maxAge": 1, "symbol": null, "estimates": []}, "insiderTransactions": {"transactions": [{"maxAge": 1, "shares": 836695, "filerUrl": "", "transactionText": "", "filerName": "SBI Mangnum Comma Fund", "filerRelation": "Institution- Corporation", "moneyText": "", "startDate": "2020-09-24", "ownership": "D"}, {"maxAge": 1, "shares": 1155, "filerUrl": "", "transactionText": "", "filerName": "Talaulicar (Kiyomi Anant)", "filerRelation": "UNREPORTED", "moneyText": "", "startDate": "2013-05-16", "ownership": "D"}, {"maxAge": 1, "shares": 154, "filerUrl": "", "transactionText": "", "filerName": "Gosavi (Rajendra Digambar)", "filerRelation": "UNREPORTED", "moneyText": "", "startDate": "2012-10-30", "ownership": "D"}, {"maxAge": 1, "shares": 59, "filerUrl": "", "transactionText": "", "filerName": "Bhatlekar (Nitin B)", "filerRelation": "Officer", "moneyText": "", "startDate": "2012-10-01", "ownership": "D"}, {"maxAge": 1, "shares": 40392000, "filerUrl": "", "transactionText": "", "filerName": "Cummins Inc", "filerRelation": "Promoter", "moneyText": "", "startDate": "2011-10-03", "ownership": "D"}, {"maxAge": 1, "shares": 30000, "filerUrl": "", "transactionText": "", "filerName": "Reporter (Burjor Hormusji)", "filerRelation": "Director (Non-Executive)", "moneyText": "", "startDate": "2011-10-03", "ownership": "D"}], "maxAge": 1}, "quoteType": {"exchange": "BSE", "quoteType": "EQUITY", "symbol": "CUMMINSIND.BO", "underlyingSymbol": "CUMMINSIND.BO", "shortName": "CUMMINS INDIA LTD.", "longName": "Cummins India Limited", "firstTradeDateEpochUtc": "2000-11-21 09:15:00", "timeZoneFullName": "Asia/Kolkata", "timeZoneShortName": "IST", "uuid": "9512c67e-b94d-35aa-abbf-65f05c16c36e", "gmtOffSetMilliseconds": 19800000, "maxAge": 1}, "incomeStatementHistory": {"incomeStatementHistory": [{"maxAge": 1, "endDate": "2020-03-31", "totalRevenue": 51914500000, "costOfRevenue": 34138000000, "grossProfit": 17776500000, "researchDevelopment": {}, "sellingGeneralAdministrative": 5782800000, "nonRecurring": {}, "otherOperatingExpenses": 4384700000, "totalOperatingExpenses": 45522400000, "operatingIncome": 6392100000, "totalOtherIncomeExpenseNet": 1682700000, "ebit": 6392100000, "interestExpense": -161900000, "incomeBeforeTax": 8074800000, "incomeTaxExpense": 1018700000, "minorityInterest": {}, "netIncomeFromContinuingOps": 7056100000, "discontinuedOperations": {}, "extraordinaryItems": {}, "effectOfAccountingCharges": {}, "otherItems": {}, "netIncome": 7056100000, "netIncomeApplicableToCommonShares": 7056100000}, {"maxAge": 1, "endDate": "2019-03-31", "totalRevenue": 56973100000, "costOfRevenue": 36626300000, "grossProfit": 20346800000, "researchDevelopment": {}, "sellingGeneralAdministrative": 5658600000, "nonRecurring": {}, "otherOperatingExpenses": 4568600000, "totalOperatingExpenses": 48007400000, "operatingIncome": 8965700000, "totalOtherIncomeExpenseNet": 1723200000, "ebit": 8965700000, "interestExpense": -127100000, "incomeBeforeTax": 10688900000, "incomeTaxExpense": 3262800000, "minorityInterest": {}, "netIncomeFromContinuingOps": 7426100000, "discontinuedOperations": {}, "extraordinaryItems": {}, "effectOfAccountingCharges": {}, "otherItems": {}, "netIncome": 7426100000, "netIncomeApplicableToCommonShares": 7426100000}, {"maxAge": 1, "endDate": "2018-03-31", "totalRevenue": 51118900000, "costOfRevenue": 33002000000, "grossProfit": 18116900000, "researchDevelopment": {}, "sellingGeneralAdministrative": 5692800000, "nonRecurring": {}, "otherOperatingExpenses": 3997000000, "totalOperatingExpenses": 43639800000, "operatingIncome": 7479100000, "totalOtherIncomeExpenseNet": 1786400000, "ebit": 7479100000, "interestExpense": -103900000, "incomeBeforeTax": 9265500000, "incomeTaxExpense": 2147300000, "minorityInterest": {}, "netIncomeFromContinuingOps": 7118200000, "discontinuedOperations": {}, "extraordinaryItems": {}, "effectOfAccountingCharges": {}, "otherItems": {}, "netIncome": 7118200000, "netIncomeApplicableToCommonShares": 7118200000}, {"maxAge": 1, "endDate": "2017-03-31", "totalRevenue": 51063800000, "costOfRevenue": 33154200000, "grossProfit": 17909600000, "researchDevelopment": {}, "sellingGeneralAdministrative": 5079700000, "nonRecurring": {}, "otherOperatingExpenses": 3940300000, "totalOperatingExpenses": 43062200000, "operatingIncome": 8001600000, "totalOtherIncomeExpenseNet": 1239500000, "ebit": 8001600000, "interestExpense": -92800000, "incomeBeforeTax": 9241100000, "incomeTaxExpense": 1878400000, "minorityInterest": {}, "netIncomeFromContinuingOps": 7362700000, "discontinuedOperations": {}, "extraordinaryItems": {}, "effectOfAccountingCharges": {}, "otherItems": {}, "netIncome": 7362700000, "netIncomeApplicableToCommonShares": 7362700000}], "maxAge": 86400}, "fundOwnership": {"ownershipList": [{"maxAge": 1, "reportDate": "2020-07-31", "organization": "Vanguard International Stock Index-Total Intl Stock Indx", "pctHeld": 0.0046, "position": 1270924, "value": 510339532}, {"maxAge": 1, "reportDate": "2020-07-31", "organization": "Vanguard International Stock Index-Emerging Markets Stk", "pctHeld": 0.0032, "position": 886123, "value": 355822690}, {"maxAge": 1, "reportDate": "2020-07-31", "organization": "iShares Core MSCI Emerging Markets ETF", "pctHeld": 0.0015, "position": 411230, "value": 165129406}, {"maxAge": 1, "reportDate": "2020-07-31", "organization": "DFA Emerging Markets Core Equity Portfolio", "pctHeld": 0.0011999999, "position": 328292, "value": 131825652}, {"maxAge": 1, "reportDate": "2020-07-31", "organization": "DFA Emerging Markets Small Cap Series", "pctHeld": 0.0008, "position": 235271, "value": 94473070}, {"maxAge": 1, "reportDate": "2020-08-31", "organization": "iShares MSCI India Small Cap ETF", "pctHeld": 0.0005, "position": 147168, "value": 67962182}, {"maxAge": 1, "reportDate": "2020-07-31", "organization": "Financial Investors Tr-ALPS/Kotak India Growth Fund", "pctHeld": 0.0005, "position": 142970, "value": 57409603}, {"maxAge": 1, "reportDate": "2020-07-31", "organization": "Vanguard Intl Equity Index Fds-FTSE All World ex U.S. Index Fund", "pctHeld": 0.0004, "position": 114361, "value": 45921659}, {"maxAge": 1, "reportDate": "2020-06-30", "organization": "Parametric Tax-Managed Emerging Markets Fund", "pctHeld": 0.00029999999, "position": 79700, "value": 31270295}, {"maxAge": 1, "reportDate": "2020-05-31", "organization": "Schwab Strategic Tr-Schwab Emerging Markets Equity ETF", "pctHeld": 0.00029999999, "position": 76089, "value": 28632290}], "maxAge": 1}, "summaryDetail": {"maxAge": 1, "priceHint": 2, "previousClose": 859.1, "open": 864.5, "dayLow": 833.6, "dayHigh": 864.5, "regularMarketPreviousClose": 859.1, "regularMarketOpen": 864.5, "regularMarketDayLow": 833.6, "regularMarketDayHigh": 864.5, "trailingPE": 38.31656, "forwardPE": 24.832493, "volume": 30362, "regularMarketVolume": 30362, "averageVolume": 69441, "averageVolume10days": 115919, "averageDailyVolume10Day": 115919, "bid": 837.0, "ask": 842.0, "bidSize": 0, "askSize": 0, "marketCap": 232182710272, "fiftyTwoWeekLow": 281.6, "fiftyTwoWeekHigh": 864.5, "fiftyDayAverage": 608.39545, "twoHundredDayAverage": 500.10294, "trailingAnnualDividendRate": 14.0, "trailingAnnualDividendYield": 0.016296124, "currency": "INR", "fromCurrency": null, "lastMarket": null, "algorithm": null, "tradeable": false}, "sectorTrend": {"maxAge": 1, "symbol": null, "estimates": []}, "incomeStatementHistoryQuarterly": {"incomeStatementHistory": [{"maxAge": 1, "endDate": "2020-06-30", "totalRevenue": 5028200000, "costOfRevenue": 2922900000, "grossProfit": 2105300000, "researchDevelopment": {}, "sellingGeneralAdministrative": 1194200000, "nonRecurring": {}, "otherOperatingExpenses": -75300000, "totalOperatingExpenses": 4349700000, "operatingIncome": 678500000, "totalOtherIncomeExpenseNet": 32100000, "ebit": 678500000, "interestExpense": -44300000, "incomeBeforeTax": 710600000, "incomeTaxExpense": 180400000, "minorityInterest": {}, "netIncomeFromContinuingOps": 530200000, "discontinuedOperations": {}, "extraordinaryItems": {}, "effectOfAccountingCharges": {}, "otherItems": {}, "netIncome": 530200000, "netIncomeApplicableToCommonShares": 530200000}, {"maxAge": 1, "endDate": "2020-03-31", "totalRevenue": 10624600000, "costOfRevenue": 7290900000, "grossProfit": 3333700000, "researchDevelopment": {}, "sellingGeneralAdministrative": 1452300000, "nonRecurring": {}, "otherOperatingExpenses": 1394300000, "totalOperatingExpenses": 10461200000, "operatingIncome": 163400000, "totalOtherIncomeExpenseNet": 1068100000, "ebit": 163400000, "interestExpense": -2500000, "incomeBeforeTax": 1231500000, "incomeTaxExpense": -470900000, "minorityInterest": {}, "netIncomeFromContinuingOps": 1702400000, "discontinuedOperations": {}, "extraordinaryItems": {}, "effectOfAccountingCharges": {}, "otherItems": {}, "netIncome": 1702400000, "netIncomeApplicableToCommonShares": 1702400000}, {"maxAge": 1, "endDate": "2019-12-31", "totalRevenue": 14563500000, "costOfRevenue": 9407900000, "grossProfit": 5155600000, "researchDevelopment": {}, "sellingGeneralAdministrative": 1462800000, "nonRecurring": {}, "otherOperatingExpenses": 899100000, "totalOperatingExpenses": 12069900000, "operatingIncome": 2493600000, "totalOtherIncomeExpenseNet": 88700000, "ebit": 2493600000, "interestExpense": -48300000, "incomeBeforeTax": 2582300000, "incomeTaxExpense": 583500000, "minorityInterest": {}, "netIncomeFromContinuingOps": 1998800000, "discontinuedOperations": {}, "extraordinaryItems": {}, "effectOfAccountingCharges": {}, "otherItems": {}, "netIncome": 1998800000, "netIncomeApplicableToCommonShares": 1998800000}, {"maxAge": 1, "endDate": "2019-09-30", "totalRevenue": 13209200000, "costOfRevenue": 8558100000, "grossProfit": 4651100000, "researchDevelopment": {}, "sellingGeneralAdministrative": 1451200000, "nonRecurring": {}, "otherOperatingExpenses": 1018300000, "totalOperatingExpenses": 11325100000, "operatingIncome": 1884100000, "totalOtherIncomeExpenseNet": 272200000, "ebit": 1884100000, "interestExpense": -57300000, "incomeBeforeTax": 2156300000, "incomeTaxExpense": 327000000, "minorityInterest": {}, "netIncomeFromContinuingOps": 1829300000, "discontinuedOperations": {}, "extraordinaryItems": {}, "effectOfAccountingCharges": {}, "otherItems": {}, "netIncome": 1829300000, "netIncomeApplicableToCommonShares": 1829300000}], "maxAge": 86400}, "cashflowStatementHistoryQuarterly": {"cashflowStatements": [{"maxAge": 1, "endDate": "2020-06-30", "netIncome": 530200000, "changeToLiabilities": 0}, {"maxAge": 1, "endDate": "2020-03-31", "netIncome": 1702400000, "changeToLiabilities": 0}, {"maxAge": 1, "endDate": "2019-12-31", "netIncome": 1998800000, "changeToLiabilities": 0}, {"maxAge": 1, "endDate": "2019-09-30", "netIncome": 1829300000, "changeToLiabilities": 0}], "maxAge": 86400}, "insiderHolders": {"holders": [{"maxAge": 1, "name": "Bhatlekar (Nitin B)", "relation": "Officer", "url": "", "transactionDescription": "Acquisition", "latestTransDate": "2012-10-01", "positionDirect": 59, "positionDirectDate": "2012-10-01"}, {"maxAge": 1, "name": "Cummins Inc", "relation": "Promoter", "url": "", "transactionDescription": "Acquisition", "latestTransDate": "2011-10-03", "positionDirect": 141372000, "positionDirectDate": "2011-10-03"}, {"maxAge": 1, "name": "Gosavi (Rajendra Digambar)", "relation": "UNREPORTED", "url": "", "transactionDescription": "Acquisition", "latestTransDate": "2012-10-30", "positionDirect": 154, "positionDirectDate": "2012-10-30"}, {"maxAge": 1, "name": "Reporter (Burjor Hormusji)", "relation": "Director (Non-Executive)", "url": "", "transactionDescription": "Acquisition", "latestTransDate": "2011-10-03", "positionDirect": 105000, "positionDirectDate": "2011-10-03"}, {"maxAge": 1, "name": "SBI Mangnum Comma Fund", "relation": "Institution- Corporation", "url": "", "transactionDescription": "Acquisition", "latestTransDate": "2020-09-24", "positionDirect": 19430920, "positionDirectDate": "2020-09-24"}, {"maxAge": 1, "name": "Talaulicar (Kiyomi Anant)", "relation": "UNREPORTED", "url": "", "transactionDescription": "Sale", "latestTransDate": "2013-05-16", "positionDirect": 0, "positionDirectDate": "2013-05-16"}], "maxAge": 1}, "earnings": {"maxAge": 86400, "earningsChart": {"quarterly": [{"date": "4Q2017", "actual": 6.21, "estimate": 6.96}, {"date": "1Q2018", "actual": 5.82, "estimate": 6.21}, {"date": "2Q2018", "actual": 6.6, "estimate": 6.48}, {"date": "3Q2018", "actual": 7.63, "estimate": 5.98}], "currentQuarterEstimateDate": "4Q", "currentQuarterEstimateYear": 2018, "earningsDate": []}, "financialsChart": {"yearly": [{"date": 2017, "revenue": 51063800000, "earnings": 7362700000}, {"date": 2018, "revenue": 51118900000, "earnings": 7118200000}, {"date": 2019, "revenue": 56973100000, "earnings": 7426100000}, {"date": 2020, "revenue": 51914500000, "earnings": 7056100000}], "quarterly": [{"date": "3Q2019", "revenue": 13209200000, "earnings": 1829300000}, {"date": "4Q2019", "revenue": 14563500000, "earnings": 1998800000}, {"date": "1Q2020", "revenue": 10624600000, "earnings": 1702400000}, {"date": "2Q2020", "revenue": 5028200000, "earnings": 530200000}]}, "financialCurrency": "INR"}, "calendarEvents": {"maxAge": 1, "earnings": {"earningsDate": [], "revenueAverage": 14333800000, "revenueLow": 13843500000, "revenueHigh": 14824000000}}, "upgradeDowngradeHistory": {"history": [], "maxAge": 86400}, "price": {"maxAge": 1, "regularMarketChangePercent": -0.025026191, "regularMarketChange": -21.5, "regularMarketTime": "2021-04-30 15:29:45", "priceHint": 2, "regularMarketPrice": 837.6, "regularMarketDayHigh": 864.5, "regularMarketDayLow": 833.6, "regularMarketVolume": 30362, "averageDailyVolume10Day": 115919, "averageDailyVolume3Month": 69441, "regularMarketPreviousClose": 859.1, "regularMarketSource": "FREE_REALTIME", "regularMarketOpen": 864.5, "exchange": "BSE", "exchangeName": "BSE", "exchangeDataDelayedBy": 0, "marketState": "CLOSED", "quoteType": "EQUITY", "symbol": "CUMMINSIND.BO", "underlyingSymbol": null, "shortName": "CUMMINS INDIA LTD.", "longName": "Cummins India Limited", "currency": "INR", "quoteSourceName": "Delayed Quote", "currencySymbol": "\u20b9", "fromCurrency": null, "lastMarket": null, "marketCap": 232182710272}, "balanceSheetHistory": {"balanceSheetStatements": [{"maxAge": 1, "endDate": "2020-03-31", "cash": 1814700000, "shortTermInvestments": 4211700000, "netReceivables": 11846600000, "inventory": 5772300000, "otherCurrentAssets": 2364800000, "totalCurrentAssets": 33824700000, "longTermInvestments": 2558800000, "propertyPlantEquipment": 13109900000, "intangibleAssets": 24000000, "otherAssets": 12443300000, "totalAssets": 61960700000, "accountsPayable": 6973400000, "otherCurrentLiab": 1945700000, "otherLiab": 2076300000, "totalCurrentLiabilities": 15675700000, "totalLiab": 17940300000, "commonStock": 554400000, "retainedEarnings": 43363000000, "treasuryStock": 103000000, "otherStockholderEquity": 103000000, "totalStockholderEquity": 44020400000, "netTangibleAssets": 43996400000}, {"maxAge": 1, "endDate": "2019-03-31", "cash": 1954600000, "shortTermInvestments": 8070000000, "netReceivables": 13491000000, "inventory": 6328500000, "otherCurrentAssets": 2014400000, "totalCurrentAssets": 34285700000, "longTermInvestments": 2254800000, "propertyPlantEquipment": 14424900000, "intangibleAssets": 31400000, "otherAssets": 9605900000, "totalAssets": 60602700000, "accountsPayable": 8254100000, "otherCurrentLiab": 1958300000, "otherLiab": 2431600000, "totalCurrentLiabilities": 15341300000, "totalLiab": 17772900000, "commonStock": 554400000, "retainedEarnings": 42190200000, "treasuryStock": 85200000, "otherStockholderEquity": 85200000, "totalStockholderEquity": 42829800000, "netTangibleAssets": 42798400000}, {"maxAge": 1, "endDate": "2018-03-31", "cash": 1523200000, "shortTermInvestments": 3230000000, "netReceivables": 15158200000, "inventory": 5443800000, "otherCurrentAssets": 1900400000, "totalCurrentAssets": 32300900000, "longTermInvestments": 2024900000, "propertyPlantEquipment": 13230300000, "intangibleAssets": 54700000, "otherAssets": 9537000000, "totalAssets": 57147800000, "accountsPayable": 7595300000, "otherCurrentLiab": 1912000000, "otherLiab": 1402000000, "totalCurrentLiabilities": 14559800000, "totalLiab": 15961800000, "commonStock": 554400000, "retainedEarnings": 40565600000, "treasuryStock": 66000000, "otherStockholderEquity": 66000000, "totalStockholderEquity": 41186000000, "netTangibleAssets": 41131300000}, {"maxAge": 1, "endDate": "2017-03-31", "cash": 1239500000, "shortTermInvestments": 133300000, "netReceivables": 9887200000, "inventory": 5697900000, "otherCurrentAssets": 3346600000, "totalCurrentAssets": 26881600000, "longTermInvestments": 1989000000, "propertyPlantEquipment": 16886800000, "intangibleAssets": 83700000, "otherAssets": 6302300000, "totalAssets": 52143400000, "accountsPayable": 6086700000, "otherCurrentLiab": 1826200000, "otherLiab": 1273200000, "totalCurrentLiabilities": 12159200000, "totalLiab": 13432400000, "commonStock": 554400000, "retainedEarnings": 38103500000, "treasuryStock": 53100000, "otherStockholderEquity": 53100000, "totalStockholderEquity": 38711000000, "netTangibleAssets": 38627300000}], "maxAge": 86400}, "earningsTrend": {"trend": [{"maxAge": 1, "period": "0q", "endDate": "2018-12-31", "growth": {}, "earningsEstimate": {"avg": 0.0, "low": 0.0, "high": 0.0, "yearAgoEps": 6.21, "numberOfAnalysts": 0, "growth": {}}, "revenueEstimate": {"avg": 14333800000, "low": 13843500000, "high": 14824000000, "numberOfAnalysts": 2, "yearAgoRevenue": 13184300000, "growth": 0.087}, "epsTrend": {"current": 0.0, "7daysAgo": 7.0, "30daysAgo": 7.0, "60daysAgo": 7.0, "90daysAgo": 7.0}, "epsRevisions": {"upLast7days": 0, "upLast30days": 0, "downLast30days": 0, "downLast90days": {}}}, {"maxAge": 1, "period": "+1q", "endDate": "2019-03-31", "growth": {}, "earningsEstimate": {"avg": 0.0, "low": 0.0, "high": 0.0, "yearAgoEps": 5.82, "numberOfAnalysts": 0, "growth": {}}, "revenueEstimate": {"avg": 13400500000, "low": 13034200000, "high": 13766800000, "numberOfAnalysts": 2, "yearAgoRevenue": 12057900000, "growth": 0.111}, "epsTrend": {"current": 0.0, "7daysAgo": 6.46, "30daysAgo": 6.46, "60daysAgo": 6.46, "90daysAgo": 6.46}, "epsRevisions": {"upLast7days": 0, "upLast30days": 0, "downLast30days": 0, "downLast90days": {}}}, {"maxAge": 1, "period": "0y", "endDate": "2019-03-31", "growth": {}, "earningsEstimate": {"avg": 0.0, "low": 0.0, "high": 0.0, "yearAgoEps": {}, "numberOfAnalysts": 0, "growth": {}}, "revenueEstimate": {"avg": 56239200000, "low": 53763000000, "high": 59352200000, "numberOfAnalysts": 20, "yearAgoRevenue": 49517800000, "growth": 0.136}, "epsTrend": {"current": 0.0, "7daysAgo": 27.9, "30daysAgo": 27.9, "60daysAgo": 27.9, "90daysAgo": 27.9}, "epsRevisions": {"upLast7days": 0, "upLast30days": 0, "downLast30days": 0, "downLast90days": {}}}, {"maxAge": 1, "period": "+1y", "endDate": "2020-03-31", "growth": {}, "earningsEstimate": {"avg": 0.0, "low": 0.0, "high": 0.0, "yearAgoEps": {}, "numberOfAnalysts": 0, "growth": {}}, "revenueEstimate": {"avg": 63082100000, "low": 59193000000, "high": 67661500000, "numberOfAnalysts": 20, "yearAgoRevenue": 56239200000, "growth": 0.122}, "epsTrend": {"current": 0.0, "7daysAgo": 31.54, "30daysAgo": 31.54, "60daysAgo": 31.54, "90daysAgo": 31.54}, "epsRevisions": {"upLast7days": 0, "upLast30days": 0, "downLast30days": 0, "downLast90days": {}}}, {"maxAge": 1, "period": "+5y", "endDate": null, "growth": 0.1558, "earningsEstimate": {"avg": {}, "low": {}, "high": {}, "yearAgoEps": {}, "numberOfAnalysts": {}, "growth": {}}, "revenueEstimate": {"avg": {}, "low": {}, "high": {}, "numberOfAnalysts": {}, "yearAgoRevenue": {}, "growth": {}}, "epsTrend": {"current": {}, "7daysAgo": {}, "30daysAgo": {}, "60daysAgo": {}, "90daysAgo": {}}, "epsRevisions": {"upLast7days": {}, "upLast30days": {}, "downLast30days": {}, "downLast90days": {}}}, {"maxAge": 1, "period": "-5y", "endDate": null, "growth": {}, "earningsEstimate": {"avg": {}, "low": {}, "high": {}, "yearAgoEps": {}, "numberOfAnalysts": {}, "growth": {}}, "revenueEstimate": {"avg": {}, "low": {}, "high": {}, "numberOfAnalysts": {}, "yearAgoRevenue": {}, "growth": {}}, "epsTrend": {"current": {}, "7daysAgo": {}, "30daysAgo": {}, "60daysAgo": {}, "90daysAgo": {}}, "epsRevisions": {"upLast7days": {}, "upLast30days": {}, "downLast30days": {}, "downLast90days": {}}}], "maxAge": 1}, "financialData": {"maxAge": 86400, "currentPrice": 837.6, "targetHighPrice": 1024.0, "targetLowPrice": 550.0, "targetMeanPrice": 809.52, "targetMedianPrice": 831.0, "recommendationKey": "none", "numberOfAnalystOpinions": 29, "grossProfits": 17776500000, "financialCurrency": "INR"}}}