{"CUPID.BO": {"recommendationTrend": {"trend": [{"period": "0m", "strongBuy": 0, "buy": 0, "hold": 0, "sell": 0, "strongSell": 0}, {"period": "-1m", "strongBuy": 0, "buy": 0, "hold": 0, "sell": 0, "strongSell": 0}, {"period": "-2m", "strongBuy": 0, "buy": 0, "hold": 0, "sell": 0, "strongSell": 0}, {"period": "-3m", "strongBuy": 0, "buy": 0, "hold": 0, "sell": 0, "strongSell": 0}], "maxAge": 86400}, "cashflowStatementHistory": {"cashflowStatements": [{"maxAge": 1, "endDate": "2020-03-31", "netIncome": 398406000, "depreciation": 24996000, "changeToNetincome": -26149000, "changeToAccountReceivables": -191061000, "changeToLiabilities": 154637000, "changeToInventory": -85656000, "changeToOperatingActivities": -87178000, "totalCashFromOperatingActivities": 187995000, "capitalExpenditures": -110548000, "investments": -277958000, "otherCashflowsFromInvestingActivities": 18092000, "totalCashflowsFromInvestingActivities": -370414000, "dividendsPaid": -120600000, "netBorrowings": 290050000, "otherCashflowsFromFinancingActivities": -5285000, "totalCashFromFinancingActivities": 164165000, "changeInCash": -18254000}, {"maxAge": 1, "endDate": "2019-03-31", "netIncome": 152091000, "depreciation": 19659000, "changeToNetincome": -66154000, "changeToAccountReceivables": -6504000, "changeToLiabilities": -16546000, "changeToInventory": -3537000, "changeToOperatingActivities": 49541000, "totalCashFromOperatingActivities": 129036000, "capitalExpenditures": -66254000, "investments": -206600000, "otherCashflowsFromInvestingActivities": 188566000, "totalCashflowsFromInvestingActivities": -84288000, "dividendsPaid": -41126000, "netBorrowings": 1504000, "otherCashflowsFromFinancingActivities": -9528000, "totalCashFromFinancingActivities": -49150000, "changeInCash": -4402000}, {"maxAge": 1, "endDate": "2018-03-31", "netIncome": 170902000, "depreciation": 21506000, "changeToNetincome": -24543000, "changeToAccountReceivables": -85709000, "changeToLiabilities": 27294000, "changeToInventory": -31196000, "changeToOperatingActivities": -44224000, "totalCashFromOperatingActivities": 34309000, "capitalExpenditures": -23304000, "investments": -135161000, "otherCashflowsFromInvestingActivities": 71225000, "totalCashflowsFromInvestingActivities": -87240000, "dividendsPaid": -44460000, "netBorrowings": 21421000, "otherCashflowsFromFinancingActivities": -9624000, "totalCashFromFinancingActivities": -32663000, "changeInCash": -85594000}, {"maxAge": 1, "endDate": "2017-03-31", "netIncome": 205486000, "depreciation": 20894000, "changeToNetincome": -3824000, "changeToAccountReceivables": -3169000, "changeToLiabilities": 8341000, "changeToInventory": -10199000, "changeToOperatingActivities": -17448000, "totalCashFromOperatingActivities": 200168000, "capitalExpenditures": -26062000, "investments": -49400000, "otherCashflowsFromInvestingActivities": 21614000, "totalCashflowsFromInvestingActivities": -53848000, "dividendsPaid": -22230000, "netBorrowings": -8827000, "otherCashflowsFromFinancingActivities": -5613000, "totalCashFromFinancingActivities": -36670000, "changeInCash": 109650000}], "maxAge": 86400}, "institutionOwnership": {"ownershipList": [], "maxAge": 1}, "balanceSheetHistoryQuarterly": {"balanceSheetStatements": [{"maxAge": 1, "endDate": "2020-06-30", "totalStockholderEquity": 1034627000, "netTangibleAssets": 1003063000}, {"maxAge": 1, "endDate": "2020-03-31", "cash": 368353000, "shortTermInvestments": 212187000, "netReceivables": 418912000, "inventory": 164796000, "otherCurrentAssets": 179912000, "totalCurrentAssets": 1344160000, "propertyPlantEquipment": 263075000, "intangibleAssets": 31564000, "otherAssets": 9137000, "totalAssets": 1647936000, "accountsPayable": 218343000, "otherCurrentLiab": 59197000, "otherLiab": 21090000, "totalCurrentLiabilities": 591190000, "totalLiab": 613309000, "commonStock": 133380000, "treasuryStock": 901247000, "otherStockholderEquity": 901247000, "totalStockholderEquity": 1034627000, "netTangibleAssets": 1003063000}, {"maxAge": 1, "endDate": "2019-12-31", "totalStockholderEquity": 951292000, "netTangibleAssets": 950563000}, {"maxAge": 1, "endDate": "2019-09-30", "cash": 252821000, "shortTermInvestments": 204441000, "netReceivables": 448766000, "inventory": 103089000, "otherCurrentAssets": 139094000, "totalCurrentAssets": 1148211000, "longTermInvestments": 3463000, "propertyPlantEquipment": 256138000, "intangibleAssets": 729000, "otherAssets": 3463000, "totalAssets": 1408541000, "accountsPayable": 92989000, "otherCurrentLiab": 218837000, "otherLiab": 22010000, "totalCurrentLiabilities": 435239000, "totalLiab": 457249000, "commonStock": 133380000, "treasuryStock": 817912000, "otherStockholderEquity": 817912000, "totalStockholderEquity": 951292000, "netTangibleAssets": 950563000}], "maxAge": 86400}, "earningsHistory": {"history": [{"maxAge": 1, "epsActual": {}, "epsEstimate": {}, "epsDifference": {}, "surprisePercent": {}, "quarter": {}, "period": "-4q"}, {"maxAge": 1, "epsActual": {}, "epsEstimate": {}, "epsDifference": {}, "surprisePercent": {}, "quarter": {}, "period": "-3q"}, {"maxAge": 1, "epsActual": {}, "epsEstimate": {}, "epsDifference": {}, "surprisePercent": {}, "quarter": {}, "period": "-2q"}, {"maxAge": 1, "epsActual": {}, "epsEstimate": {}, "epsDifference": {}, "surprisePercent": {}, "quarter": {}, "period": "-1q"}], "maxAge": 86400}, "indexTrend": {"maxAge": 1, "symbol": "SP5", "peRatio": 19.7411, "pegRatio": 1.34172, "estimates": [{"period": "0q", "growth": 0.549}, {"period": "+1q", "growth": 0.431}, {"period": "0y", "growth": 0.305}, {"period": "+1y", "growth": 0.109}, {"period": "+5y", "growth": 0.120865}, {"period": "-5y"}]}, "industryTrend": {"maxAge": 1, "symbol": null, "estimates": []}, "insiderTransactions": {"transactions": [{"maxAge": 1, "shares": 10090, "filerUrl": "", "transactionText": "", "filerName": "Garg (Om Prakash)", "filerRelation": "Chairman of the Board", "moneyText": "", "startDate": "2019-02-11", "ownership": "D"}, {"maxAge": 1, "shares": 24393, "filerUrl": "", "transactionText": "", "filerName": "Garg (Om Prakash)", "filerRelation": "Chairman of the Board", "moneyText": "", "startDate": "2019-02-11", "ownership": "D"}, {"maxAge": 1, "shares": 12400, "filerUrl": "", "transactionText": "", "filerName": "Garg (Om Prakash)", "filerRelation": "Chairman of the Board", "moneyText": "", "startDate": "2019-02-08", "ownership": "D"}, {"maxAge": 1, "shares": 14383, "filerUrl": "", "transactionText": "", "filerName": "Garg (Om Prakash)", "filerRelation": "Chairman of the Board", "moneyText": "", "startDate": "2019-02-08", "ownership": "D"}, {"maxAge": 1, "shares": 992300, "filerUrl": "", "transactionText": "", "filerName": "Garg (Veena)", "filerRelation": "Director", "moneyText": "", "startDate": "2018-10-13", "ownership": "D"}, {"maxAge": 1, "shares": 300, "filerUrl": "", "transactionText": "", "filerName": "Garg (Abha)", "filerRelation": "UNREPORTED", "moneyText": "", "startDate": "2018-10-13", "ownership": "D"}, {"maxAge": 1, "shares": 160, "filerUrl": "", "transactionText": "", "filerName": "Garg (Om Prakash)", "filerRelation": "Chairman of the Board", "moneyText": "", "startDate": "2018-10-13", "ownership": "D"}, {"maxAge": 1, "shares": 4600, "filerUrl": "", "transactionText": "", "filerName": "Garg (Suresh Chand) HUF", "filerRelation": "UNREPORTED", "moneyText": "", "startDate": "2018-10-13", "ownership": "D"}, {"maxAge": 1, "shares": 4184000, "filerUrl": "", "transactionText": "", "filerName": "Garg (Veena)", "filerRelation": "Director", "moneyText": "", "startDate": "2017-03-30", "ownership": "D"}, {"maxAge": 1, "shares": 400000, "filerUrl": "", "transactionText": "", "filerName": "Garg (Om Prakash)", "filerRelation": "Chairman of the Board", "moneyText": "", "startDate": "2017-03-30", "ownership": "D"}, {"maxAge": 1, "shares": 4184000, "filerUrl": "", "transactionText": "", "filerName": "Garg (Om Prakash)", "filerRelation": "Chairman of the Board", "moneyText": "", "startDate": "2017-03-30", "ownership": "D"}, {"maxAge": 1, "shares": 2990900, "filerUrl": "", "transactionText": "", "filerName": "Garg (Suresh Chand)", "filerRelation": "Promoter", "moneyText": "", "startDate": "2016-03-22", "ownership": "D"}, {"maxAge": 1, "shares": 1459500, "filerUrl": "", "transactionText": "", "filerName": "Garg (Om Prakash)", "filerRelation": "Managing Director", "moneyText": "", "startDate": "2016-03-22", "ownership": "D"}, {"maxAge": 1, "shares": 255249, "filerUrl": "", "transactionText": "", "filerName": "Garg (Suresh Chand)", "filerRelation": "Promoter", "moneyText": "", "startDate": "2015-12-10", "ownership": "D"}, {"maxAge": 1, "shares": 260249, "filerUrl": "", "transactionText": "", "filerName": "Garg (Suresh Chand) HUF", "filerRelation": "Promoter", "moneyText": "", "startDate": "2015-12-10", "ownership": "D"}, {"maxAge": 1, "shares": 500000, "filerUrl": "", "transactionText": "", "filerName": "Poddar (Saroj)", "filerRelation": "UNREPORTED", "moneyText": "", "startDate": "2015-01-20", "ownership": "D"}, {"maxAge": 1, "shares": 32048, "filerUrl": "", "transactionText": "", "filerName": "Poddar (Saroj)", "filerRelation": "UNREPORTED", "moneyText": "", "startDate": "2015-01-20", "ownership": "D"}, {"maxAge": 1, "shares": 20000, "filerUrl": "", "transactionText": "", "filerName": "Garg (Suresh Chand) HUF", "filerRelation": "Promoter", "moneyText": "", "startDate": "2014-10-17", "ownership": "D"}, {"maxAge": 1, "shares": 15000, "filerUrl": "", "transactionText": "", "filerName": "Garg (Suresh Chand) HUF", "filerRelation": "Promoter", "moneyText": "", "startDate": "2014-10-14", "ownership": "D"}, {"maxAge": 1, "shares": 153510, "filerUrl": "", "transactionText": "", "filerName": "Garg (Tanvi)", "filerRelation": "Promoter", "moneyText": "", "startDate": "2013-05-31", "ownership": "D"}, {"maxAge": 1, "shares": 257990, "filerUrl": "", "transactionText": "", "filerName": "Garg (Ankit)", "filerRelation": "Promoter", "moneyText": "", "startDate": "2013-05-31", "ownership": "D"}, {"maxAge": 1, "shares": 437700, "filerUrl": "", "transactionText": "", "filerName": "Garg (Abha)", "filerRelation": "Promoter", "moneyText": "", "startDate": "2013-05-31", "ownership": "D"}, {"maxAge": 1, "shares": 849200, "filerUrl": "", "transactionText": "", "filerName": "Garg (Suresh Chand)", "filerRelation": "Promoter", "moneyText": "", "startDate": "2013-05-31", "ownership": "D"}, {"maxAge": 1, "shares": 300000, "filerUrl": "", "transactionText": "", "filerName": "Garg (Veena)", "filerRelation": "Promoter", "moneyText": "", "startDate": "2013-01-11", "ownership": "D"}, {"maxAge": 1, "shares": 500000, "filerUrl": "", "transactionText": "", "filerName": "Goyal (Prakash Chand)", "filerRelation": "UNREPORTED", "moneyText": "", "startDate": "2013-01-07", "ownership": "D"}, {"maxAge": 1, "shares": 149000, "filerUrl": "", "transactionText": "", "filerName": "Garg (Abha)", "filerRelation": "Promoter", "moneyText": "", "startDate": "2012-10-25", "ownership": "D"}, {"maxAge": 1, "shares": 200000, "filerUrl": "", "transactionText": "", "filerName": "Garg (Suresh Chand)", "filerRelation": "Promoter", "moneyText": "", "startDate": "2012-10-25", "ownership": "D"}, {"maxAge": 1, "shares": 500000, "filerUrl": "", "transactionText": "", "filerName": "Garg (Suresh Chand)", "filerRelation": "Promoter", "moneyText": "", "startDate": "2012-08-07", "ownership": "D"}, {"maxAge": 1, "shares": 592400, "filerUrl": "", "transactionText": "", "filerName": "Garg (Om Prakash)", "filerRelation": "Managing Director", "moneyText": "", "startDate": "2010-04-08", "ownership": "D"}, {"maxAge": 1, "shares": 1000, "filerUrl": "", "transactionText": "", "filerName": "Garg (Abha)", "filerRelation": "Promoter", "moneyText": "", "startDate": "2009-08-20", "ownership": "D"}], "maxAge": 1}, "quoteType": {"exchange": "BSE", "quoteType": "EQUITY", "symbol": "CUPID.BO", "underlyingSymbol": "CUPID.BO", "shortName": "CUPID LTD.", "longName": "Cupid Limited", "firstTradeDateEpochUtc": "2000-01-03 09:15:00", "timeZoneFullName": "Asia/Kolkata", "timeZoneShortName": "IST", "uuid": "86d6259a-373d-3d44-a411-6d95198e80c2", "gmtOffSetMilliseconds": 19800000, "maxAge": 1}, "incomeStatementHistory": {"incomeStatementHistory": [{"maxAge": 1, "endDate": "2020-03-31", "totalRevenue": 1612505000, "costOfRevenue": 423705000, "grossProfit": 1188800000, "researchDevelopment": {}, "sellingGeneralAdministrative": 87408000, "nonRecurring": {}, "otherOperatingExpenses": 578020000, "totalOperatingExpenses": 1114129000, "operatingIncome": 498376000, "totalOtherIncomeExpenseNet": 28665000, "ebit": 498376000, "interestExpense": -5285000, "incomeBeforeTax": 527041000, "incomeTaxExpense": 128635000, "minorityInterest": {}, "netIncomeFromContinuingOps": 398406000, "discontinuedOperations": {}, "extraordinaryItems": {}, "effectOfAccountingCharges": {}, "otherItems": {}, "netIncome": 398406000, "netIncomeApplicableToCommonShares": 398406000}, {"maxAge": 1, "endDate": "2019-03-31", "totalRevenue": 854669000, "costOfRevenue": 346127000, "grossProfit": 508542000, "researchDevelopment": {}, "sellingGeneralAdministrative": 77524000, "nonRecurring": {}, "otherOperatingExpenses": 195343000, "totalOperatingExpenses": 639139000, "operatingIncome": 215530000, "totalOtherIncomeExpenseNet": -6396000, "ebit": 215530000, "interestExpense": -688000, "incomeBeforeTax": 209134000, "incomeTaxExpense": 57043000, "minorityInterest": {}, "netIncomeFromContinuingOps": 152091000, "discontinuedOperations": {}, "extraordinaryItems": {}, "effectOfAccountingCharges": {}, "otherItems": {}, "netIncome": 152091000, "netIncomeApplicableToCommonShares": 152091000}, {"maxAge": 1, "endDate": "2018-03-31", "totalRevenue": 805988000, "costOfRevenue": 315586000, "grossProfit": 490402000, "researchDevelopment": {}, "sellingGeneralAdministrative": 79572000, "nonRecurring": {}, "otherOperatingExpenses": 139383000, "totalOperatingExpenses": 556326000, "operatingIncome": 249662000, "totalOtherIncomeExpenseNet": 11261000, "ebit": 249662000, "interestExpense": -256000, "incomeBeforeTax": 260923000, "incomeTaxExpense": 90021000, "minorityInterest": {}, "netIncomeFromContinuingOps": 170902000, "discontinuedOperations": {}, "extraordinaryItems": {}, "effectOfAccountingCharges": {}, "otherItems": {}, "netIncome": 170902000, "netIncomeApplicableToCommonShares": 170902000}, {"maxAge": 1, "endDate": "2017-03-31", "totalRevenue": 836409000, "costOfRevenue": 322726000, "grossProfit": 513683000, "researchDevelopment": {}, "sellingGeneralAdministrative": 59597000, "nonRecurring": {}, "otherOperatingExpenses": 115359000, "totalOperatingExpenses": 518663000, "operatingIncome": 317746000, "totalOtherIncomeExpenseNet": 6428000, "ebit": 317746000, "interestExpense": -594000, "incomeBeforeTax": 324174000, "incomeTaxExpense": 118688000, "minorityInterest": {}, "netIncomeFromContinuingOps": 205486000, "discontinuedOperations": {}, "extraordinaryItems": {}, "effectOfAccountingCharges": {}, "otherItems": {}, "netIncome": 205486000, "netIncomeApplicableToCommonShares": 205486000}], "maxAge": 86400}, "fundOwnership": {"ownershipList": [], "maxAge": 1}, "summaryDetail": {"maxAge": 1, "priceHint": 2, "previousClose": 221.15, "open": 224.05, "dayLow": 217.9, "dayHigh": 224.1, "regularMarketPreviousClose": 221.15, "regularMarketOpen": 224.05, "regularMarketDayLow": 217.9, "regularMarketDayHigh": 224.1, "trailingPE": 7.775807, "forwardPE": 10.148148, "volume": 5878, "regularMarketVolume": 5878, "averageVolume": 18156, "averageVolume10days": 5568, "averageDailyVolume10Day": 5568, "bid": 219.2, "ask": 0.0, "bidSize": 0, "askSize": 0, "marketCap": 2923689472, "fiftyTwoWeekLow": 115.0, "fiftyTwoWeekHigh": 295.0, "fiftyDayAverage": 235.09697, "twoHundredDayAverage": 226.56287, "trailingAnnualDividendRate": 4.5, "trailingAnnualDividendYield": 0.02034818, "currency": "INR", "fromCurrency": null, "lastMarket": null, "algorithm": null, "tradeable": false}, "sectorTrend": {"maxAge": 1, "symbol": null, "estimates": []}, "incomeStatementHistoryQuarterly": {"incomeStatementHistory": [{"maxAge": 1, "endDate": "2020-06-30", "totalRevenue": 279353000, "costOfRevenue": 85241000, "grossProfit": 194112000, "researchDevelopment": {}, "sellingGeneralAdministrative": 24423000, "nonRecurring": {}, "otherOperatingExpenses": 88211000, "totalOperatingExpenses": 204288000, "operatingIncome": 75065000, "totalOtherIncomeExpenseNet": 3358000, "ebit": 75065000, "interestExpense": -2101000, "incomeBeforeTax": 78423000, "incomeTaxExpense": 19210000, "minorityInterest": {}, "netIncomeFromContinuingOps": 59213000, "discontinuedOperations": {}, "extraordinaryItems": {}, "effectOfAccountingCharges": {}, "otherItems": {}, "netIncome": 59213000, "netIncomeApplicableToCommonShares": 59213000}, {"maxAge": 1, "endDate": "2020-03-31", "totalRevenue": 412806000, "costOfRevenue": 81405000, "grossProfit": 331401000, "researchDevelopment": {}, "sellingGeneralAdministrative": 21982000, "nonRecurring": {}, "otherOperatingExpenses": 175788000, "totalOperatingExpenses": 285672000, "operatingIncome": 127134000, "totalOtherIncomeExpenseNet": 12066000, "ebit": 127134000, "interestExpense": -2098000, "incomeBeforeTax": 139200000, "incomeTaxExpense": 34859000, "minorityInterest": {}, "netIncomeFromContinuingOps": 104341000, "discontinuedOperations": {}, "extraordinaryItems": {}, "effectOfAccountingCharges": {}, "otherItems": {}, "netIncome": 104341000, "netIncomeApplicableToCommonShares": 104341000}, {"maxAge": 1, "endDate": "2019-12-31", "totalRevenue": 429553000, "costOfRevenue": 159932000, "grossProfit": 269621000, "researchDevelopment": {}, "sellingGeneralAdministrative": 21792000, "nonRecurring": {}, "otherOperatingExpenses": 114603000, "totalOperatingExpenses": 302754000, "operatingIncome": 126799000, "totalOtherIncomeExpenseNet": 4420000, "ebit": 126799000, "interestExpense": -1751000, "incomeBeforeTax": 131219000, "incomeTaxExpense": 29094000, "minorityInterest": {}, "netIncomeFromContinuingOps": 102125000, "discontinuedOperations": {}, "extraordinaryItems": {}, "effectOfAccountingCharges": {}, "otherItems": {}, "netIncome": 102125000, "netIncomeApplicableToCommonShares": 102125000}, {"maxAge": 1, "endDate": "2019-09-30", "totalRevenue": 421069000, "costOfRevenue": 94777000, "grossProfit": 326292000, "researchDevelopment": {}, "sellingGeneralAdministrative": 24548000, "nonRecurring": {}, "otherOperatingExpenses": 160097000, "totalOperatingExpenses": 286525000, "operatingIncome": 134544000, "totalOtherIncomeExpenseNet": 7379000, "ebit": 134544000, "interestExpense": -977000, "incomeBeforeTax": 141923000, "incomeTaxExpense": 31593000, "minorityInterest": {}, "netIncomeFromContinuingOps": 110330000, "discontinuedOperations": {}, "extraordinaryItems": {}, "effectOfAccountingCharges": {}, "otherItems": {}, "netIncome": 110330000, "netIncomeApplicableToCommonShares": 110330000}], "maxAge": 86400}, "cashflowStatementHistoryQuarterly": {"cashflowStatements": [{"maxAge": 1, "endDate": "2020-06-30", "netIncome": 59213000, "changeToLiabilities": 0}, {"maxAge": 1, "endDate": "2020-03-31", "netIncome": 104341000, "changeToLiabilities": 0}, {"maxAge": 1, "endDate": "2019-12-31", "netIncome": 102125000, "changeToLiabilities": 0}, {"maxAge": 1, "endDate": "2019-09-30", "netIncome": 110330000, "changeToLiabilities": 0}], "maxAge": 86400}, "insiderHolders": {"holders": [{"maxAge": 1, "name": "Garg (Abha)", "relation": "UNREPORTED", "url": "", "transactionDescription": "Other", "latestTransDate": "2018-10-13", "positionDirect": 1800, "positionDirectDate": "2018-10-13"}, {"maxAge": 1, "name": "Garg (Ankit)", "relation": "Promoter", "url": "", "transactionDescription": "Sale", "latestTransDate": "2013-05-31", "positionDirect": 0, "positionDirectDate": "2013-05-31"}, {"maxAge": 1, "name": "Garg (Om Prakash)", "relation": "Chairman of the Board", "url": "", "transactionDescription": "Acquisition", "latestTransDate": "2019-02-11", "positionDirect": 17246, "positionDirectDate": "2019-02-11"}, {"maxAge": 1, "name": "Garg (Suresh Chand)", "relation": "Promoter", "url": "", "transactionDescription": "Other", "latestTransDate": "2016-03-22", "positionDirect": 0, "positionDirectDate": "2016-03-22"}, {"maxAge": 1, "name": "Garg (Suresh Chand) HUF", "relation": "UNREPORTED", "url": "", "transactionDescription": "Other", "latestTransDate": "2018-10-13", "positionDirect": 27600, "positionDirectDate": "2018-10-13"}, {"maxAge": 1, "name": "Garg (Tanvi)", "relation": "Promoter", "url": "", "transactionDescription": "Sale", "latestTransDate": "2013-05-31", "positionDirect": 0, "positionDirectDate": "2013-05-31"}, {"maxAge": 1, "name": "Garg (Veena)", "relation": "Director", "url": "", "transactionDescription": "Other", "latestTransDate": "2018-10-13", "positionDirect": 5953800, "positionDirectDate": "2018-10-13"}, {"maxAge": 1, "name": "Goyal (Prakash Chand)", "relation": "UNREPORTED", "url": "", "transactionDescription": "Acquisition", "latestTransDate": "2013-01-07", "positionDirect": 500000, "positionDirectDate": "2013-01-07"}, {"maxAge": 1, "name": "Poddar (Saroj)", "relation": "UNREPORTED", "url": "", "transactionDescription": "Gift", "latestTransDate": "2015-01-20", "positionDirect": 117952, "positionDirectDate": "2015-01-20"}], "maxAge": 1}, "earnings": {"maxAge": 86400, "earningsChart": {"quarterly": [], "earningsDate": ["2020-08-26 05:30:S"]}, "financialsChart": {"yearly": [{"date": 2017, "revenue": 836409000, "earnings": 205486000}, {"date": 2018, "revenue": 805988000, "earnings": 170902000}, {"date": 2019, "revenue": 854669000, "earnings": 152091000}, {"date": 2020, "revenue": 1612505000, "earnings": 398406000}], "quarterly": [{"date": "3Q2019", "revenue": 421069000, "earnings": 110330000}, {"date": "4Q2019", "revenue": 429553000, "earnings": 102125000}, {"date": "1Q2020", "revenue": 412806000, "earnings": 104341000}, {"date": "2Q2020", "revenue": 279353000, "earnings": 59213000}]}, "financialCurrency": "INR"}, "calendarEvents": {"maxAge": 1, "earnings": {"earningsDate": ["2020-08-26 05:30:S"]}}, "upgradeDowngradeHistory": {"history": [], "maxAge": 86400}, "price": {"maxAge": 1, "regularMarketChangePercent": -0.008817531, "regularMarketChange": -1.949997, "regularMarketTime": "2021-04-30 15:58:57", "priceHint": 2, "regularMarketPrice": 219.2, "regularMarketDayHigh": 224.1, "regularMarketDayLow": 217.9, "regularMarketVolume": 5878, "averageDailyVolume10Day": 5568, "averageDailyVolume3Month": 18156, "regularMarketPreviousClose": 221.15, "regularMarketSource": "FREE_REALTIME", "regularMarketOpen": 224.05, "exchange": "BSE", "exchangeName": "BSE", "exchangeDataDelayedBy": 0, "marketState": "CLOSED", "quoteType": "EQUITY", "symbol": "CUPID.BO", "underlyingSymbol": null, "shortName": "CUPID LTD.", "longName": "Cupid Limited", "currency": "INR", "quoteSourceName": "Delayed Quote", "currencySymbol": "\u20b9", "fromCurrency": null, "lastMarket": null, "marketCap": 2923689472}, "balanceSheetHistory": {"balanceSheetStatements": [{"maxAge": 1, "endDate": "2020-03-31", "cash": 368353000, "shortTermInvestments": 212187000, "netReceivables": 418912000, "inventory": 164796000, "otherCurrentAssets": 179912000, "totalCurrentAssets": 1344160000, "propertyPlantEquipment": 263075000, "intangibleAssets": 31564000, "otherAssets": 9137000, "totalAssets": 1647936000, "accountsPayable": 218343000, "otherCurrentLiab": 59197000, "otherLiab": 21090000, "totalCurrentLiabilities": 591190000, "totalLiab": 613309000, "commonStock": 133380000, "treasuryStock": 901247000, "otherStockholderEquity": 901247000, "totalStockholderEquity": 1034627000, "netTangibleAssets": 1003063000}, {"maxAge": 1, "endDate": "2019-03-31", "cash": 27724000, "shortTermInvestments": 93953000, "netReceivables": 227851000, "inventory": 79140000, "otherCurrentAssets": 286339000, "totalCurrentAssets": 716897000, "propertyPlantEquipment": 208465000, "intangibleAssets": 622000, "otherAssets": 3463000, "totalAssets": 929447000, "accountsPayable": 63706000, "otherCurrentLiab": 54635000, "otherLiab": 20899000, "totalCurrentLiabilities": 149196000, "totalLiab": 170095000, "commonStock": 133380000, "retainedEarnings": 615584000, "treasuryStock": 2342000, "capitalSurplus": 8046000, "otherStockholderEquity": 2342000, "totalStockholderEquity": 759352000, "netTangibleAssets": 758730000}, {"maxAge": 1, "endDate": "2018-03-31", "cash": 32126000, "shortTermInvestments": 14610000, "netReceivables": 221372000, "inventory": 75603000, "otherCurrentAssets": 269560000, "totalCurrentAssets": 614206000, "propertyPlantEquipment": 162009000, "intangibleAssets": 968000, "otherAssets": 5717000, "totalAssets": 782900000, "accountsPayable": 47160000, "otherCurrentLiab": 26803000, "otherLiab": 23232000, "totalCurrentLiabilities": 103170000, "totalLiab": 126402000, "commonStock": 111150000, "retainedEarnings": 513074000, "treasuryStock": 1998000, "capitalSurplus": 30276000, "otherStockholderEquity": 1998000, "totalStockholderEquity": 656498000, "netTangibleAssets": 655530000}, {"maxAge": 1, "endDate": "2017-03-31", "cash": 117720000, "shortTermInvestments": 40000000, "netReceivables": 136284000, "inventory": 44407000, "otherCurrentAssets": 113827000, "totalCurrentAssets": 453273000, "longTermInvestments": 10000000, "propertyPlantEquipment": 160212000, "intangibleAssets": 385000, "otherAssets": 7309000, "totalAssets": 631179000, "accountsPayable": 26663000, "otherCurrentLiab": 38238000, "otherLiab": 21528000, "totalCurrentLiabilities": 69635000, "totalLiab": 91163000, "commonStock": 111150000, "retainedEarnings": 395684000, "treasuryStock": 2906000, "capitalSurplus": 30276000, "otherStockholderEquity": 2906000, "totalStockholderEquity": 540016000, "netTangibleAssets": 539631000}], "maxAge": 86400}, "earningsTrend": {"trend": [{"maxAge": 1, "period": "0q", "endDate": null, "growth": {}, "earningsEstimate": {"avg": 0.0, "low": 0.0, "high": 0.0, "yearAgoEps": {}, "numberOfAnalysts": 0, "growth": {}}, "revenueEstimate": {"avg": 0, "low": 0, "high": 0, "numberOfAnalysts": 0, "yearAgoRevenue": {}, "growth": {}}, "epsTrend": {"current": 0.0, "7daysAgo": 0.0, "30daysAgo": 0.0, "60daysAgo": 0.0, "90daysAgo": 0.0}, "epsRevisions": {"upLast7days": 0, "upLast30days": 0, "downLast30days": 0, "downLast90days": {}}}, {"maxAge": 1, "period": "+1q", "endDate": null, "growth": {}, "earningsEstimate": {"avg": 0.0, "low": 0.0, "high": 0.0, "yearAgoEps": {}, "numberOfAnalysts": 0, "growth": {}}, "revenueEstimate": {"avg": 0, "low": 0, "high": 0, "numberOfAnalysts": 0, "yearAgoRevenue": {}, "growth": {}}, "epsTrend": {"current": 0.0, "7daysAgo": 0.0, "30daysAgo": 0.0, "60daysAgo": 0.0, "90daysAgo": 0.0}, "epsRevisions": {"upLast7days": 0, "upLast30days": 0, "downLast30days": 0, "downLast90days": {}}}, {"maxAge": 1, "period": "0y", "endDate": null, "growth": {}, "earningsEstimate": {"avg": 0.0, "low": 0.0, "high": 0.0, "yearAgoEps": {}, "numberOfAnalysts": 0, "growth": {}}, "revenueEstimate": {"avg": 0, "low": 0, "high": 0, "numberOfAnalysts": 0, "yearAgoRevenue": {}, "growth": {}}, "epsTrend": {"current": 0.0, "7daysAgo": 0.0, "30daysAgo": 0.0, "60daysAgo": 0.0, "90daysAgo": 0.0}, "epsRevisions": {"upLast7days": 0, "upLast30days": 0, "downLast30days": 0, "downLast90days": {}}}, {"maxAge": 1, "period": "+1y", "endDate": null, "growth": {}, "earningsEstimate": {"avg": 0.0, "low": 0.0, "high": 0.0, "yearAgoEps": {}, "numberOfAnalysts": 0, "growth": {}}, "revenueEstimate": {"avg": 0, "low": 0, "high": 0, "numberOfAnalysts": 0, "yearAgoRevenue": {}, "growth": {}}, "epsTrend": {"current": 0.0, "7daysAgo": 0.0, "30daysAgo": 0.0, "60daysAgo": 0.0, "90daysAgo": 0.0}, "epsRevisions": {"upLast7days": 0, "upLast30days": 0, "downLast30days": 0, "downLast90days": {}}}, {"maxAge": 1, "period": "+5y", "endDate": null, "growth": {}, "earningsEstimate": {"avg": {}, "low": {}, "high": {}, "yearAgoEps": {}, "numberOfAnalysts": {}, "growth": {}}, "revenueEstimate": {"avg": {}, "low": {}, "high": {}, "numberOfAnalysts": {}, "yearAgoRevenue": {}, "growth": {}}, "epsTrend": {"current": {}, "7daysAgo": {}, "30daysAgo": {}, "60daysAgo": {}, "90daysAgo": {}}, "epsRevisions": {"upLast7days": {}, "upLast30days": {}, "downLast30days": {}, "downLast90days": {}}}, {"maxAge": 1, "period": "-5y", "endDate": null, "growth": {}, "earningsEstimate": {"avg": {}, "low": {}, "high": {}, "yearAgoEps": {}, "numberOfAnalysts": {}, "growth": {}}, "revenueEstimate": {"avg": {}, "low": {}, "high": {}, "numberOfAnalysts": {}, "yearAgoRevenue": {}, "growth": {}}, "epsTrend": {"current": {}, "7daysAgo": {}, "30daysAgo": {}, "60daysAgo": {}, "90daysAgo": {}}, "epsRevisions": {"upLast7days": {}, "upLast30days": {}, "downLast30days": {}, "downLast90days": {}}}], "maxAge": 1}, "financialData": {"maxAge": 86400, "currentPrice": 219.2, "targetHighPrice": 390.0, "targetLowPrice": 390.0, "targetMeanPrice": 390.0, "targetMedianPrice": 390.0, "recommendationKey": "none", "numberOfAnalystOpinions": 1, "grossProfits": 1188800000, "financialCurrency": "INR"}}}