{"CYBERMAT.BO": {"cashflowStatementHistory": {"cashflowStatements": [{"maxAge": 1, "endDate": "2019-03-31", "netIncome": 62066110, "depreciation": 1493447, "changeToNetincome": 24514434, "changeToAccountReceivables": -118762370, "changeToLiabilities": 1692225, "changeToOperatingActivities": 7752137, "totalCashFromOperatingActivities": -21244017, "capitalExpenditures": -1346431, "investments": -682603036, "otherCashflowsFromInvestingActivities": 33697805, "totalCashflowsFromInvestingActivities": -634507520, "otherCashflowsFromFinancingActivities": -5947245, "totalCashFromFinancingActivities": 649326822, "changeInCash": -6424715, "issuanceOfStock": 655274067}, {"maxAge": 1, "endDate": "2018-03-31", "netIncome": 38096741, "depreciation": 974085, "changeToNetincome": -6193820, "changeToAccountReceivables": 84445409, "changeToLiabilities": -80194155, "changeToOperatingActivities": -68542582, "totalCashFromOperatingActivities": -24670078, "capitalExpenditures": -748074, "investments": 100000, "otherCashflowsFromInvestingActivities": 591, "totalCashflowsFromInvestingActivities": -647483, "netBorrowings": -545413, "otherCashflowsFromFinancingActivities": 3630000, "totalCashFromFinancingActivities": 38724587, "changeInCash": 13407027, "issuanceOfStock": 35640000}, {"maxAge": 1, "endDate": "2017-03-31", "netIncome": 23220934, "depreciation": 4081048, "changeToNetincome": -5025858, "changeToAccountReceivables": -166762457, "changeToLiabilities": 78102205, "changeToOperatingActivities": 27099894, "totalCashFromOperatingActivities": -22353498, "capitalExpenditures": -663750, "investments": 100000, "otherCashflowsFromInvestingActivities": 942, "totalCashflowsFromInvestingActivities": -662808, "netBorrowings": 22770570, "otherCashflowsFromFinancingActivities": 3630000, "totalCashFromFinancingActivities": 22770570, "changeInCash": -245735, "issuanceOfStock": 35640000}, {"maxAge": 1, "endDate": "2016-03-31", "netIncome": -672080963, "depreciation": 1218948, "changeToNetincome": 721811882, "changeToAccountReceivables": -112937486, "changeToLiabilities": 803386, "changeToOperatingActivities": 35473565, "totalCashFromOperatingActivities": 15467203, "capitalExpenditures": -16000, "investments": 100000, "otherCashflowsFromInvestingActivities": 1269, "totalCashflowsFromInvestingActivities": -14731, "netBorrowings": 41042, "otherCashflowsFromFinancingActivities": -14180959, "totalCashFromFinancingActivities": -14139917, "changeInCash": 1312556, "issuanceOfStock": 35640000}], "maxAge": 86400}, "institutionOwnership": {"maxAge": 1, "ownershipList": []}, "balanceSheetHistoryQuarterly": {"balanceSheetStatements": [{"maxAge": 1, "endDate": "2019-12-31", "totalStockholderEquity": 990599000, "netTangibleAssets": 990458000}, {"maxAge": 1, "endDate": "2019-09-30", "cash": 400000, "shortTermInvestments": 33000, "netReceivables": 469209000, "otherCurrentAssets": 24403000, "totalCurrentAssets": 494045000, "longTermInvestments": 682500000, "propertyPlantEquipment": 3360000, "intangibleAssets": 141000, "otherAssets": 9772000, "deferredLongTermAssetCharges": 2578000, "totalAssets": 1189818000, "accountsPayable": 40814000, "otherCurrentLiab": 100587000, "otherLiab": 33694000, "totalCurrentLiabilities": 165525000, "totalLiab": 199219000, "commonStock": 197916000, "treasuryStock": 792683000, "otherStockholderEquity": 792683000, "totalStockholderEquity": 990599000, "netTangibleAssets": 990458000}, {"maxAge": 1, "endDate": "2019-06-30", "totalStockholderEquity": 963404000, "netTangibleAssets": 963269000}, {"maxAge": 1, "endDate": "2019-03-31", "cash": 8310456, "shortTermInvestments": 32554, "netReceivables": 433295008, "otherCurrentAssets": 30060675, "totalCurrentAssets": 471698693, "longTermInvestments": 682500000, "propertyPlantEquipment": 3618476, "intangibleAssets": 135212, "otherAssets": 2100442, "deferredLongTermAssetCharges": 2100442, "totalAssets": 1160052823, "accountsPayable": 26938528, "otherCurrentLiab": 51642260, "otherLiab": 33697805, "totalCurrentLiabilities": 162950719, "totalLiab": 196648524, "commonStock": 197916482, "retainedEarnings": 117374881, "treasuryStock": 618485494, "capitalSurplus": 29627442, "otherStockholderEquity": 618485494, "totalStockholderEquity": 963404299, "netTangibleAssets": 963269087}], "maxAge": 86400}, "indexTrend": {"maxAge": 1, "symbol": "SP5", "peRatio": 19.7411, "pegRatio": 1.34172, "estimates": [{"period": "0q", "growth": 0.549}, {"period": "+1q", "growth": 0.431}, {"period": "0y", "growth": 0.305}, {"period": "+1y", "growth": 0.109}, {"period": "+5y", "growth": 0.120859005}, {"period": "-5y"}]}, "quoteType": {"exchange": "BSE", "quoteType": "EQUITY", "symbol": "CYBERMAT.BO", "underlyingSymbol": "CYBERMAT.BO", "shortName": "CYBERMATE INFOTEK LTD.", "longName": "Cybermate Infotek Limited", "firstTradeDateEpochUtc": "2002-01-28 09:15:00", "timeZoneFullName": "Asia/Kolkata", "timeZoneShortName": "IST", "uuid": "4b131651-2f76-3b75-b318-9aa707fb7d49", "messageBoardId": null, "gmtOffSetMilliseconds": 19800000, "maxAge": 1}, "incomeStatementHistory": {"incomeStatementHistory": [{"maxAge": 1, "endDate": "2019-03-31", "totalRevenue": 604447546, "costOfRevenue": 489548023, "grossProfit": 114899523, "researchDevelopment": {}, "sellingGeneralAdministrative": 1811337, "nonRecurring": {}, "otherOperatingExpenses": 61878031, "totalOperatingExpenses": 554730838, "operatingIncome": 49716708, "totalOtherIncomeExpenseNet": 24316592, "ebit": 49716708, "interestExpense": -12554299, "incomeBeforeTax": 74033300, "incomeTaxExpense": 11967190, "minorityInterest": {}, "netIncomeFromContinuingOps": 62066110, "discontinuedOperations": {}, "extraordinaryItems": {}, "effectOfAccountingCharges": {}, "otherItems": {}, "netIncome": 62066110, "netIncomeApplicableToCommonShares": 62066110}, {"maxAge": 1, "endDate": "2018-03-31", "totalRevenue": 1046738186, "costOfRevenue": 584276324, "grossProfit": 462461862, "researchDevelopment": {}, "sellingGeneralAdministrative": 2057384, "nonRecurring": {}, "otherOperatingExpenses": 421615633, "totalOperatingExpenses": 1015667670, "operatingIncome": 31070516, "totalOtherIncomeExpenseNet": 6639, "ebit": 31070516, "interestExpense": -100000, "incomeBeforeTax": 31077155, "incomeTaxExpense": -7019586, "minorityInterest": {}, "netIncomeFromContinuingOps": 38096741, "discontinuedOperations": {}, "extraordinaryItems": {}, "effectOfAccountingCharges": {}, "otherItems": {}, "netIncome": 38096741, "netIncomeApplicableToCommonShares": 38096740}, {"maxAge": 1, "endDate": "2017-03-31", "totalRevenue": 534878031, "costOfRevenue": 374892207, "grossProfit": 159985824, "researchDevelopment": {}, "sellingGeneralAdministrative": 115081502, "nonRecurring": {}, "otherOperatingExpenses": 421615633, "totalOperatingExpenses": 510985493, "operatingIncome": 23892538, "totalOtherIncomeExpenseNet": 1573, "ebit": 23892538, "interestExpense": -100000, "incomeBeforeTax": 23894111, "incomeTaxExpense": 673177, "minorityInterest": {}, "netIncomeFromContinuingOps": 23220934, "discontinuedOperations": {}, "extraordinaryItems": {}, "effectOfAccountingCharges": {}, "otherItems": {}, "netIncome": 23220934, "netIncomeApplicableToCommonShares": 23220934}, {"maxAge": 1, "endDate": "2016-03-31", "totalRevenue": 134961873, "costOfRevenue": 31337029, "grossProfit": 103624844, "researchDevelopment": {}, "sellingGeneralAdministrative": 17770740, "nonRecurring": {}, "otherOperatingExpenses": 421615633, "totalOperatingExpenses": 210681903, "operatingIncome": -75720030, "totalOtherIncomeExpenseNet": -597042693, "ebit": -75720030, "interestExpense": -100000, "incomeBeforeTax": -672762723, "incomeTaxExpense": -681760, "minorityInterest": {}, "netIncomeFromContinuingOps": -672080963, "discontinuedOperations": {}, "extraordinaryItems": {}, "effectOfAccountingCharges": {}, "otherItems": {}, "netIncome": -672080963, "netIncomeApplicableToCommonShares": -672080963}], "maxAge": 86400}, "fundOwnership": {"maxAge": 1, "ownershipList": []}, "summaryDetail": {"maxAge": 1, "priceHint": 4, "previousClose": 1.95, "open": 1.95, "dayLow": 1.86, "dayHigh": 1.98, "regularMarketPreviousClose": 1.95, "regularMarketOpen": 1.95, "regularMarketDayLow": 1.86, "regularMarketDayHigh": 1.98, "trailingPE": 4.0522876, "volume": 380007, "regularMarketVolume": 380007, "averageVolume": 81706, "averageVolume10days": 77394, "averageDailyVolume10Day": 77394, "bid": 0.0, "ask": 1.86, "bidSize": 0, "askSize": 0, "marketCap": 184062256, "fiftyTwoWeekLow": 0.74, "fiftyTwoWeekHigh": 2.14, "fiftyDayAverage": 1.6857142, "twoHundredDayAverage": 1.1832846, "currency": "INR", "fromCurrency": null, "toCurrency": null, "lastMarket": null, "algorithm": null, "tradeable": false}, "incomeStatementHistoryQuarterly": {"incomeStatementHistory": [{"maxAge": 1, "endDate": "2019-12-31", "totalRevenue": 230608000, "costOfRevenue": 209457000, "grossProfit": 21151000, "researchDevelopment": {}, "sellingGeneralAdministrative": {}, "nonRecurring": {}, "otherOperatingExpenses": 9065000, "totalOperatingExpenses": 219619000, "operatingIncome": 10989000, "totalOtherIncomeExpenseNet": -1549000, "ebit": 10989000, "interestExpense": -1800000, "incomeBeforeTax": 9440000, "incomeTaxExpense": 4045000, "minorityInterest": {}, "netIncomeFromContinuingOps": 5395000, "discontinuedOperations": {}, "extraordinaryItems": {}, "effectOfAccountingCharges": {}, "otherItems": {}, "netIncome": 5395000, "netIncomeApplicableToCommonShares": 5395000}, {"maxAge": 1, "endDate": "2019-09-30", "totalRevenue": 176429000, "costOfRevenue": 153518000, "grossProfit": 22911000, "researchDevelopment": {}, "sellingGeneralAdministrative": {}, "nonRecurring": {}, "otherOperatingExpenses": 10558000, "totalOperatingExpenses": 164239000, "operatingIncome": 12190000, "totalOtherIncomeExpenseNet": -846000, "ebit": 12190000, "interestExpense": -1731000, "incomeBeforeTax": 11344000, "incomeTaxExpense": 2810000, "minorityInterest": {}, "netIncomeFromContinuingOps": 8534000, "discontinuedOperations": {}, "extraordinaryItems": {}, "effectOfAccountingCharges": {}, "otherItems": {}, "netIncome": 8534000, "netIncomeApplicableToCommonShares": 8534000}, {"maxAge": 1, "endDate": "2019-06-30", "totalRevenue": 161745000, "costOfRevenue": 130060000, "grossProfit": 31685000, "researchDevelopment": {}, "sellingGeneralAdministrative": {}, "nonRecurring": {}, "otherOperatingExpenses": 13857000, "totalOperatingExpenses": 144042000, "operatingIncome": 17703000, "totalOtherIncomeExpenseNet": -1149000, "ebit": 17703000, "interestExpense": -1731000, "incomeBeforeTax": 16554000, "incomeTaxExpense": 16000, "minorityInterest": {}, "netIncomeFromContinuingOps": 16538000, "discontinuedOperations": {}, "extraordinaryItems": {}, "effectOfAccountingCharges": {}, "otherItems": {}, "netIncome": 16538000, "netIncomeApplicableToCommonShares": 16538000}, {"maxAge": 1, "endDate": "2019-03-31", "totalRevenue": 232450546, "costOfRevenue": 186738023, "grossProfit": 45712523, "researchDevelopment": {}, "sellingGeneralAdministrative": 1811337, "nonRecurring": {}, "otherOperatingExpenses": 26671031, "totalOperatingExpenses": 215653838, "operatingIncome": 16796708, "totalOtherIncomeExpenseNet": 11421592, "ebit": 16796708, "interestExpense": -1713299, "incomeBeforeTax": 28218300, "incomeTaxExpense": 12802190, "minorityInterest": {}, "netIncomeFromContinuingOps": 15416110, "discontinuedOperations": {}, "extraordinaryItems": {}, "effectOfAccountingCharges": {}, "otherItems": {}, "netIncome": 15416110, "netIncomeApplicableToCommonShares": 15416110}], "maxAge": 86400}, "cashflowStatementHistoryQuarterly": {"cashflowStatements": [{"maxAge": 1, "endDate": "2019-12-31", "netIncome": 5395000, "changeToLiabilities": 0}, {"maxAge": 1, "endDate": "2019-09-30", "netIncome": 8534000, "changeToLiabilities": 0}, {"maxAge": 1, "endDate": "2019-06-30", "netIncome": 16538000, "changeToLiabilities": 0}, {"maxAge": 1, "endDate": "2019-03-31", "netIncome": 15416110, "changeToLiabilities": 0}], "maxAge": 86400}, "insiderHolders": {"holders": [], "maxAge": 1}, "calendarEvents": {"maxAge": 1, "earnings": {"earningsDate": []}}, "price": {"maxAge": 1, "regularMarketChangePercent": -0.04615386, "regularMarketChange": -0.09000003, "regularMarketTime": "2021-04-30 14:58:56", "priceHint": 4, "regularMarketPrice": 1.86, "regularMarketDayHigh": 1.98, "regularMarketDayLow": 1.86, "regularMarketVolume": 380007, "averageDailyVolume10Day": 77394, "averageDailyVolume3Month": 81706, "regularMarketPreviousClose": 1.95, "regularMarketSource": "FREE_REALTIME", "regularMarketOpen": 1.95, "exchange": "BSE", "exchangeName": "BSE", "exchangeDataDelayedBy": 0, "marketState": "CLOSED", "quoteType": "EQUITY", "symbol": "CYBERMAT.BO", "underlyingSymbol": null, "shortName": "CYBERMATE INFOTEK LTD.", "longName": "Cybermate Infotek Limited", "currency": "INR", "quoteSourceName": "Delayed Quote", "currencySymbol": "\u20b9", "fromCurrency": null, "toCurrency": null, "lastMarket": null, "marketCap": 184062256}, "balanceSheetHistory": {"balanceSheetStatements": [{"maxAge": 1, "endDate": "2019-03-31", "cash": 8310456, "shortTermInvestments": 32554, "netReceivables": 433295008, "otherCurrentAssets": 30060675, "totalCurrentAssets": 471698693, "longTermInvestments": 682500000, "propertyPlantEquipment": 3618476, "intangibleAssets": 135212, "otherAssets": 2100442, "deferredLongTermAssetCharges": 2100442, "totalAssets": 1160052823, "accountsPayable": 26938528, "otherCurrentLiab": 51642260, "otherLiab": 33697805, "totalCurrentLiabilities": 162950719, "totalLiab": 196648524, "commonStock": 197916482, "retainedEarnings": 117374881, "treasuryStock": 618485494, "capitalSurplus": 29627442, "otherStockholderEquity": 618485494, "totalStockholderEquity": 963404299, "netTangibleAssets": 963269087}, {"maxAge": 1, "endDate": "2018-03-31", "cash": 14735171, "shortTermInvestments": 32554, "netReceivables": 314532638, "otherCurrentAssets": 35833188, "totalCurrentAssets": 365133551, "propertyPlantEquipment": 19644845, "otherAssets": 1660014, "deferredLongTermAssetCharges": 1660014, "totalAssets": 386438410, "accountsPayable": 25246303, "shortLongTermDebt": 30300174, "otherCurrentLiab": 37435176, "otherLiab": -1, "totalCurrentLiabilities": 146974289, "totalLiab": 146974288, "commonStock": 161083924, "retainedEarnings": 55308771, "treasuryStock": 3631427, "capitalSurplus": 19440000, "otherStockholderEquity": 3631427, "totalStockholderEquity": 239464122, "netTangibleAssets": 239464122}, {"maxAge": 1, "endDate": "2017-03-31", "cash": 1328144, "shortTermInvestments": 31127, "netReceivables": 398978047, "otherCurrentAssets": 26071582, "totalCurrentAssets": 426408900, "longTermInvestments": 100000, "propertyPlantEquipment": 19870856, "intangibleAssets": 6744244, "totalAssets": 453124000, "accountsPayable": 105440460, "shortLongTermDebt": 30300174, "otherCurrentLiab": 67123443, "otherLiab": 5359572, "totalCurrentLiabilities": 286494832, "totalLiab": 291854404, "commonStock": 144883924, "retainedEarnings": 16385672, "totalStockholderEquity": 161269596, "netTangibleAssets": 154525352}, {"maxAge": 1, "endDate": "2016-03-31", "cash": 1573879, "shortTermInvestments": 31127, "netReceivables": 232215590, "otherCurrentAssets": 13096104, "totalCurrentAssets": 246916700, "longTermInvestments": 100000, "propertyPlantEquipment": 23288154, "intangibleAssets": 23674980, "totalAssets": 293979834, "accountsPayable": 27338253, "otherCurrentLiab": 114960975, "otherLiab": 10384488, "totalCurrentLiabilities": 145546684, "totalLiab": 155931172, "commonStock": 724419620, "retainedEarnings": -672080958, "capitalSurplus": 85710000, "totalStockholderEquity": 138048662, "netTangibleAssets": 114373682}], "maxAge": 86400}, "financialData": {"maxAge": 86400, "currentPrice": 1.86, "recommendationKey": "none", "grossProfits": 114899523, "financialCurrency": "INR"}}}