{"CYBERMEDIA.BO": {"recommendationTrend": {"trend": [{"period": "0m", "strongBuy": 0, "buy": 0, "hold": 0, "sell": 0, "strongSell": 0}, {"period": "-1m", "strongBuy": 0, "buy": 0, "hold": 0, "sell": 0, "strongSell": 0}, {"period": "-2m", "strongBuy": 0, "buy": 0, "hold": 0, "sell": 0, "strongSell": 0}, {"period": "-3m", "strongBuy": 0, "buy": 0, "hold": 0, "sell": 0, "strongSell": 0}], "maxAge": 86400}, "cashflowStatementHistory": {"cashflowStatements": [{"maxAge": 1, "endDate": "2020-03-31", "netIncome": -275524000, "depreciation": 8516000, "changeToNetincome": 58148000, "changeToLiabilities": 0, "totalCashFromOperatingActivities": -208860000, "otherCashflowsFromInvestingActivities": 298846000, "totalCashflowsFromInvestingActivities": 298846000, "otherCashflowsFromFinancingActivities": -90453000, "totalCashFromFinancingActivities": -90453000, "changeInCash": -466000}, {"maxAge": 1, "endDate": "2019-03-31", "netIncome": -28200000, "depreciation": 19512000, "changeToNetincome": 35099000, "changeToAccountReceivables": 16811000, "changeToLiabilities": -13790000, "changeToInventory": -281000, "changeToOperatingActivities": -36007000, "totalCashFromOperatingActivities": -4848000, "capitalExpenditures": -1024000, "investments": -5011000, "otherCashflowsFromInvestingActivities": 1073000, "totalCashflowsFromInvestingActivities": -3795000, "netBorrowings": 32958000, "otherCashflowsFromFinancingActivities": -19637000, "totalCashFromFinancingActivities": 13321000, "effectOfExchangeRate": -9092000, "changeInCash": -4414000}, {"maxAge": 1, "endDate": "2018-03-31", "netIncome": 28887000, "depreciation": 31593000, "changeToNetincome": 32064000, "changeToAccountReceivables": -48934000, "changeToLiabilities": 29225000, "changeToInventory": 9270000, "changeToOperatingActivities": -70858000, "totalCashFromOperatingActivities": 13812000, "capitalExpenditures": -173000, "investments": 2500000, "otherCashflowsFromInvestingActivities": 288000, "totalCashflowsFromInvestingActivities": 1097000, "netBorrowings": -1362000, "otherCashflowsFromFinancingActivities": -18973000, "totalCashFromFinancingActivities": -7335000, "effectOfExchangeRate": -517000, "changeInCash": 7057000, "issuanceOfStock": 13000000}, {"maxAge": 1, "endDate": "2017-03-31", "netIncome": -45911000, "depreciation": 24907000, "changeToNetincome": 23526000, "changeToAccountReceivables": 59362000, "changeToLiabilities": -1576000, "changeToInventory": 3142000, "changeToOperatingActivities": 58752000, "totalCashFromOperatingActivities": 123489000, "capitalExpenditures": -523000, "investments": 2500000, "otherCashflowsFromInvestingActivities": 3456000, "totalCashflowsFromInvestingActivities": 19239000, "netBorrowings": -137258000, "otherCashflowsFromFinancingActivities": -17927000, "totalCashFromFinancingActivities": -144525000, "effectOfExchangeRate": 1278000, "changeInCash": -519000, "issuanceOfStock": 10660000}], "maxAge": 86400}, "institutionOwnership": {"ownershipList": [], "maxAge": 1}, "balanceSheetHistoryQuarterly": {"balanceSheetStatements": [{"maxAge": 1, "endDate": "2020-06-30", "totalStockholderEquity": -143046000, "netTangibleAssets": -150985000}, {"maxAge": 1, "endDate": "2020-03-31", "cash": 20285000, "netReceivables": 87704000, "inventory": 303000, "otherCurrentAssets": 43495000, "totalCurrentAssets": 151787000, "longTermInvestments": 8786000, "propertyPlantEquipment": 31190000, "intangibleAssets": 7939000, "otherAssets": 75048000, "deferredLongTermAssetCharges": 69425000, "totalAssets": 274750000, "accountsPayable": 145253000, "otherCurrentLiab": 32548000, "longTermDebt": 207376000, "otherLiab": 7308000, "minorityInterest": -166000, "totalCurrentLiabilities": 203278000, "totalLiab": 417962000, "commonStock": 128672000, "treasuryStock": -271718000, "otherStockholderEquity": -271718000, "totalStockholderEquity": -143046000, "netTangibleAssets": -150985000}, {"maxAge": 1, "endDate": "2019-12-31", "totalStockholderEquity": -66072000, "netTangibleAssets": -146443000}, {"maxAge": 1, "endDate": "2019-09-30", "cash": 3875000, "netReceivables": 115135000, "inventory": 614000, "otherCurrentAssets": 48826000, "totalCurrentAssets": 168450000, "longTermInvestments": 8786000, "propertyPlantEquipment": 29887000, "goodWill": 56081000, "intangibleAssets": 24290000, "otherAssets": 110993000, "deferredLongTermAssetCharges": 105388000, "totalAssets": 398487000, "accountsPayable": 143446000, "otherCurrentLiab": 38996000, "longTermDebt": 241310000, "otherLiab": 8053000, "totalCurrentLiabilities": 215196000, "totalLiab": 464559000, "commonStock": 128672000, "treasuryStock": -194744000, "otherStockholderEquity": -194744000, "totalStockholderEquity": -66072000, "netTangibleAssets": -146443000}], "maxAge": 86400}, "earningsHistory": {"history": [{"maxAge": 1, "epsActual": {}, "epsEstimate": {}, "epsDifference": {}, "surprisePercent": {}, "quarter": {}, "period": "-4q"}, {"maxAge": 1, "epsActual": {}, "epsEstimate": {}, "epsDifference": {}, "surprisePercent": {}, "quarter": {}, "period": "-3q"}, {"maxAge": 1, "epsActual": {}, "epsEstimate": {}, "epsDifference": {}, "surprisePercent": {}, "quarter": {}, "period": "-2q"}, {"maxAge": 1, "epsActual": {}, "epsEstimate": {}, "epsDifference": {}, "surprisePercent": {}, "quarter": {}, "period": "-1q"}], "maxAge": 86400}, "indexTrend": {"maxAge": 1, "symbol": "SP5", "peRatio": 19.7411, "pegRatio": 1.34172, "estimates": [{"period": "0q", "growth": 0.549}, {"period": "+1q", "growth": 0.431}, {"period": "0y", "growth": 0.305}, {"period": "+1y", "growth": 0.109}, {"period": "+5y", "growth": 0.120865}, {"period": "-5y"}]}, "industryTrend": {"maxAge": 1, "symbol": null, "estimates": []}, "insiderTransactions": {"transactions": [{"maxAge": 1, "shares": 200000, "filerUrl": "", "transactionText": "", "filerName": "Gupta (Anuradha)", "filerRelation": "UNREPORTED", "moneyText": "", "startDate": "2017-12-20", "ownership": "D"}, {"maxAge": 1, "shares": 260000, "filerUrl": "", "transactionText": "", "filerName": "Gupta (Dhaval)", "filerRelation": "Director", "moneyText": "", "startDate": "2017-04-06", "ownership": "D"}, {"maxAge": 1, "shares": 1040000, "filerUrl": "", "transactionText": "", "filerName": "Gupta (Pradeep)", "filerRelation": "Chairman of the Board", "moneyText": "", "startDate": "2017-04-06", "ownership": "D"}, {"maxAge": 1, "shares": 261000, "filerUrl": "", "transactionText": "", "filerName": "Gupta (Dhaval)", "filerRelation": "Director", "moneyText": "", "startDate": "2017-03-31", "ownership": "D"}, {"maxAge": 1, "shares": 855000, "filerUrl": "", "transactionText": "", "filerName": "Gupta (Pradeep)", "filerRelation": "Chairman of the Board", "moneyText": "", "startDate": "2017-03-31", "ownership": "D"}, {"maxAge": 1, "shares": 56250, "filerUrl": "", "transactionText": "", "filerName": "Gupta (Dhaval)", "filerRelation": "UNREPORTED", "moneyText": "", "startDate": "2011-01-12", "ownership": "D"}], "maxAge": 1}, "quoteType": {"exchange": "BSE", "quoteType": "EQUITY", "symbol": "CYBERMEDIA.BO", "underlyingSymbol": "CYBERMEDIA.BO", "shortName": "CYBER MEDIA (INDIA) LTD.", "longName": "Cyber Media (India) Limited", "firstTradeDateEpochUtc": "2005-06-10 09:15:00", "timeZoneFullName": "Asia/Kolkata", "timeZoneShortName": "IST", "uuid": "f28b3f0d-973b-3c33-a1ef-7025d7c00a41", "gmtOffSetMilliseconds": 19800000, "maxAge": 1}, "incomeStatementHistory": {"incomeStatementHistory": [{"maxAge": 1, "endDate": "2020-03-31", "totalRevenue": 401283000, "costOfRevenue": 269540000, "grossProfit": 131743000, "researchDevelopment": {}, "sellingGeneralAdministrative": 98692000, "nonRecurring": {}, "otherOperatingExpenses": 31210000, "totalOperatingExpenses": 407958000, "operatingIncome": -6675000, "totalOtherIncomeExpenseNet": -232540000, "ebit": -6675000, "interestExpense": -17274000, "incomeBeforeTax": -239215000, "incomeTaxExpense": 36309000, "minorityInterest": -166000, "netIncomeFromContinuingOps": -275524000, "discontinuedOperations": {}, "extraordinaryItems": {}, "effectOfAccountingCharges": {}, "otherItems": {}, "netIncome": -275524000, "netIncomeApplicableToCommonShares": -275524000}, {"maxAge": 1, "endDate": "2019-03-31", "totalRevenue": 565785000, "costOfRevenue": 3063000, "grossProfit": 562722000, "researchDevelopment": {}, "sellingGeneralAdministrative": 178903000, "nonRecurring": {}, "otherOperatingExpenses": 378940000, "totalOperatingExpenses": 582426000, "operatingIncome": -16641000, "totalOtherIncomeExpenseNet": 8548000, "ebit": -16641000, "interestExpense": -20871000, "incomeBeforeTax": -8093000, "incomeTaxExpense": 20107000, "minorityInterest": -166000, "netIncomeFromContinuingOps": -28200000, "discontinuedOperations": {}, "extraordinaryItems": {}, "effectOfAccountingCharges": {}, "otherItems": {}, "netIncome": -28200000, "netIncomeApplicableToCommonShares": -28200000}, {"maxAge": 1, "endDate": "2018-03-31", "totalRevenue": 397699000, "costOfRevenue": 11699000, "grossProfit": 386000000, "researchDevelopment": {}, "sellingGeneralAdministrative": 169757000, "nonRecurring": {}, "otherOperatingExpenses": 229626000, "totalOperatingExpenses": 445240000, "operatingIncome": -47541000, "totalOtherIncomeExpenseNet": 78460000, "ebit": -47541000, "interestExpense": -18827000, "incomeBeforeTax": 30919000, "incomeTaxExpense": 4690000, "minorityInterest": -166000, "netIncomeFromContinuingOps": 26229000, "discontinuedOperations": {}, "extraordinaryItems": {}, "effectOfAccountingCharges": {}, "otherItems": {}, "netIncome": 28887000, "netIncomeApplicableToCommonShares": 28887000}, {"maxAge": 1, "endDate": "2017-03-31", "totalRevenue": 525403000, "costOfRevenue": 7786000, "grossProfit": 517617000, "researchDevelopment": {}, "sellingGeneralAdministrative": 223152000, "nonRecurring": {}, "otherOperatingExpenses": 310052000, "totalOperatingExpenses": 573580000, "operatingIncome": -48177000, "totalOtherIncomeExpenseNet": -16371000, "ebit": -48177000, "interestExpense": -14000000, "incomeBeforeTax": -64548000, "incomeTaxExpense": -17510000, "minorityInterest": -166000, "netIncomeFromContinuingOps": -47038000, "discontinuedOperations": {}, "extraordinaryItems": {}, "effectOfAccountingCharges": {}, "otherItems": {}, "netIncome": -45911000, "netIncomeApplicableToCommonShares": -45911000}], "maxAge": 86400}, "fundOwnership": {"ownershipList": [], "maxAge": 1}, "summaryDetail": {"maxAge": 1, "priceHint": 2, "previousClose": 11.3, "open": 11.3, "dayLow": 10.75, "dayHigh": 11.3, "regularMarketPreviousClose": 11.3, "regularMarketOpen": 11.3, "regularMarketDayLow": 10.75, "regularMarketDayHigh": 11.3, "volume": 1227, "regularMarketVolume": 1227, "averageVolume": 4068, "averageVolume10days": 7009, "averageDailyVolume10Day": 7009, "bid": 0.0, "ask": 10.75, "fiftyTwoWeekLow": 2.5, "fiftyTwoWeekHigh": 11.3, "fiftyDayAverage": 4.278485, "twoHundredDayAverage": 4.278485, "currency": "INR", "fromCurrency": null, "lastMarket": null, "algorithm": null, "tradeable": false}, "sectorTrend": {"maxAge": 1, "symbol": null, "estimates": []}, "incomeStatementHistoryQuarterly": {"incomeStatementHistory": [{"maxAge": 1, "endDate": "2020-06-30", "totalRevenue": 60570000, "costOfRevenue": 35765000, "grossProfit": 24805000, "researchDevelopment": {}, "sellingGeneralAdministrative": 18568000, "nonRecurring": {}, "otherOperatingExpenses": 4315000, "totalOperatingExpenses": 59197000, "operatingIncome": 1373000, "totalOtherIncomeExpenseNet": -575000, "ebit": 1373000, "interestExpense": -4222000, "incomeBeforeTax": 798000, "incomeTaxExpense": 0, "minorityInterest": {}, "netIncomeFromContinuingOps": 798000, "discontinuedOperations": {}, "extraordinaryItems": {}, "effectOfAccountingCharges": {}, "otherItems": {}, "netIncome": 798000, "netIncomeApplicableToCommonShares": 798000}, {"maxAge": 1, "endDate": "2020-03-31", "totalRevenue": 80579000, "costOfRevenue": 52793000, "grossProfit": 27786000, "researchDevelopment": {}, "sellingGeneralAdministrative": 20738000, "nonRecurring": {}, "otherOperatingExpenses": 6642000, "totalOperatingExpenses": 80912000, "operatingIncome": -333000, "totalOtherIncomeExpenseNet": -42108920, "ebit": -333000, "interestExpense": -3946000, "incomeBeforeTax": -42441920, "incomeTaxExpense": 36054080, "minorityInterest": -166000, "netIncomeFromContinuingOps": -78496000, "discontinuedOperations": {}, "extraordinaryItems": {}, "effectOfAccountingCharges": {}, "otherItems": {}, "netIncome": -78496000, "netIncomeApplicableToCommonShares": -78496000}, {"maxAge": 1, "endDate": "2019-12-31", "totalRevenue": 90407000, "costOfRevenue": 64041000, "grossProfit": 26366000, "researchDevelopment": {}, "sellingGeneralAdministrative": 21747000, "nonRecurring": {}, "otherOperatingExpenses": 4774000, "totalOperatingExpenses": 91088000, "operatingIncome": -681000, "totalOtherIncomeExpenseNet": -4011000, "ebit": -681000, "interestExpense": -4221000, "incomeBeforeTax": -4692000, "incomeTaxExpense": 0, "minorityInterest": -166000, "netIncomeFromContinuingOps": -4692000, "discontinuedOperations": {}, "extraordinaryItems": {}, "effectOfAccountingCharges": {}, "otherItems": {}, "netIncome": -4692000, "netIncomeApplicableToCommonShares": -4692000}, {"maxAge": 1, "endDate": "2019-09-30", "totalRevenue": 100572000, "costOfRevenue": 72655000, "grossProfit": 27917000, "researchDevelopment": {}, "sellingGeneralAdministrative": 22096000, "nonRecurring": {}, "otherOperatingExpenses": 4159000, "totalOperatingExpenses": 99436000, "operatingIncome": 1136000, "totalOtherIncomeExpenseNet": -251623000, "ebit": 1136000, "interestExpense": -5209000, "incomeBeforeTax": -250487000, "incomeTaxExpense": 0, "minorityInterest": -166000, "netIncomeFromContinuingOps": -250487000, "discontinuedOperations": {}, "extraordinaryItems": {}, "effectOfAccountingCharges": {}, "otherItems": {}, "netIncome": -250487000, "netIncomeApplicableToCommonShares": -250487000}], "maxAge": 86400}, "cashflowStatementHistoryQuarterly": {"cashflowStatements": [{"maxAge": 1, "endDate": "2020-06-30", "netIncome": 798000, "changeToLiabilities": 0}, {"maxAge": 1, "endDate": "2020-03-31", "netIncome": -78496000, "changeToLiabilities": 0}, {"maxAge": 1, "endDate": "2019-12-31", "netIncome": -4692000, "changeToLiabilities": 0}, {"maxAge": 1, "endDate": "2019-09-30", "netIncome": -250487000, "changeToLiabilities": 0}], "maxAge": 86400}, "insiderHolders": {"holders": [{"maxAge": 1, "name": "Gupta (Anuradha)", "relation": "UNREPORTED", "url": "", "transactionDescription": "Sale", "latestTransDate": "2017-12-20", "positionDirect": 206873, "positionDirectDate": "2017-12-20"}, {"maxAge": 1, "name": "Gupta (Dhaval)", "relation": "Director", "url": "", "transactionDescription": "Other", "latestTransDate": "2017-04-06", "positionDirect": 922697, "positionDirectDate": "2017-04-06"}, {"maxAge": 1, "name": "Gupta (Pradeep)", "relation": "Chairman of the Board", "url": "", "transactionDescription": "Other", "latestTransDate": "2017-04-06", "positionDirect": 4661236, "positionDirectDate": "2017-04-06"}], "maxAge": 1}, "earnings": {"maxAge": 86400, "earningsChart": {"quarterly": [], "earningsDate": []}, "financialsChart": {"yearly": [{"date": 2017, "revenue": 525403000, "earnings": -45911000}, {"date": 2018, "revenue": 397699000, "earnings": 28887000}, {"date": 2019, "revenue": 565785000, "earnings": -28200000}, {"date": 2020, "revenue": 401283000, "earnings": -275524000}], "quarterly": [{"date": "3Q2019", "revenue": 100572000, "earnings": -250487000}, {"date": "4Q2019", "revenue": 90407000, "earnings": -4692000}, {"date": "1Q2020", "revenue": 80579000, "earnings": -78496000}, {"date": "2Q2020", "revenue": 60570000, "earnings": 798000}]}}, "calendarEvents": {"maxAge": 1, "earnings": {"earningsDate": []}}, "upgradeDowngradeHistory": {"history": [], "maxAge": 86400}, "price": {"maxAge": 1, "regularMarketChangePercent": -0.04867258, "regularMarketChange": -0.5500002, "regularMarketTime": "2021-04-30 15:10:24", "priceHint": 2, "regularMarketPrice": 10.75, "regularMarketDayHigh": 11.3, "regularMarketDayLow": 10.75, "regularMarketVolume": 1227, "averageDailyVolume10Day": 7009, "averageDailyVolume3Month": 4068, "regularMarketPreviousClose": 11.3, "regularMarketSource": "FREE_REALTIME", "regularMarketOpen": 11.3, "exchange": "BSE", "exchangeName": "BSE", "exchangeDataDelayedBy": 0, "marketState": "CLOSED", "quoteType": "EQUITY", "symbol": "CYBERMEDIA.BO", "underlyingSymbol": null, "shortName": "CYBER MEDIA (INDIA) LTD.", "longName": "Cyber Media (India) Limited", "currency": "INR", "quoteSourceName": "Delayed Quote", "currencySymbol": "\u20b9", "fromCurrency": null, "lastMarket": null}, "balanceSheetHistory": {"balanceSheetStatements": [{"maxAge": 1, "endDate": "2020-03-31", "cash": 20285000, "netReceivables": 87704000, "inventory": 303000, "otherCurrentAssets": 43495000, "totalCurrentAssets": 151787000, "longTermInvestments": 8786000, "propertyPlantEquipment": 31190000, "intangibleAssets": 7939000, "otherAssets": 75048000, "deferredLongTermAssetCharges": 69425000, "totalAssets": 274750000, "accountsPayable": 145253000, "otherCurrentLiab": 32548000, "longTermDebt": 207376000, "otherLiab": 7308000, "minorityInterest": -166000, "totalCurrentLiabilities": 203278000, "totalLiab": 417962000, "commonStock": 128672000, "treasuryStock": -271718000, "otherStockholderEquity": -271718000, "totalStockholderEquity": -143046000, "netTangibleAssets": -150985000}, {"maxAge": 1, "endDate": "2019-03-31", "cash": 19883000, "shortTermInvestments": 399000, "netReceivables": 118438000, "inventory": 22466000, "otherCurrentAssets": 34496000, "totalCurrentAssets": 196101000, "longTermInvestments": 89440000, "propertyPlantEquipment": 32309000, "goodWill": 166642000, "intangibleAssets": 58806000, "otherAssets": 117923000, "deferredLongTermAssetCharges": 110606000, "totalAssets": 661221000, "accountsPayable": 73999000, "otherCurrentLiab": 40543000, "longTermDebt": 268422000, "otherLiab": 8489000, "totalCurrentLiabilities": 193911000, "totalLiab": 470822000, "commonStock": 128672000, "retainedEarnings": -169220000, "treasuryStock": 86956000, "capitalSurplus": 143991000, "otherStockholderEquity": 86956000, "totalStockholderEquity": 190399000, "netTangibleAssets": -35049000}, {"maxAge": 1, "endDate": "2018-03-31", "cash": 24297000, "shortTermInvestments": 320000, "netReceivables": 138885000, "inventory": 22185000, "otherCurrentAssets": 47510000, "totalCurrentAssets": 233345000, "longTermInvestments": 84507000, "propertyPlantEquipment": 32501000, "goodWill": 169088000, "intangibleAssets": 76180000, "otherAssets": 113753000, "deferredLongTermAssetCharges": 108514000, "totalAssets": 709374000, "accountsPayable": 87789000, "shortLongTermDebt": 12499000, "otherCurrentLiab": 65493000, "longTermDebt": 242394000, "otherLiab": 9876000, "totalCurrentLiabilities": 237154000, "totalLiab": 489424000, "commonStock": 128672000, "retainedEarnings": -132917000, "treasuryStock": 80204000, "capitalSurplus": 143991000, "otherStockholderEquity": 80204000, "totalStockholderEquity": 219950000, "netTangibleAssets": -25318000}, {"maxAge": 1, "endDate": "2017-03-31", "cash": 17240000, "shortTermInvestments": 320000, "netReceivables": 128800000, "inventory": 31455000, "otherCurrentAssets": 43872000, "totalCurrentAssets": 221797000, "longTermInvestments": 81755000, "propertyPlantEquipment": 44280000, "goodWill": 177688000, "intangibleAssets": 97984000, "otherAssets": 117642000, "deferredLongTermAssetCharges": 112127000, "totalAssets": 741146000, "accountsPayable": 58564000, "shortLongTermDebt": 37595000, "otherCurrentLiab": 99697000, "longTermDebt": 222939000, "otherLiab": 19579000, "totalCurrentLiabilities": 286653000, "totalLiab": 529171000, "commonStock": 115672000, "retainedEarnings": -127926000, "treasuryStock": 80298000, "capitalSurplus": 143931000, "otherStockholderEquity": 80298000, "totalStockholderEquity": 211975000, "netTangibleAssets": -63697000}], "maxAge": 86400}, "earningsTrend": {"trend": [{"maxAge": 1, "period": "0q", "endDate": null, "growth": {}, "earningsEstimate": {"avg": 0.0, "low": 0.0, "high": 0.0, "yearAgoEps": {}, "numberOfAnalysts": 0, "growth": {}}, "revenueEstimate": {"avg": 0, "low": 0, "high": 0, "numberOfAnalysts": 0, "yearAgoRevenue": {}, "growth": {}}, "epsTrend": {"current": 0.0, "7daysAgo": 0.0, "30daysAgo": 0.0, "60daysAgo": 0.0, "90daysAgo": 0.0}, "epsRevisions": {"upLast7days": 0, "upLast30days": 0, "downLast30days": 0, "downLast90days": {}}}, {"maxAge": 1, "period": "+1q", "endDate": null, "growth": {}, "earningsEstimate": {"avg": 0.0, "low": 0.0, "high": 0.0, "yearAgoEps": {}, "numberOfAnalysts": 0, "growth": {}}, "revenueEstimate": {"avg": 0, "low": 0, "high": 0, "numberOfAnalysts": 0, "yearAgoRevenue": {}, "growth": {}}, "epsTrend": {"current": 0.0, "7daysAgo": 0.0, "30daysAgo": 0.0, "60daysAgo": 0.0, "90daysAgo": 0.0}, "epsRevisions": {"upLast7days": 0, "upLast30days": 0, "downLast30days": 0, "downLast90days": {}}}, {"maxAge": 1, "period": "0y", "endDate": null, "growth": {}, "earningsEstimate": {"avg": 0.0, "low": 0.0, "high": 0.0, "yearAgoEps": {}, "numberOfAnalysts": 0, "growth": {}}, "revenueEstimate": {"avg": 0, "low": 0, "high": 0, "numberOfAnalysts": 0, "yearAgoRevenue": {}, "growth": {}}, "epsTrend": {"current": 0.0, "7daysAgo": 0.0, "30daysAgo": 0.0, "60daysAgo": 0.0, "90daysAgo": 0.0}, "epsRevisions": {"upLast7days": 0, "upLast30days": 0, "downLast30days": 0, "downLast90days": {}}}, {"maxAge": 1, "period": "+1y", "endDate": null, "growth": {}, "earningsEstimate": {"avg": 0.0, "low": 0.0, "high": 0.0, "yearAgoEps": {}, "numberOfAnalysts": 0, "growth": {}}, "revenueEstimate": {"avg": 0, "low": 0, "high": 0, "numberOfAnalysts": 0, "yearAgoRevenue": {}, "growth": {}}, "epsTrend": {"current": 0.0, "7daysAgo": 0.0, "30daysAgo": 0.0, "60daysAgo": 0.0, "90daysAgo": 0.0}, "epsRevisions": {"upLast7days": 0, "upLast30days": 0, "downLast30days": 0, "downLast90days": {}}}, {"maxAge": 1, "period": "+5y", "endDate": null, "growth": {}, "earningsEstimate": {"avg": {}, "low": {}, "high": {}, "yearAgoEps": {}, "numberOfAnalysts": {}, "growth": {}}, "revenueEstimate": {"avg": {}, "low": {}, "high": {}, "numberOfAnalysts": {}, "yearAgoRevenue": {}, "growth": {}}, "epsTrend": {"current": {}, "7daysAgo": {}, "30daysAgo": {}, "60daysAgo": {}, "90daysAgo": {}}, "epsRevisions": {"upLast7days": {}, "upLast30days": {}, "downLast30days": {}, "downLast90days": {}}}, {"maxAge": 1, "period": "-5y", "endDate": null, "growth": {}, "earningsEstimate": {"avg": {}, "low": {}, "high": {}, "yearAgoEps": {}, "numberOfAnalysts": {}, "growth": {}}, "revenueEstimate": {"avg": {}, "low": {}, "high": {}, "numberOfAnalysts": {}, "yearAgoRevenue": {}, "growth": {}}, "epsTrend": {"current": {}, "7daysAgo": {}, "30daysAgo": {}, "60daysAgo": {}, "90daysAgo": {}}, "epsRevisions": {"upLast7days": {}, "upLast30days": {}, "downLast30days": {}, "downLast90days": {}}}], "maxAge": 1}, "financialData": {"maxAge": 86400, "currentPrice": 10.75, "recommendationKey": "none", "grossProfits": 131743000, "financialCurrency": null}}}