{"DAICHI.BO": {"recommendationTrend": {"trend": [{"period": "0m", "strongBuy": 0, "buy": 0, "hold": 0, "sell": 0, "strongSell": 0}, {"period": "-1m", "strongBuy": 0, "buy": 0, "hold": 0, "sell": 0, "strongSell": 0}, {"period": "-2m", "strongBuy": 0, "buy": 0, "hold": 0, "sell": 0, "strongSell": 0}, {"period": "-3m", "strongBuy": 0, "buy": 0, "hold": 0, "sell": 0, "strongSell": 0}], "maxAge": 86400}, "cashflowStatementHistory": {"cashflowStatements": [{"maxAge": 1, "endDate": "2020-03-31", "netIncome": -229200000, "depreciation": 94000000, "changeToNetincome": 100600000, "changeToAccountReceivables": -34900000, "changeToLiabilities": 71400000, "changeToInventory": -38900000, "changeToOperatingActivities": 46000000, "totalCashFromOperatingActivities": 9600000, "capitalExpenditures": -71100000, "investments": 25600000, "otherCashflowsFromInvestingActivities": 3400000, "totalCashflowsFromInvestingActivities": 8700000, "netBorrowings": 43900000, "otherCashflowsFromFinancingActivities": -102500000, "totalCashFromFinancingActivities": -58600000, "changeInCash": -41500000}, {"maxAge": 1, "endDate": "2019-03-31", "netIncome": -126100000, "depreciation": 80200000, "changeToNetincome": -53900000, "changeToAccountReceivables": 136500000, "changeToLiabilities": 6400000, "changeToInventory": 22600000, "changeToOperatingActivities": -4600000, "totalCashFromOperatingActivities": 62200000, "capitalExpenditures": -382800000, "investments": 164900000, "otherCashflowsFromInvestingActivities": 12000000, "totalCashflowsFromInvestingActivities": -205900000, "dividendsPaid": -18600000, "netBorrowings": 273100000, "otherCashflowsFromFinancingActivities": -93700000, "totalCashFromFinancingActivities": 160800000, "effectOfExchangeRate": 100000, "changeInCash": 12900000}, {"maxAge": 1, "endDate": "2018-03-31", "netIncome": 136500000, "depreciation": 43700000, "changeToNetincome": -43300000, "changeToAccountReceivables": -91900000, "changeToLiabilities": 74500000, "changeToInventory": -30300000, "changeToOperatingActivities": -168000000, "totalCashFromOperatingActivities": -77800000, "capitalExpenditures": -819600000, "investments": 226600000, "otherCashflowsFromInvestingActivities": 23300000, "totalCashflowsFromInvestingActivities": -569700000, "dividendsPaid": -22300000, "netBorrowings": 729700000, "otherCashflowsFromFinancingActivities": -44100000, "totalCashFromFinancingActivities": 663300000, "effectOfExchangeRate": 500000, "changeInCash": 16600000}, {"maxAge": 1, "endDate": "2017-03-31", "netIncome": 249100000, "depreciation": 20200000, "changeToNetincome": -157700000, "changeToAccountReceivables": -18600000, "changeToLiabilities": 39800000, "changeToInventory": -38400000, "changeToOperatingActivities": -68400000, "totalCashFromOperatingActivities": 26000000, "capitalExpenditures": -216100000, "investments": 78000000, "otherCashflowsFromInvestingActivities": 72900000, "totalCashflowsFromInvestingActivities": -65200000, "dividendsPaid": -100000, "netBorrowings": 28600000, "otherCashflowsFromFinancingActivities": -5400000, "totalCashFromFinancingActivities": 23100000, "effectOfExchangeRate": 1800000, "changeInCash": -17100000}], "maxAge": 86400}, "institutionOwnership": {"ownershipList": [], "maxAge": 1}, "balanceSheetHistoryQuarterly": {"balanceSheetStatements": [{"maxAge": 1, "endDate": "2020-06-30", "totalStockholderEquity": 1196500000, "netTangibleAssets": 1195500000}, {"maxAge": 1, "endDate": "2020-03-31", "cash": 7900000, "netReceivables": 217700000, "inventory": 204000000, "otherCurrentAssets": 292000000, "totalCurrentAssets": 738900000, "longTermInvestments": 244600000, "propertyPlantEquipment": 1559500000, "intangibleAssets": 1000000, "otherAssets": 159400000, "deferredLongTermAssetCharges": 107600000, "totalAssets": 2703400000, "accountsPayable": 286000000, "shortLongTermDebt": 169500000, "otherCurrentLiab": 66600000, "longTermDebt": 677800000, "otherLiab": 24700000, "totalCurrentLiabilities": 804400000, "totalLiab": 1506900000, "commonStock": 74500000, "retainedEarnings": 727900000, "treasuryStock": 134700000, "capitalSurplus": 259400000, "otherStockholderEquity": 134700000, "totalStockholderEquity": 1196500000, "netTangibleAssets": 1195500000}, {"maxAge": 1, "endDate": "2019-12-31", "totalStockholderEquity": 1293300000, "netTangibleAssets": 1291900000}, {"maxAge": 1, "endDate": "2019-09-30", "cash": 43800000, "shortTermInvestments": 17500000, "netReceivables": 226500000, "inventory": 201400000, "otherCurrentAssets": 255500000, "totalCurrentAssets": 744700000, "longTermInvestments": 199900000, "propertyPlantEquipment": 1605300000, "intangibleAssets": 1400000, "otherAssets": 183900000, "deferredLongTermAssetCharges": 107600000, "totalAssets": 2735200000, "accountsPayable": 272000000, "otherCurrentLiab": 294000000, "longTermDebt": 639600000, "otherLiab": 15800000, "totalCurrentLiabilities": 786500000, "totalLiab": 1441900000, "commonStock": 74500000, "treasuryStock": 1218800000, "otherStockholderEquity": 1218800000, "totalStockholderEquity": 1293300000, "netTangibleAssets": 1291900000}], "maxAge": 86400}, "earningsHistory": {"history": [{"maxAge": 1, "epsActual": {}, "epsEstimate": {}, "epsDifference": {}, "surprisePercent": {}, "quarter": {}, "period": "-4q"}, {"maxAge": 1, "epsActual": {}, "epsEstimate": {}, "epsDifference": {}, "surprisePercent": {}, "quarter": {}, "period": "-3q"}, {"maxAge": 1, "epsActual": {}, "epsEstimate": {}, "epsDifference": {}, "surprisePercent": {}, "quarter": {}, "period": "-2q"}, {"maxAge": 1, "epsActual": {}, "epsEstimate": {}, "epsDifference": {}, "surprisePercent": {}, "quarter": {}, "period": "-1q"}], "maxAge": 86400}, "indexTrend": {"maxAge": 1, "symbol": "SP5", "peRatio": 19.7411, "pegRatio": 1.34172, "estimates": [{"period": "0q", "growth": 0.549}, {"period": "+1q", "growth": 0.431}, {"period": "0y", "growth": 0.305}, {"period": "+1y", "growth": 0.109}, {"period": "+5y", "growth": 0.120859005}, {"period": "-5y"}]}, "industryTrend": {"maxAge": 1, "symbol": null, "estimates": []}, "insiderTransactions": {"transactions": [{"maxAge": 1, "shares": 1000, "filerUrl": "", "transactionText": "", "filerName": "General Pharmaceuticals Pvt Ltd", "filerRelation": "Promoter", "moneyText": "", "startDate": "2018-08-31", "ownership": "D"}, {"maxAge": 1, "shares": 936, "filerUrl": "", "transactionText": "", "filerName": "General Pharmaceuticals Pvt Ltd", "filerRelation": "Promoter", "moneyText": "", "startDate": "2018-08-14", "ownership": "D"}, {"maxAge": 1, "shares": 64, "filerUrl": "", "transactionText": "", "filerName": "General Pharmaceuticals Pvt Ltd", "filerRelation": "Promoter", "moneyText": "", "startDate": "2018-08-13", "ownership": "D"}, {"maxAge": 1, "shares": 1000, "filerUrl": "", "transactionText": "", "filerName": "General Pharmaceuticals Pvt Ltd", "filerRelation": "Promoter", "moneyText": "", "startDate": "2018-06-28", "ownership": "D"}, {"maxAge": 1, "shares": 491, "filerUrl": "", "transactionText": "", "filerName": "General Pharmaceuticals Pvt Ltd", "filerRelation": "Promoter", "moneyText": "", "startDate": "2018-01-18", "ownership": "D"}, {"maxAge": 1, "shares": 1000, "filerUrl": "", "transactionText": "", "filerName": "General Pharmaceuticals Pvt Ltd", "filerRelation": "Promoter", "moneyText": "", "startDate": "2017-12-14", "ownership": "D"}, {"maxAge": 1, "shares": 1000, "filerUrl": "", "transactionText": "", "filerName": "General Pharmaceuticals Pvt Ltd", "filerRelation": "Promoter", "moneyText": "", "startDate": "2017-12-13", "ownership": "D"}, {"maxAge": 1, "shares": 2000, "filerUrl": "", "transactionText": "", "filerName": "General Pharmaceuticals Pvt Ltd", "filerRelation": "Promoter", "moneyText": "", "startDate": "2017-12-12", "ownership": "D"}, {"maxAge": 1, "shares": 100, "filerUrl": "", "transactionText": "", "filerName": "Vakil (Firoze Adi)", "filerRelation": "Promoter", "moneyText": "", "startDate": "2017-12-12", "ownership": "D"}, {"maxAge": 1, "shares": 423333, "filerUrl": "", "transactionText": "", "filerName": "Vakil (Shernaz Firoze)", "filerRelation": "Executive Vice Chairman", "moneyText": "", "startDate": "2016-03-11", "ownership": "D"}, {"maxAge": 1, "shares": 257000, "filerUrl": "", "transactionText": "", "filerName": "Chemicals & Ferro Alloys Pvt Ltd", "filerRelation": "Promoter", "moneyText": "", "startDate": "2016-03-11", "ownership": "D"}, {"maxAge": 1, "shares": 166333, "filerUrl": "", "transactionText": "", "filerName": "Universal Ferro & Allied Chemicals Ltd", "filerRelation": "Promoter", "moneyText": "", "startDate": "2016-03-11", "ownership": "D"}, {"maxAge": 1, "shares": 492240, "filerUrl": "", "transactionText": "", "filerName": "Vakil (Shernaz Firoze)", "filerRelation": "Executive Vice President", "moneyText": "", "startDate": "2015-12-09", "ownership": "D"}, {"maxAge": 1, "shares": 83167, "filerUrl": "", "transactionText": "", "filerName": "Neterwala (F D)", "filerRelation": "UNREPORTED", "moneyText": "", "startDate": "2015-12-04", "ownership": "D"}, {"maxAge": 1, "shares": 1680000, "filerUrl": "", "transactionText": "", "filerName": "Mehta (Pervin Russy)", "filerRelation": "Promoter", "moneyText": "", "startDate": "2015-12-04", "ownership": "D"}, {"maxAge": 1, "shares": 1770667, "filerUrl": "", "transactionText": "", "filerName": "Vakil (Shernaz Firoze)", "filerRelation": "Executive Vice Chairman", "moneyText": "", "startDate": "2015-12-04", "ownership": "D"}, {"maxAge": 1, "shares": 7500, "filerUrl": "", "transactionText": "", "filerName": "Mehta (Pervin Russy)", "filerRelation": "Promoter", "moneyText": "", "startDate": "2015-12-04", "ownership": "D"}, {"maxAge": 1, "shares": 4000, "filerUrl": "", "transactionText": "", "filerName": "Vakil (Firoze Adi)", "filerRelation": "Promoter", "moneyText": "", "startDate": "2015-08-19", "ownership": "D"}, {"maxAge": 1, "shares": 7407, "filerUrl": "", "transactionText": "", "filerName": "Vakil (Firoze Adi)", "filerRelation": "Promoter", "moneyText": "", "startDate": "2013-09-02", "ownership": "D"}, {"maxAge": 1, "shares": 11058, "filerUrl": "", "transactionText": "", "filerName": "Vakil (Firoze Adi)", "filerRelation": "Promoter", "moneyText": "", "startDate": "2013-07-01", "ownership": "D"}, {"maxAge": 1, "shares": 701220, "filerUrl": "", "transactionText": "", "filerName": "Vakil (Shernaz Firoze)", "filerRelation": "Executive Vice Chairman", "moneyText": "", "startDate": "2013-06-20", "ownership": "D"}, {"maxAge": 1, "shares": 3081, "filerUrl": "", "transactionText": "", "filerName": "Vakil (Firoze Adi)", "filerRelation": "Promoter", "moneyText": "", "startDate": "2013-04-18", "ownership": "D"}, {"maxAge": 1, "shares": 4408, "filerUrl": "", "transactionText": "", "filerName": "Vakil (Firoze Adi)", "filerRelation": "Promoter", "moneyText": "", "startDate": "2012-02-22", "ownership": "D"}, {"maxAge": 1, "shares": 3795, "filerUrl": "", "transactionText": "", "filerName": "Vakil (Shernaz Firoze)", "filerRelation": "Executive Vice Chairman", "moneyText": "", "startDate": "2011-12-22", "ownership": "D"}, {"maxAge": 1, "shares": 1500, "filerUrl": "", "transactionText": "", "filerName": "Vakil (Firoze Adi)", "filerRelation": "Promoter", "moneyText": "", "startDate": "2011-12-01", "ownership": "D"}, {"maxAge": 1, "shares": 4530, "filerUrl": "", "transactionText": "", "filerName": "Vakil (Shernaz Firoze)", "filerRelation": "Executive Vice Chairman", "moneyText": "", "startDate": "2011-08-30", "ownership": "D"}, {"maxAge": 1, "shares": 210, "filerUrl": "", "transactionText": "", "filerName": "Vakil (Shernaz Firoze)", "filerRelation": "Executive Vice Chairman", "moneyText": "", "startDate": "2011-08-02", "ownership": "D"}], "maxAge": 1}, "quoteType": {"exchange": "BSE", "quoteType": "EQUITY", "symbol": "DAICHI.BO", "underlyingSymbol": "DAICHI.BO", "shortName": "DAI-ICHI KARKARIA LTD.", "longName": "Dai-Ichi Karkaria Limited", "firstTradeDateEpochUtc": "2001-12-31 09:15:00", "timeZoneFullName": "Asia/Kolkata", "timeZoneShortName": "IST", "uuid": "07fd039e-6cc0-35fb-88f3-e8481b15c6dc", "gmtOffSetMilliseconds": 19800000, "maxAge": 1}, "incomeStatementHistory": {"incomeStatementHistory": [{"maxAge": 1, "endDate": "2020-03-31", "totalRevenue": 1083400000, "costOfRevenue": 738700000, "grossProfit": 344700000, "researchDevelopment": {}, "sellingGeneralAdministrative": 162800000, "nonRecurring": {}, "otherOperatingExpenses": 214800000, "totalOperatingExpenses": 1209600000, "operatingIncome": -126200000, "totalOtherIncomeExpenseNet": -103000000, "ebit": -126200000, "interestExpense": -102400000, "incomeBeforeTax": -229200000, "incomeTaxExpense": 0, "minorityInterest": {}, "netIncomeFromContinuingOps": -229200000, "discontinuedOperations": {}, "extraordinaryItems": {}, "effectOfAccountingCharges": {}, "otherItems": {}, "netIncome": -229200000, "netIncomeApplicableToCommonShares": -229200000}, {"maxAge": 1, "endDate": "2019-03-31", "totalRevenue": 933300000, "costOfRevenue": 642600000, "grossProfit": 290700000, "researchDevelopment": {}, "sellingGeneralAdministrative": 166600000, "nonRecurring": {}, "otherOperatingExpenses": 213800000, "totalOperatingExpenses": 1103000000, "operatingIncome": -169700000, "totalOtherIncomeExpenseNet": -73700000, "ebit": -169700000, "interestExpense": -72400000, "incomeBeforeTax": -243400000, "incomeTaxExpense": -117300000, "minorityInterest": {}, "netIncomeFromContinuingOps": -126100000, "discontinuedOperations": {}, "extraordinaryItems": {}, "effectOfAccountingCharges": {}, "otherItems": {}, "netIncome": -126100000, "netIncomeApplicableToCommonShares": -126100000}, {"maxAge": 1, "endDate": "2018-03-31", "totalRevenue": 1491200000, "costOfRevenue": 961000000, "grossProfit": 530200000, "researchDevelopment": {}, "sellingGeneralAdministrative": 150800000, "nonRecurring": {}, "otherOperatingExpenses": 205100000, "totalOperatingExpenses": 1360900000, "operatingIncome": 130300000, "totalOtherIncomeExpenseNet": 50100000, "ebit": 130300000, "interestExpense": -2000000, "incomeBeforeTax": 180400000, "incomeTaxExpense": 43900000, "minorityInterest": {}, "netIncomeFromContinuingOps": 136500000, "discontinuedOperations": {}, "extraordinaryItems": {}, "effectOfAccountingCharges": {}, "otherItems": {}, "netIncome": 136500000, "netIncomeApplicableToCommonShares": 136500000}, {"maxAge": 1, "endDate": "2017-03-31", "totalRevenue": 1259800000, "costOfRevenue": 775100000, "grossProfit": 484700000, "researchDevelopment": {}, "sellingGeneralAdministrative": 137200000, "nonRecurring": {}, "otherOperatingExpenses": 172900000, "totalOperatingExpenses": 1105400000, "operatingIncome": 154400000, "totalOtherIncomeExpenseNet": 160700000, "ebit": 154400000, "interestExpense": -1000000, "incomeBeforeTax": 315100000, "incomeTaxExpense": 66000000, "minorityInterest": {}, "netIncomeFromContinuingOps": 249100000, "discontinuedOperations": {}, "extraordinaryItems": {}, "effectOfAccountingCharges": {}, "otherItems": {}, "netIncome": 249100000, "netIncomeApplicableToCommonShares": 249100000}], "maxAge": 86400}, "fundOwnership": {"ownershipList": [], "maxAge": 1}, "summaryDetail": {"maxAge": 1, "priceHint": 2, "previousClose": 377.1, "open": 375.0, "dayLow": 367.0, "dayHigh": 397.9, "regularMarketPreviousClose": 377.1, "regularMarketOpen": 375.0, "regularMarketDayLow": 367.0, "regularMarketDayHigh": 397.9, "volume": 15021, "regularMarketVolume": 15021, "averageVolume": 4748, "averageVolume10days": 1685, "averageDailyVolume10Day": 1685, "bid": 0.0, "ask": 379.45, "bidSize": 0, "askSize": 0, "marketCap": 2796819200, "fiftyTwoWeekLow": 155.75, "fiftyTwoWeekHigh": 397.9, "fiftyDayAverage": 282.43332, "twoHundredDayAverage": 273.81616, "trailingAnnualDividendRate": 2.5, "trailingAnnualDividendYield": 0.006629541, "currency": "INR", "fromCurrency": null, "lastMarket": null, "algorithm": null, "tradeable": false}, "sectorTrend": {"maxAge": 1, "symbol": null, "estimates": []}, "incomeStatementHistoryQuarterly": {"incomeStatementHistory": [{"maxAge": 1, "endDate": "2020-06-30", "totalRevenue": 178200000, "costOfRevenue": 128500000, "grossProfit": 49700000, "researchDevelopment": {}, "sellingGeneralAdministrative": 35200000, "nonRecurring": {}, "otherOperatingExpenses": 42700000, "totalOperatingExpenses": 229800000, "operatingIncome": -51600000, "totalOtherIncomeExpenseNet": -10700000, "ebit": -51600000, "interestExpense": -26300000, "incomeBeforeTax": -62300000, "incomeTaxExpense": 0, "minorityInterest": {}, "netIncomeFromContinuingOps": -62300000, "discontinuedOperations": {}, "extraordinaryItems": {}, "effectOfAccountingCharges": {}, "otherItems": {}, "netIncome": -62300000, "netIncomeApplicableToCommonShares": -62300000}, {"maxAge": 1, "endDate": "2020-03-31", "totalRevenue": 275400000, "costOfRevenue": 201800000, "grossProfit": 73600000, "researchDevelopment": {}, "sellingGeneralAdministrative": 45600000, "nonRecurring": {}, "otherOperatingExpenses": 43600000, "totalOperatingExpenses": 313500000, "operatingIncome": -38100000, "totalOtherIncomeExpenseNet": -20100000, "ebit": -38100000, "interestExpense": -24700000, "incomeBeforeTax": -58200000, "incomeTaxExpense": 0, "minorityInterest": {}, "netIncomeFromContinuingOps": -58200000, "discontinuedOperations": {}, "extraordinaryItems": {}, "effectOfAccountingCharges": {}, "otherItems": {}, "netIncome": -58200000, "netIncomeApplicableToCommonShares": -58200000}, {"maxAge": 1, "endDate": "2019-12-31", "totalRevenue": 303900000, "costOfRevenue": 203600000, "grossProfit": 100300000, "researchDevelopment": {}, "sellingGeneralAdministrative": 39600000, "nonRecurring": {}, "otherOperatingExpenses": 60100000, "totalOperatingExpenses": 326700000, "operatingIncome": -22800000, "totalOtherIncomeExpenseNet": -15200000, "ebit": -22800000, "interestExpense": -26200000, "incomeBeforeTax": -38000000, "incomeTaxExpense": 0, "minorityInterest": {}, "netIncomeFromContinuingOps": -38000000, "discontinuedOperations": {}, "extraordinaryItems": {}, "effectOfAccountingCharges": {}, "otherItems": {}, "netIncome": -38000000, "netIncomeApplicableToCommonShares": -38000000}, {"maxAge": 1, "endDate": "2019-09-30", "totalRevenue": 272000000, "costOfRevenue": 177700000, "grossProfit": 94300000, "researchDevelopment": {}, "sellingGeneralAdministrative": 38700000, "nonRecurring": {}, "otherOperatingExpenses": 62200000, "totalOperatingExpenses": 303900000, "operatingIncome": -31900000, "totalOtherIncomeExpenseNet": -46500000, "ebit": -31900000, "interestExpense": -25600000, "incomeBeforeTax": -78400000, "incomeTaxExpense": 0, "minorityInterest": {}, "netIncomeFromContinuingOps": -78400000, "discontinuedOperations": {}, "extraordinaryItems": {}, "effectOfAccountingCharges": {}, "otherItems": {}, "netIncome": -78400000, "netIncomeApplicableToCommonShares": -78400000}], "maxAge": 86400}, "cashflowStatementHistoryQuarterly": {"cashflowStatements": [{"maxAge": 1, "endDate": "2020-06-30", "netIncome": -62300000, "changeToLiabilities": 0}, {"maxAge": 1, "endDate": "2020-03-31", "netIncome": -58200000, "changeToLiabilities": 0}, {"maxAge": 1, "endDate": "2019-12-31", "netIncome": -38000000, "changeToLiabilities": 0}, {"maxAge": 1, "endDate": "2019-09-30", "netIncome": -78400000, "changeToLiabilities": 0}], "maxAge": 86400}, "insiderHolders": {"holders": [{"maxAge": 1, "name": "Chemicals & Ferro Alloys Pvt Ltd", "relation": "Promoter", "url": "", "transactionDescription": "Other", "latestTransDate": "2016-03-11", "positionDirect": 0, "positionDirectDate": "2016-03-11"}, {"maxAge": 1, "name": "General Pharmaceuticals Pvt Ltd", "relation": "Promoter", "url": "", "transactionDescription": "Acquisition", "latestTransDate": "2018-08-31", "positionDirect": 8075, "positionDirectDate": "2018-08-31"}, {"maxAge": 1, "name": "Mehta (Pervin Russy)", "relation": "Promoter", "url": "", "transactionDescription": "Other", "latestTransDate": "2015-12-04", "positionDirect": 0, "positionDirectDate": "2015-12-04"}, {"maxAge": 1, "name": "Neterwala (F D)", "relation": "UNREPORTED", "url": "", "transactionDescription": "Other", "latestTransDate": "2015-12-04", "positionDirect": 0, "positionDirectDate": "2015-12-04"}, {"maxAge": 1, "name": "Universal Ferro & Allied Chemicals Ltd", "relation": "Promoter", "url": "", "transactionDescription": "Other", "latestTransDate": "2016-03-11", "positionDirect": 0, "positionDirectDate": "2016-03-11"}, {"maxAge": 1, "name": "Vakil (Firoze Adi)", "relation": "Promoter", "url": "", "transactionDescription": "Acquisition", "latestTransDate": "2017-12-12", "positionDirect": 76109, "positionDirectDate": "2017-12-12"}, {"maxAge": 1, "name": "Vakil (Shernaz Firoze)", "relation": "Executive Vice Chairman", "url": "", "transactionDescription": "Other", "latestTransDate": "2016-03-11", "positionDirect": 3767963, "positionDirectDate": "2016-03-11"}], "maxAge": 1}, "earnings": {"maxAge": 86400, "earningsChart": {"quarterly": [], "earningsDate": ["2020-09-09 05:30:S"]}, "financialsChart": {"yearly": [{"date": 2017, "revenue": 1259800000, "earnings": 249100000}, {"date": 2018, "revenue": 1491200000, "earnings": 136500000}, {"date": 2019, "revenue": 933300000, "earnings": -126100000}, {"date": 2020, "revenue": 1083400000, "earnings": -229200000}], "quarterly": [{"date": "3Q2019", "revenue": 272000000, "earnings": -78400000}, {"date": "4Q2019", "revenue": 303900000, "earnings": -38000000}, {"date": "1Q2020", "revenue": 275400000, "earnings": -58200000}, {"date": "2Q2020", "revenue": 178200000, "earnings": -62300000}]}, "financialCurrency": "INR"}, "calendarEvents": {"maxAge": 1, "earnings": {"earningsDate": ["2020-09-09 05:30:S"]}}, "upgradeDowngradeHistory": {"history": [], "maxAge": 86400}, "price": {"maxAge": 1, "regularMarketChangePercent": -0.004640679, "regularMarketChange": -1.75, "regularMarketTime": "2021-04-30 15:41:09", "priceHint": 2, "regularMarketPrice": 375.35, "regularMarketDayHigh": 397.9, "regularMarketDayLow": 367.0, "regularMarketVolume": 15021, "averageDailyVolume10Day": 1685, "averageDailyVolume3Month": 4748, "regularMarketPreviousClose": 377.1, "regularMarketSource": "FREE_REALTIME", "regularMarketOpen": 375.0, "exchange": "BSE", "exchangeName": "BSE", "exchangeDataDelayedBy": 0, "marketState": "CLOSED", "quoteType": "EQUITY", "symbol": "DAICHI.BO", "underlyingSymbol": null, "shortName": "DAI-ICHI KARKARIA LTD.", "longName": "Dai-Ichi Karkaria Limited", "currency": "INR", "quoteSourceName": "Delayed Quote", "currencySymbol": "\u20b9", "fromCurrency": null, "lastMarket": null, "marketCap": 2796819200}, "balanceSheetHistory": {"balanceSheetStatements": [{"maxAge": 1, "endDate": "2020-03-31", "cash": 7900000, "netReceivables": 217700000, "inventory": 204000000, "otherCurrentAssets": 292000000, "totalCurrentAssets": 738900000, "longTermInvestments": 244600000, "propertyPlantEquipment": 1559500000, "intangibleAssets": 1000000, "otherAssets": 159400000, "deferredLongTermAssetCharges": 107600000, "totalAssets": 2703400000, "accountsPayable": 286000000, "shortLongTermDebt": 169500000, "otherCurrentLiab": 66600000, "longTermDebt": 677800000, "otherLiab": 24700000, "totalCurrentLiabilities": 804400000, "totalLiab": 1506900000, "commonStock": 74500000, "retainedEarnings": 727900000, "treasuryStock": 134700000, "capitalSurplus": 259400000, "otherStockholderEquity": 134700000, "totalStockholderEquity": 1196500000, "netTangibleAssets": 1195500000}, {"maxAge": 1, "endDate": "2019-03-31", "cash": 49400000, "shortTermInvestments": 28200000, "netReceivables": 177200000, "inventory": 170500000, "otherCurrentAssets": 293700000, "totalCurrentAssets": 719600000, "longTermInvestments": 236700000, "propertyPlantEquipment": 1689400000, "intangibleAssets": 1700000, "otherAssets": 164200000, "deferredLongTermAssetCharges": 107600000, "totalAssets": 2811600000, "accountsPayable": 222000000, "shortLongTermDebt": 166700000, "otherCurrentLiab": 71800000, "longTermDebt": 731800000, "otherLiab": 15500000, "totalCurrentLiabilities": 637300000, "totalLiab": 1384600000, "commonStock": 74500000, "retainedEarnings": 957000000, "treasuryStock": 136100000, "capitalSurplus": 259400000, "otherStockholderEquity": 136100000, "totalStockholderEquity": 1427000000, "netTangibleAssets": 1425300000}, {"maxAge": 1, "endDate": "2018-03-31", "cash": 36500000, "netReceivables": 316300000, "inventory": 193100000, "otherCurrentAssets": 281200000, "totalCurrentAssets": 999100000, "longTermInvestments": 242300000, "propertyPlantEquipment": 1361700000, "intangibleAssets": 2800000, "otherAssets": 155600000, "totalAssets": 2761500000, "accountsPayable": 216100000, "shortLongTermDebt": 62600000, "otherCurrentLiab": 139900000, "longTermDebt": 604200000, "otherLiab": 27400000, "totalCurrentLiabilities": 541600000, "totalLiab": 1173200000, "commonStock": 74500000, "retainedEarnings": 1105500000, "treasuryStock": 148900000, "capitalSurplus": 259400000, "otherStockholderEquity": 148900000, "totalStockholderEquity": 1588300000, "netTangibleAssets": 1585500000}, {"maxAge": 1, "endDate": "2017-03-31", "cash": 19900000, "netReceivables": 213200000, "inventory": 162800000, "otherCurrentAssets": 113300000, "totalCurrentAssets": 910400000, "longTermInvestments": 243800000, "propertyPlantEquipment": 522400000, "intangibleAssets": 1800000, "otherAssets": 109100000, "totalAssets": 1787500000, "accountsPayable": 141600000, "shortLongTermDebt": 3400000, "otherCurrentLiab": 65600000, "longTermDebt": 36200000, "otherLiab": 19500000, "totalCurrentLiabilities": 233100000, "totalLiab": 288800000, "commonStock": 74500000, "retainedEarnings": 995900000, "treasuryStock": 168900000, "capitalSurplus": 259400000, "otherStockholderEquity": 168900000, "totalStockholderEquity": 1498700000, "netTangibleAssets": 1496900000}], "maxAge": 86400}, "earningsTrend": {"trend": [{"maxAge": 1, "period": "0q", "endDate": "2013-06-30", "growth": {}, "earningsEstimate": {"avg": 0.0, "low": 0.0, "high": 0.0, "yearAgoEps": {}, "numberOfAnalysts": 0, "growth": {}}, "revenueEstimate": {"avg": 0, "low": 0, "high": 0, "numberOfAnalysts": 0, "yearAgoRevenue": {}, "growth": {}}, "epsTrend": {"current": 0.0, "7daysAgo": 2.06, "30daysAgo": 2.06, "60daysAgo": 2.06, "90daysAgo": 2.06}, "epsRevisions": {"upLast7days": 0, "upLast30days": 0, "downLast30days": 0, "downLast90days": {}}}, {"maxAge": 1, "period": "+1q", "endDate": "2013-09-30", "growth": {}, "earningsEstimate": {"avg": 0.0, "low": 0.0, "high": 0.0, "yearAgoEps": {}, "numberOfAnalysts": 0, "growth": {}}, "revenueEstimate": {"avg": 0, "low": 0, "high": 0, "numberOfAnalysts": 0, "yearAgoRevenue": {}, "growth": {}}, "epsTrend": {"current": 0.0, "7daysAgo": 0.0, "30daysAgo": 0.0, "60daysAgo": 0.0, "90daysAgo": 0.0}, "epsRevisions": {"upLast7days": 0, "upLast30days": 0, "downLast30days": 0, "downLast90days": {}}}, {"maxAge": 1, "period": "0y", "endDate": "2018-03-31", "growth": {}, "earningsEstimate": {"avg": 0.0, "low": 0.0, "high": 0.0, "yearAgoEps": {}, "numberOfAnalysts": 0, "growth": {}}, "revenueEstimate": {"avg": 0, "low": 0, "high": 0, "numberOfAnalysts": 0, "yearAgoRevenue": {}, "growth": {}}, "epsTrend": {"current": 0.0, "7daysAgo": 0.0, "30daysAgo": 0.0, "60daysAgo": 0.0, "90daysAgo": 0.0}, "epsRevisions": {"upLast7days": 0, "upLast30days": 0, "downLast30days": 0, "downLast90days": {}}}, {"maxAge": 1, "period": "+1y", "endDate": "2014-03-31", "growth": {}, "earningsEstimate": {"avg": 0.0, "low": 0.0, "high": 0.0, "yearAgoEps": {}, "numberOfAnalysts": 0, "growth": {}}, "revenueEstimate": {"avg": 0, "low": 888690000, "high": 888690000, "numberOfAnalysts": 1, "yearAgoRevenue": {}, "growth": {}}, "epsTrend": {"current": 0.0, "7daysAgo": 6.35, "30daysAgo": 6.35, "60daysAgo": 6.35, "90daysAgo": 6.35}, "epsRevisions": {"upLast7days": 0, "upLast30days": 0, "downLast30days": 0, "downLast90days": {}}}, {"maxAge": 1, "period": "+5y", "endDate": null, "growth": {}, "earningsEstimate": {"avg": {}, "low": {}, "high": {}, "yearAgoEps": {}, "numberOfAnalysts": {}, "growth": {}}, "revenueEstimate": {"avg": {}, "low": {}, "high": {}, "numberOfAnalysts": {}, "yearAgoRevenue": {}, "growth": {}}, "epsTrend": {"current": {}, "7daysAgo": {}, "30daysAgo": {}, "60daysAgo": {}, "90daysAgo": {}}, "epsRevisions": {"upLast7days": {}, "upLast30days": {}, "downLast30days": {}, "downLast90days": {}}}, {"maxAge": 1, "period": "-5y", "endDate": null, "growth": {}, "earningsEstimate": {"avg": {}, "low": {}, "high": {}, "yearAgoEps": {}, "numberOfAnalysts": {}, "growth": {}}, "revenueEstimate": {"avg": {}, "low": {}, "high": {}, "numberOfAnalysts": {}, "yearAgoRevenue": {}, "growth": {}}, "epsTrend": {"current": {}, "7daysAgo": {}, "30daysAgo": {}, "60daysAgo": {}, "90daysAgo": {}}, "epsRevisions": {"upLast7days": {}, "upLast30days": {}, "downLast30days": {}, "downLast90days": {}}}], "maxAge": 1}, "financialData": {"maxAge": 86400, "currentPrice": 375.35, "targetHighPrice": 430.0, "targetLowPrice": 430.0, "targetMeanPrice": 430.0, "targetMedianPrice": 430.0, "recommendationMean": 2.0, "recommendationKey": "buy", "numberOfAnalystOpinions": 1, "grossProfits": 344700000, "financialCurrency": "INR"}}}