{"DAIKAFFI.BO": {"cashflowStatementHistory": {"cashflowStatements": [{"maxAge": 1, "endDate": "2020-03-31", "netIncome": 10819000, "depreciation": 11242000, "changeToNetincome": -6692000, "changeToAccountReceivables": 9144000, "changeToLiabilities": 9323000, "changeToInventory": -429000, "changeToOperatingActivities": 515000, "totalCashFromOperatingActivities": 33922000, "capitalExpenditures": -1713000, "otherCashflowsFromInvestingActivities": 2945000, "totalCashflowsFromInvestingActivities": 1382000, "dividendsPaid": -4200000, "netBorrowings": -1793000, "otherCashflowsFromFinancingActivities": -863000, "totalCashFromFinancingActivities": -6856000, "changeInCash": 28448000}, {"maxAge": 1, "endDate": "2019-03-31", "netIncome": 8605000, "depreciation": 9633000, "changeToNetincome": -1476000, "changeToAccountReceivables": 18577000, "changeToLiabilities": -19580000, "changeToInventory": -1688000, "changeToOperatingActivities": 8691000, "totalCashFromOperatingActivities": 22762000, "capitalExpenditures": -4327000, "investments": 21079000, "otherCashflowsFromInvestingActivities": 1849000, "totalCashflowsFromInvestingActivities": 18601000, "dividendsPaid": -8680000, "netBorrowings": -1793000, "otherCashflowsFromFinancingActivities": -863000, "totalCashFromFinancingActivities": -8680000, "changeInCash": 32684000}, {"maxAge": 1, "endDate": "2018-03-31", "netIncome": 23931607, "depreciation": 9654526, "changeToNetincome": -1285798, "changeToAccountReceivables": -24528065, "changeToLiabilities": 16218037, "changeToInventory": 3555997, "changeToOperatingActivities": 8691000, "totalCashFromOperatingActivities": 26433564, "capitalExpenditures": -4419701, "investments": -22623835, "otherCashflowsFromInvestingActivities": 1849000, "totalCashflowsFromInvestingActivities": -26943536, "dividendsPaid": -12276480, "netBorrowings": -1793000, "otherCashflowsFromFinancingActivities": -863000, "totalCashFromFinancingActivities": -12276480, "changeInCash": -12786452}, {"maxAge": 1, "endDate": "2017-03-31", "netIncome": 24445025, "depreciation": 14795781, "changeToNetincome": -2609897, "changeToAccountReceivables": 38283468, "changeToLiabilities": -22451710, "changeToInventory": 5582451, "changeToOperatingActivities": -7068932, "totalCashFromOperatingActivities": 50377820, "capitalExpenditures": -9252627, "investments": 41620, "otherCashflowsFromInvestingActivities": 1849000, "totalCashflowsFromInvestingActivities": -9211007, "dividendsPaid": -7228800, "netBorrowings": -1793000, "otherCashflowsFromFinancingActivities": -863000, "totalCashFromFinancingActivities": -7228800, "changeInCash": 33938013}], "maxAge": 86400}, "institutionOwnership": {"maxAge": 1, "ownershipList": []}, "balanceSheetHistoryQuarterly": {"balanceSheetStatements": [{"maxAge": 1, "endDate": "2020-06-30", "totalStockholderEquity": 259559000, "netTangibleAssets": 259559000}, {"maxAge": 1, "endDate": "2020-03-31", "cash": 90844000, "shortTermInvestments": 1039000, "netReceivables": 19762000, "inventory": 33133000, "otherCurrentAssets": 12635000, "totalCurrentAssets": 157673000, "longTermInvestments": 1872000, "propertyPlantEquipment": 140473000, "otherAssets": 1994000, "totalAssets": 302012000, "accountsPayable": 19844000, "otherCurrentLiab": 2843000, "otherLiab": 8361000, "totalCurrentLiabilities": 28514000, "totalLiab": 42453000, "commonStock": 60000000, "retainedEarnings": 111871000, "treasuryStock": 84239000, "capitalSurplus": 3449000, "otherStockholderEquity": 84239000, "totalStockholderEquity": 259559000, "netTangibleAssets": 259559000}, {"maxAge": 1, "endDate": "2019-12-31", "totalStockholderEquity": 258380000, "netTangibleAssets": 258380000}, {"maxAge": 1, "endDate": "2019-09-30", "cash": 83261000, "netReceivables": 24211000, "inventory": 24040000, "otherCurrentAssets": 12352000, "totalCurrentAssets": 143864000, "longTermInvestments": 1872000, "propertyPlantEquipment": 145261000, "otherAssets": 2035000, "totalAssets": 293032000, "accountsPayable": 10693000, "otherCurrentLiab": 5578000, "otherLiab": 10601000, "totalCurrentLiabilities": 17538000, "totalLiab": 34652000, "commonStock": 60000000, "treasuryStock": 198380000, "otherStockholderEquity": 198380000, "totalStockholderEquity": 258380000, "netTangibleAssets": 258380000}], "maxAge": 86400}, "indexTrend": {"maxAge": 1, "symbol": "SP5", "peRatio": 19.7411, "pegRatio": 1.34172, "estimates": [{"period": "0q", "growth": 0.549}, {"period": "+1q", "growth": 0.431}, {"period": "0y", "growth": 0.305}, {"period": "+1y", "growth": 0.109}, {"period": "+5y", "growth": 0.120859005}, {"period": "-5y"}]}, "insiderTransactions": {"transactions": [{"maxAge": 1, "shares": 183300, "filerUrl": "", "transactionText": "Other at price 0.00 per share.", "filerName": "Patel (Amit Jayant)", "filerRelation": "Director (Non-Executive)", "moneyText": "", "startDate": "2020-09-19", "ownership": "D"}], "maxAge": 1}, "quoteType": {"exchange": "BSE", "quoteType": "EQUITY", "symbol": "DAIKAFFI.BO", "underlyingSymbol": "DAIKAFFI.BO", "shortName": "DAIKAFFIL CHEMICALS INDIA LTD.", "longName": "Daikaffil Chemicals India Limited", "firstTradeDateEpochUtc": "2000-08-31 09:15:00", "timeZoneFullName": "Asia/Kolkata", "timeZoneShortName": "IST", "uuid": "36b10952-2c50-37b9-93f1-23b169882e78", "messageBoardId": null, "gmtOffSetMilliseconds": 19800000, "maxAge": 1}, "incomeStatementHistory": {"incomeStatementHistory": [{"maxAge": 1, "endDate": "2020-03-31", "totalRevenue": 157198000, "costOfRevenue": 91773000, "grossProfit": 65425000, "researchDevelopment": {}, "sellingGeneralAdministrative": 22967000, "nonRecurring": {}, "otherOperatingExpenses": 23691000, "totalOperatingExpenses": 149673000, "operatingIncome": 7525000, "totalOtherIncomeExpenseNet": 7479000, "ebit": 7525000, "interestExpense": -538000, "incomeBeforeTax": 15004000, "incomeTaxExpense": 4185000, "minorityInterest": {}, "netIncomeFromContinuingOps": 10819000, "discontinuedOperations": {}, "extraordinaryItems": {}, "effectOfAccountingCharges": {}, "otherItems": {}, "netIncome": 10819000, "netIncomeApplicableToCommonShares": 10819000}, {"maxAge": 1, "endDate": "2019-03-31", "totalRevenue": 168391000, "costOfRevenue": 98696000, "grossProfit": 69695000, "researchDevelopment": {}, "sellingGeneralAdministrative": 24245000, "nonRecurring": {}, "otherOperatingExpenses": 27543000, "totalOperatingExpenses": 160117000, "operatingIncome": 8274000, "totalOtherIncomeExpenseNet": 3962000, "ebit": 8274000, "interestExpense": -50000, "incomeBeforeTax": 12236000, "incomeTaxExpense": 3631000, "minorityInterest": {}, "netIncomeFromContinuingOps": 8605000, "discontinuedOperations": {}, "extraordinaryItems": {}, "effectOfAccountingCharges": {}, "otherItems": {}, "netIncome": 8605000, "netIncomeApplicableToCommonShares": 8605000}, {"maxAge": 1, "endDate": "2018-03-31", "totalRevenue": 228146144, "costOfRevenue": 134885368, "grossProfit": 93260776, "researchDevelopment": {}, "sellingGeneralAdministrative": 25642003, "nonRecurring": {}, "otherOperatingExpenses": 36656669, "totalOperatingExpenses": 205498747, "operatingIncome": 22647397, "totalOtherIncomeExpenseNet": 8357617, "ebit": 22647397, "interestExpense": -63016, "incomeBeforeTax": 31005014, "incomeTaxExpense": 7295610, "minorityInterest": 1657174, "netIncomeFromContinuingOps": 23709404, "discontinuedOperations": {}, "extraordinaryItems": {}, "effectOfAccountingCharges": {}, "otherItems": {}, "netIncome": 23931607, "netIncomeApplicableToCommonShares": 23931607}, {"maxAge": 1, "endDate": "2017-03-31", "totalRevenue": 264373328, "costOfRevenue": 155646920, "grossProfit": 108726408, "researchDevelopment": {}, "sellingGeneralAdministrative": 25349890, "nonRecurring": {}, "otherOperatingExpenses": 38501393, "totalOperatingExpenses": 232954165, "operatingIncome": 31419163, "totalOtherIncomeExpenseNet": 5406180, "ebit": 31419163, "interestExpense": -102550, "incomeBeforeTax": 36825343, "incomeTaxExpense": 12324766, "minorityInterest": 1752043, "netIncomeFromContinuingOps": 24500577, "discontinuedOperations": {}, "extraordinaryItems": {}, "effectOfAccountingCharges": {}, "otherItems": {}, "netIncome": 24445025, "netIncomeApplicableToCommonShares": 24445025}], "maxAge": 86400}, "fundOwnership": {"maxAge": 1, "ownershipList": []}, "summaryDetail": {"maxAge": 1, "priceHint": 2, "previousClose": 34.0, "open": 35.2, "dayLow": 32.35, "dayHigh": 35.2, "regularMarketPreviousClose": 34.0, "regularMarketOpen": 35.2, "regularMarketDayLow": 32.35, "regularMarketDayHigh": 35.2, "trailingPE": 86.387436, "volume": 3691, "regularMarketVolume": 3691, "averageVolume": 4710, "averageVolume10days": 2759, "averageDailyVolume10Day": 2759, "bid": 32.35, "ask": 33.25, "bidSize": 0, "askSize": 0, "marketCap": 198000000, "fiftyTwoWeekLow": 15.05, "fiftyTwoWeekHigh": 44.85, "fiftyDayAverage": 33.134285, "twoHundredDayAverage": 31.283941, "trailingAnnualDividendRate": 0.7, "trailingAnnualDividendYield": 0.020588234, "currency": "INR", "fromCurrency": null, "toCurrency": null, "lastMarket": null, "algorithm": null, "tradeable": false}, "incomeStatementHistoryQuarterly": {"incomeStatementHistory": [{"maxAge": 1, "endDate": "2020-06-30", "totalRevenue": 14374000, "costOfRevenue": 9693000, "grossProfit": 4681000, "researchDevelopment": {}, "sellingGeneralAdministrative": 4988000, "nonRecurring": {}, "otherOperatingExpenses": 3222000, "totalOperatingExpenses": 20727000, "operatingIncome": -6353000, "totalOtherIncomeExpenseNet": 840000, "ebit": -6353000, "interestExpense": -130000, "incomeBeforeTax": -5513000, "incomeTaxExpense": 0, "minorityInterest": {}, "netIncomeFromContinuingOps": -5513000, "discontinuedOperations": {}, "extraordinaryItems": {}, "effectOfAccountingCharges": {}, "otherItems": {}, "netIncome": -5513000, "netIncomeApplicableToCommonShares": -5513000}, {"maxAge": 1, "endDate": "2020-03-31", "totalRevenue": 36035000, "costOfRevenue": 20728000, "grossProfit": 15307000, "researchDevelopment": {}, "sellingGeneralAdministrative": 5446000, "nonRecurring": {}, "otherOperatingExpenses": 3590000, "totalOperatingExpenses": 32585000, "operatingIncome": 3450000, "totalOtherIncomeExpenseNet": 2126000, "ebit": 3450000, "interestExpense": -23000, "incomeBeforeTax": 5576000, "incomeTaxExpense": 196000, "minorityInterest": {}, "netIncomeFromContinuingOps": 5380000, "discontinuedOperations": {}, "extraordinaryItems": {}, "effectOfAccountingCharges": {}, "otherItems": {}, "netIncome": 5380000, "netIncomeApplicableToCommonShares": 5380000}, {"maxAge": 1, "endDate": "2019-12-31", "totalRevenue": 33194000, "costOfRevenue": 18325000, "grossProfit": 14869000, "researchDevelopment": {}, "sellingGeneralAdministrative": 5146000, "nonRecurring": {}, "otherOperatingExpenses": 6629000, "totalOperatingExpenses": 32771000, "operatingIncome": 423000, "totalOtherIncomeExpenseNet": 2108000, "ebit": 423000, "interestExpense": -124000, "incomeBeforeTax": 2531000, "incomeTaxExpense": 918000, "minorityInterest": {}, "netIncomeFromContinuingOps": 1613000, "discontinuedOperations": {}, "extraordinaryItems": {}, "effectOfAccountingCharges": {}, "otherItems": {}, "netIncome": 1613000, "netIncomeApplicableToCommonShares": 1613000}, {"maxAge": 1, "endDate": "2019-09-30", "totalRevenue": 42891000, "costOfRevenue": 26194000, "grossProfit": 16697000, "researchDevelopment": {}, "sellingGeneralAdministrative": 6561000, "nonRecurring": {}, "otherOperatingExpenses": 6899000, "totalOperatingExpenses": 42627000, "operatingIncome": 264000, "totalOtherIncomeExpenseNet": 1662000, "ebit": 264000, "interestExpense": -224000, "incomeBeforeTax": 1926000, "incomeTaxExpense": 1147000, "minorityInterest": {}, "netIncomeFromContinuingOps": 779000, "discontinuedOperations": {}, "extraordinaryItems": {}, "effectOfAccountingCharges": {}, "otherItems": {}, "netIncome": 779000, "netIncomeApplicableToCommonShares": 779000}], "maxAge": 86400}, "cashflowStatementHistoryQuarterly": {"cashflowStatements": [{"maxAge": 1, "endDate": "2020-06-30", "netIncome": -5513000, "changeToLiabilities": 0}, {"maxAge": 1, "endDate": "2020-03-31", "netIncome": 5380000, "changeToLiabilities": 0}, {"maxAge": 1, "endDate": "2019-12-31", "netIncome": 1613000, "changeToLiabilities": 0}, {"maxAge": 1, "endDate": "2019-09-30", "netIncome": 779000, "changeToLiabilities": 0}], "maxAge": 86400}, "insiderHolders": {"holders": [{"maxAge": 1, "name": "Patel (Amit Jayant)", "relation": "Director (Non-Executive)", "url": "", "transactionDescription": "Other", "latestTransDate": "2020-09-19", "positionDirect": 1072965, "positionDirectDate": "2020-09-19"}], "maxAge": 1}, "calendarEvents": {"maxAge": 1, "earnings": {"earningsDate": []}}, "price": {"maxAge": 1, "regularMarketChangePercent": -0.029411765, "regularMarketChange": -1.0, "regularMarketTime": "2021-04-30 15:23:26", "priceHint": 2, "regularMarketPrice": 33.0, "regularMarketDayHigh": 35.2, "regularMarketDayLow": 32.35, "regularMarketVolume": 3691, "averageDailyVolume10Day": 2759, "averageDailyVolume3Month": 4710, "regularMarketPreviousClose": 34.0, "regularMarketSource": "FREE_REALTIME", "regularMarketOpen": 35.2, "exchange": "BSE", "exchangeName": "BSE", "exchangeDataDelayedBy": 0, "marketState": "CLOSED", "quoteType": "EQUITY", "symbol": "DAIKAFFI.BO", "underlyingSymbol": null, "shortName": "DAIKAFFIL CHEMICALS INDIA LTD.", "longName": "Daikaffil Chemicals India Limited", "currency": "INR", "quoteSourceName": "Delayed Quote", "currencySymbol": "\u20b9", "fromCurrency": null, "toCurrency": null, "lastMarket": null, "marketCap": 198000000}, "balanceSheetHistory": {"balanceSheetStatements": [{"maxAge": 1, "endDate": "2020-03-31", "cash": 90844000, "shortTermInvestments": 1039000, "netReceivables": 19762000, "inventory": 33133000, "otherCurrentAssets": 12635000, "totalCurrentAssets": 157673000, "longTermInvestments": 1872000, "propertyPlantEquipment": 140473000, "otherAssets": 1994000, "totalAssets": 302012000, "accountsPayable": 19844000, "otherCurrentLiab": 2843000, "otherLiab": 8361000, "totalCurrentLiabilities": 28514000, "totalLiab": 42453000, "commonStock": 60000000, "retainedEarnings": 111871000, "treasuryStock": 84239000, "capitalSurplus": 3449000, "otherStockholderEquity": 84239000, "totalStockholderEquity": 259559000, "netTangibleAssets": 259559000}, {"maxAge": 1, "endDate": "2019-03-31", "cash": 62396000, "shortTermInvestments": 3068000, "netReceivables": 28146000, "inventory": 32704000, "otherCurrentAssets": 8738000, "totalCurrentAssets": 135368000, "longTermInvestments": 1872000, "propertyPlantEquipment": 141708000, "otherAssets": 1970000, "totalAssets": 280918000, "accountsPayable": 10501000, "otherCurrentLiab": 2195000, "otherLiab": 9881000, "totalCurrentLiabilities": 16482000, "totalLiab": 26363000, "commonStock": 60000000, "retainedEarnings": 106793000, "treasuryStock": 84313000, "capitalSurplus": 3449000, "otherStockholderEquity": 84313000, "totalStockholderEquity": 254555000, "netTangibleAssets": 254555000}, {"maxAge": 1, "endDate": "2018-03-31", "cash": 37075174, "netReceivables": 59537143, "inventory": 31016661, "otherCurrentAssets": 4953243, "totalCurrentAssets": 132946362, "longTermInvestments": 22151908, "propertyPlantEquipment": 147014063, "otherAssets": 2175608, "totalAssets": 304287941, "accountsPayable": 29716361, "otherCurrentLiab": 2760805, "otherLiab": 10730473, "minorityInterest": 1657174, "totalCurrentLiabilities": 36519563, "totalLiab": 47250036, "commonStock": 60000000, "retainedEarnings": 108800190, "treasuryStock": 83131921, "capitalSurplus": 3448620, "otherStockholderEquity": 83131921, "totalStockholderEquity": 255380731, "netTangibleAssets": 255380731}, {"maxAge": 1, "endDate": "2017-03-31", "cash": 47058115, "netReceivables": 32827349, "inventory": 34572658, "otherCurrentAssets": 8054929, "totalCurrentAssets": 122908828, "longTermInvestments": 2188085, "propertyPlantEquipment": 152371583, "otherAssets": 1491794, "totalAssets": 278960290, "accountsPayable": 14407832, "otherCurrentLiab": 2168502, "otherLiab": 13454573, "minorityInterest": 1752043, "totalCurrentLiabilities": 19995090, "totalLiab": 33449663, "commonStock": 60000000, "retainedEarnings": 94289577, "treasuryStock": 86020387, "capitalSurplus": 3448620, "otherStockholderEquity": 86020387, "totalStockholderEquity": 243758584, "netTangibleAssets": 243758584}], "maxAge": 86400}, "financialData": {"maxAge": 86400, "currentPrice": 33.0, "recommendationKey": "none", "grossProfits": 65425000, "financialCurrency": "INR"}}}