{"DALALSTCOM.NS": {"assetProfile": {"address1": "419-A, Arun Chambers", "address2": "4th Floor Tardeo Next to AC Market", "city": "Mumbai", "zip": "400034", "country": "India", "phone": "91 22 4347 6017", "website": "http://www.dsjcommunication.com", "industry": "Publishing", "sector": "Communication Services", "longBusinessSummary": "DSJ Communications Limited prints and publishes newspapers and magazines in India. It is also involved in disseminating news and information through print, television, radio, and internet. The company was incorporated in 1989 and is based in Mumbai, India.", "fullTimeEmployees": 3, "companyOfficers": [{"maxAge": 1, "name": "Mr. Sanjay V. Padode", "age": 55, "title": "Chairman & MD", "yearBorn": 1965, "fiscalYear": 2019, "totalPay": 0, "exercisedValue": 0, "unexercisedValue": 0}, {"maxAge": 1, "name": "Mr. Pranav  Padode", "title": "CEO & Whole-Time Additional Director", "exercisedValue": 0, "unexercisedValue": 0}, {"maxAge": 1, "name": "Mr. Shrikant  Chilveri", "title": "Chief Financial Officer", "exercisedValue": 0, "unexercisedValue": 0}, {"maxAge": 1, "name": "Mr. Jaiprakash  Gangwani", "title": "Company Sec. & Compliance Officer", "exercisedValue": 0, "unexercisedValue": 0}, {"maxAge": 1, "name": "Mr. Pradeep Mani Tripathi", "age": 46, "title": "Exec.", "yearBorn": 1974, "fiscalYear": 2018, "exercisedValue": 0, "unexercisedValue": 0}], "compensationAsOfEpochDate": "2019-12-31 05:30:00", "maxAge": 86400}, "cashflowStatementHistory": {"cashflowStatements": [{"maxAge": 1, "endDate": "2020-03-31", "netIncome": -3440643, "changeToNetincome": -1963055, "changeToAccountReceivables": 1572600, "changeToLiabilities": 79511, "changeToOperatingActivities": 3176, "totalCashFromOperatingActivities": -3748411, "otherCashflowsFromInvestingActivities": 4540, "totalCashflowsFromInvestingActivities": 4540, "netBorrowings": 3946794, "totalCashFromFinancingActivities": 3946794, "changeInCash": 202923}, {"maxAge": 1, "endDate": "2019-03-31", "netIncome": -1997121, "changeToNetincome": 480000, "changeToAccountReceivables": -1040000, "changeToLiabilities": 108042, "changeToOperatingActivities": 2133, "totalCashFromOperatingActivities": -2446946, "otherCashflowsFromInvestingActivities": 3090, "totalCashflowsFromInvestingActivities": 3090, "netBorrowings": 2491170, "totalCashFromFinancingActivities": 2491170, "changeInCash": 47314}, {"maxAge": 1, "endDate": "2018-03-31", "netIncome": -1106901, "changeToNetincome": -257871, "changeToAccountReceivables": -549998, "changeToLiabilities": -307973, "changeToOperatingActivities": 4027, "totalCashFromOperatingActivities": -2218716, "otherCashflowsFromInvestingActivities": 2672, "totalCashflowsFromInvestingActivities": 2672, "netBorrowings": 2189336, "totalCashFromFinancingActivities": 2189336, "changeInCash": -26708}, {"maxAge": 1, "endDate": "2017-03-31", "netIncome": -1583847, "changeToNetincome": -96262, "changeToAccountReceivables": -880000, "changeToLiabilities": 1193618, "changeToOperatingActivities": 14017, "totalCashFromOperatingActivities": -1352474, "otherCashflowsFromInvestingActivities": 2850, "totalCashflowsFromInvestingActivities": 2850, "netBorrowings": 1314705, "totalCashFromFinancingActivities": 1314705, "changeInCash": -34920}], "maxAge": 86400}, "institutionOwnership": {"ownershipList": [], "maxAge": 1}, "majorHoldersBreakdown": {"maxAge": 1, "insidersPercentHeld": 0.44895, "institutionsPercentHeld": 0.0, "institutionsFloatPercentHeld": 0.0, "institutionsCount": 0}, "balanceSheetHistoryQuarterly": {"balanceSheetStatements": [{"maxAge": 1, "endDate": "2020-12-31", "totalStockholderEquity": 19752000, "netTangibleAssets": 19752000}, {"maxAge": 1, "endDate": "2020-09-30", "cash": 63000, "shortTermInvestments": 146000, "totalCurrentAssets": 209000, "longTermInvestments": 499000, "otherAssets": 36232000, "totalAssets": 36940000, "longTermDebt": 15751000, "otherLiab": 1437000, "totalLiab": 17188000, "commonStock": 73297000, "treasuryStock": -53545000, "otherStockholderEquity": -53545000, "totalStockholderEquity": 19752000, "netTangibleAssets": 19752000}, {"maxAge": 1, "endDate": "2020-06-30", "totalStockholderEquity": 19416882, "netTangibleAssets": 19416882}, {"maxAge": 1, "endDate": "2020-03-31", "cash": 173829, "netReceivables": 897400, "otherCurrentAssets": 145600, "totalCurrentAssets": 1216829, "longTermInvestments": 499009, "otherAssets": 35000000, "totalAssets": 36715838, "accountsPayable": 1438395, "longTermDebt": 14764042, "totalCurrentLiabilities": 1634914, "totalLiab": 16398956, "commonStock": 73296500, "retainedEarnings": -511828139, "treasuryStock": 58777662, "capitalSurplus": 399170859, "otherStockholderEquity": 58777662, "totalStockholderEquity": 19416882, "netTangibleAssets": 19416882}], "maxAge": 86400}, "indexTrend": {"maxAge": 1, "symbol": "SP5", "peRatio": 19.7411, "pegRatio": 1.34172, "estimates": [{"period": "0q", "growth": 0.549}, {"period": "+1q", "growth": 0.431}, {"period": "0y", "growth": 0.305}, {"period": "+1y", "growth": 0.109}, {"period": "+5y", "growth": 0.120865}, {"period": "-5y"}]}, "defaultKeyStatistics": {"maxAge": 1, "priceHint": 4, "enterpriseValue": 101897000, "profitMargins": -1.27253, "floatShares": 52315677, "sharesOutstanding": 79081504, "heldPercentInsiders": 0.44895, "heldPercentInstitutions": 0.0, "category": null, "bookValue": 0.277, "priceToBook": 3.4296026, "fundFamily": null, "legalType": null, "lastFiscalYearEnd": "2020-03-31 05:30:00", "nextFiscalYearEnd": "2022-03-31 05:30:00", "mostRecentQuarter": "2020-12-31 05:30:00", "netIncomeToCommon": -2337643, "trailingEps": -0.033, "lastSplitFactor": null, "enterpriseToRevenue": 55.469}, "summaryProfile": {"address1": "419-A, Arun Chambers", "address2": "4th Floor Tardeo Next to AC Market", "city": "Mumbai", "zip": "400034", "country": "India", "phone": "91 22 4347 6017", "website": "http://www.dsjcommunication.com", "industry": "Publishing", "sector": "Communication Services", "longBusinessSummary": "DSJ Communications Limited prints and publishes newspapers and magazines in India. It is also involved in disseminating news and information through print, television, radio, and internet. The company was incorporated in 1989 and is based in Mumbai, India.", "fullTimeEmployees": 3, "companyOfficers": [], "maxAge": 86400}, "netSharePurchaseActivity": {"maxAge": 1, "period": "6m", "buyInfoCount": 0, "buyInfoShares": 0, "sellInfoCount": 0, "netInfoCount": 0, "netInfoShares": 0, "netPercentInsiderShares": 0.0, "totalInsiderShares": 40809556}, "quoteType": {"exchange": "NSI", "quoteType": "EQUITY", "symbol": "DALALSTCOM.NS", "underlyingSymbol": "DALALSTCOM.NS", "shortName": "DSJ COMMUNICATION", "longName": "DSJ Communications Limited", "firstTradeDateEpochUtc": "2021-03-25 09:15:00", "timeZoneFullName": "Asia/Kolkata", "timeZoneShortName": "IST", "uuid": "988e608b-c8d0-3c04-b31f-8a356aa11e81", "gmtOffSetMilliseconds": 19800000, "maxAge": 1}, "incomeStatementHistory": {"incomeStatementHistory": [{"maxAge": 1, "endDate": "2020-03-31", "totalRevenue": 1263000, "costOfRevenue": 0, "grossProfit": 1263000, "researchDevelopment": {}, "sellingGeneralAdministrative": 911316, "nonRecurring": {}, "otherOperatingExpenses": 5609707, "totalOperatingExpenses": 6521023, "operatingIncome": -5258023, "totalOtherIncomeExpenseNet": 1817380, "ebit": -5258023, "interestExpense": -157891, "incomeBeforeTax": -3440643, "incomeTaxExpense": 0, "minorityInterest": {}, "netIncomeFromContinuingOps": -3440643, "discontinuedOperations": {}, "extraordinaryItems": {}, "effectOfAccountingCharges": {}, "otherItems": {}, "netIncome": -3440643, "netIncomeApplicableToCommonShares": -3440643}, {"maxAge": 1, "endDate": "2019-03-31", "totalRevenue": 1040000, "costOfRevenue": 0, "grossProfit": 1040000, "researchDevelopment": {}, "sellingGeneralAdministrative": 770853, "nonRecurring": {}, "otherOperatingExpenses": 1011154, "totalOperatingExpenses": 1782007, "operatingIncome": -742007, "totalOtherIncomeExpenseNet": -1255114, "ebit": -742007, "interestExpense": -774170, "incomeBeforeTax": -1997121, "incomeTaxExpense": 0, "minorityInterest": {}, "netIncomeFromContinuingOps": -1997121, "discontinuedOperations": {}, "extraordinaryItems": {}, "effectOfAccountingCharges": {}, "otherItems": {}, "netIncome": -1997121, "netIncomeApplicableToCommonShares": -1997121}, {"maxAge": 1, "endDate": "2018-03-31", "totalRevenue": 550000, "costOfRevenue": 0, "grossProfit": 550000, "researchDevelopment": {}, "sellingGeneralAdministrative": 392610, "nonRecurring": {}, "otherOperatingExpenses": 908543, "totalOperatingExpenses": 1301153, "operatingIncome": -751153, "totalOtherIncomeExpenseNet": -355748, "ebit": -751153, "interestExpense": -612336, "incomeBeforeTax": -1106901, "incomeTaxExpense": 0, "minorityInterest": {}, "netIncomeFromContinuingOps": -1106901, "discontinuedOperations": {}, "extraordinaryItems": {}, "effectOfAccountingCharges": {}, "otherItems": {}, "netIncome": -1106901, "netIncomeApplicableToCommonShares": -1106901}, {"maxAge": 1, "endDate": "2017-03-31", "totalRevenue": 880000, "costOfRevenue": 0, "grossProfit": 880000, "researchDevelopment": {}, "sellingGeneralAdministrative": 1205141, "nonRecurring": {}, "otherOperatingExpenses": 846669, "totalOperatingExpenses": 2051810, "operatingIncome": -1171810, "totalOtherIncomeExpenseNet": -412037, "ebit": -1171810, "interestExpense": -505499, "incomeBeforeTax": -1583847, "incomeTaxExpense": 0, "minorityInterest": {}, "netIncomeFromContinuingOps": -1583847, "discontinuedOperations": {}, "extraordinaryItems": {}, "effectOfAccountingCharges": {}, "otherItems": {}, "netIncome": -1583847, "netIncomeApplicableToCommonShares": -1583847}], "maxAge": 86400}, "fundOwnership": {"ownershipList": [], "maxAge": 1}, "summaryDetail": {"maxAge": 1, "priceHint": 4, "previousClose": 0.95, "open": 0.95, "dayLow": 0.9, "dayHigh": 1.0, "regularMarketPreviousClose": 0.95, "regularMarketOpen": 0.95, "regularMarketDayLow": 0.9, "regularMarketDayHigh": 1.0, "payoutRatio": 0.0, "volume": 18993, "regularMarketVolume": 18993, "averageVolume": 12435, "averageVolume10days": 4467, "averageDailyVolume10Day": 4467, "bid": 0.0, "ask": 0.0, "marketCap": 78290640, "fiftyTwoWeekLow": 0.9, "fiftyTwoWeekHigh": 1.2, "priceToSalesTrailing12Months": 42.618748, "fiftyDayAverage": 1.0916667, "twoHundredDayAverage": 1.0916667, "currency": "INR", "fromCurrency": null, "lastMarket": null, "algorithm": null, "tradeable": false}, "incomeStatementHistoryQuarterly": {"incomeStatementHistory": [{"maxAge": 1, "endDate": "2020-12-31", "totalRevenue": 375000, "costOfRevenue": 0, "grossProfit": 375000, "researchDevelopment": {}, "sellingGeneralAdministrative": 366000, "nonRecurring": {}, "otherOperatingExpenses": 353000, "totalOperatingExpenses": 719000, "operatingIncome": -344000, "totalOtherIncomeExpenseNet": 0, "ebit": -344000, "interestExpense": {}, "incomeBeforeTax": -344000, "incomeTaxExpense": 0, "minorityInterest": {}, "netIncomeFromContinuingOps": -344000, "discontinuedOperations": {}, "extraordinaryItems": {}, "effectOfAccountingCharges": {}, "otherItems": {}, "netIncome": -344000, "netIncomeApplicableToCommonShares": -344000}, {"maxAge": 1, "endDate": "2020-09-30", "totalRevenue": 352000, "costOfRevenue": 0, "grossProfit": 352000, "researchDevelopment": {}, "sellingGeneralAdministrative": 412000, "nonRecurring": {}, "otherOperatingExpenses": 88000, "totalOperatingExpenses": 500000, "operatingIncome": -148000, "totalOtherIncomeExpenseNet": 0, "ebit": -148000, "interestExpense": {}, "incomeBeforeTax": -148000, "incomeTaxExpense": 0, "minorityInterest": {}, "netIncomeFromContinuingOps": -148000, "discontinuedOperations": {}, "extraordinaryItems": {}, "effectOfAccountingCharges": {}, "otherItems": {}, "netIncome": -148000, "netIncomeApplicableToCommonShares": -148000}, {"maxAge": 1, "endDate": "2020-06-30", "totalRevenue": 496000, "costOfRevenue": 0, "grossProfit": 496000, "researchDevelopment": {}, "sellingGeneralAdministrative": 128000, "nonRecurring": {}, "otherOperatingExpenses": 786000, "totalOperatingExpenses": 914000, "operatingIncome": -418000, "totalOtherIncomeExpenseNet": 0, "ebit": -418000, "interestExpense": {}, "incomeBeforeTax": -418000, "incomeTaxExpense": 0, "minorityInterest": {}, "netIncomeFromContinuingOps": -418000, "discontinuedOperations": {}, "extraordinaryItems": {}, "effectOfAccountingCharges": {}, "otherItems": {}, "netIncome": -418000, "netIncomeApplicableToCommonShares": -418000}, {"maxAge": 1, "endDate": "2020-03-31", "totalRevenue": 614000, "costOfRevenue": 0, "grossProfit": 614000, "researchDevelopment": {}, "sellingGeneralAdministrative": 256316, "nonRecurring": {}, "otherOperatingExpenses": 3603707, "totalOperatingExpenses": 3860023, "operatingIncome": -3246023, "totalOtherIncomeExpenseNet": 1817380, "ebit": -3246023, "interestExpense": -157891, "incomeBeforeTax": -1428643, "incomeTaxExpense": 0, "minorityInterest": {}, "netIncomeFromContinuingOps": -1428643, "discontinuedOperations": {}, "extraordinaryItems": {}, "effectOfAccountingCharges": {}, "otherItems": {}, "netIncome": -1428643, "netIncomeApplicableToCommonShares": -1428643}], "maxAge": 86400}, "cashflowStatementHistoryQuarterly": {"cashflowStatements": [{"maxAge": 1, "endDate": "2020-12-31", "netIncome": -344000, "changeToLiabilities": 0}, {"maxAge": 1, "endDate": "2020-09-30", "netIncome": -148000, "changeToLiabilities": 0}, {"maxAge": 1, "endDate": "2020-06-30", "netIncome": -418000, "changeToLiabilities": 0}, {"maxAge": 1, "endDate": "2020-03-31", "netIncome": -1428643, "changeToLiabilities": 0}], "maxAge": 86400}, "insiderHolders": {"holders": [], "maxAge": 1}, "calendarEvents": {"maxAge": 1, "earnings": {"earningsDate": []}}, "upgradeDowngradeHistory": {"history": [], "maxAge": 86400}, "price": {"maxAge": 1, "regularMarketChangePercent": 0.0, "regularMarketChange": 0.0, "regularMarketTime": "2021-04-30 15:17:19", "priceHint": 4, "regularMarketPrice": 0.95, "regularMarketDayHigh": 1.0, "regularMarketDayLow": 0.9, "regularMarketVolume": 18993, "averageDailyVolume10Day": 4467, "averageDailyVolume3Month": 12435, "regularMarketPreviousClose": 0.95, "regularMarketSource": "FREE_REALTIME", "regularMarketOpen": 0.95, "exchange": "NSI", "exchangeName": "NSE", "exchangeDataDelayedBy": 15, "marketState": "CLOSED", "quoteType": "EQUITY", "symbol": "DALALSTCOM.NS", "underlyingSymbol": null, "shortName": "DSJ COMMUNICATION", "longName": "DSJ Communications Limited", "currency": "INR", "quoteSourceName": "Delayed Quote", "currencySymbol": "\u20b9", "fromCurrency": null, "lastMarket": null, "marketCap": 78290640}, "balanceSheetHistory": {"balanceSheetStatements": [{"maxAge": 1, "endDate": "2020-03-31", "cash": 173829, "netReceivables": 897400, "otherCurrentAssets": 145600, "totalCurrentAssets": 1216829, "longTermInvestments": 499009, "otherAssets": 35000000, "totalAssets": 36715838, "accountsPayable": 1438395, "longTermDebt": 14764042, "totalCurrentLiabilities": 1634914, "totalLiab": 16398956, "commonStock": 73296500, "retainedEarnings": -511828139, "treasuryStock": 58777662, "capitalSurplus": 399170859, "otherStockholderEquity": 58777662, "totalStockholderEquity": 19416882, "netTangibleAssets": 19416882}, {"maxAge": 1, "endDate": "2019-03-31", "cash": -29094, "netReceivables": 2470000, "totalCurrentAssets": 2440906, "longTermInvestments": 1378201, "otherAssets": 40397941, "totalAssets": 44217048, "accountsPayable": 1358884, "longTermDebt": 19065187, "otherLiab": 1394000, "totalCurrentLiabilities": 1394336, "totalLiab": 20459523, "commonStock": 73296500, "retainedEarnings": -508387496, "treasuryStock": 58777662, "capitalSurplus": 399170859, "otherStockholderEquity": 58777662, "totalStockholderEquity": 22857525, "netTangibleAssets": 22857525}, {"maxAge": 1, "endDate": "2018-03-31", "cash": -76408, "netReceivables": 1430000, "totalCurrentAssets": 1353592, "longTermInvestments": 1861291, "otherAssets": 40397941, "totalAssets": 43612824, "accountsPayable": 1250842, "longTermDebt": 16574017, "totalCurrentLiabilities": 1284161, "totalLiab": 17858178, "commonStock": 73296500, "retainedEarnings": -506390375, "treasuryStock": 58777662, "capitalSurplus": 399170859, "otherStockholderEquity": 58777662, "totalStockholderEquity": 24854646, "netTangibleAssets": 24854646}, {"maxAge": 1, "endDate": "2017-03-31", "cash": -49700, "netReceivables": 880000, "totalCurrentAssets": 830300, "longTermInvestments": 7549383, "otherAssets": 40397941, "totalAssets": 48777624, "accountsPayable": 7502105, "longTermDebt": 14384681, "totalCurrentLiabilities": 7531397, "totalLiab": 21916078, "commonStock": 73296500, "retainedEarnings": -505283475, "treasuryStock": 58777662, "capitalSurplus": 399170859, "otherStockholderEquity": 58777662, "totalStockholderEquity": 25961546, "netTangibleAssets": 25961546}], "maxAge": 86400}, "financialData": {"maxAge": 86400, "currentPrice": 0.95, "recommendationKey": "none", "totalCash": 209000, "totalCashPerShare": 0.002, "totalDebt": 15751000, "totalRevenue": 1837000, "debtToEquity": 79.744, "revenuePerShare": 0.026, "grossProfits": 1263000, "revenueGrowth": 0.616, "grossMargins": 1.0, "ebitdaMargins": 0.0, "operatingMargins": -2.2618499, "profitMargins": -1.27253, "financialCurrency": "INR"}}}