{"DANGEE.NS": {"assetProfile": {"address1": "4/A, Ketan Society", "address2": "Opposite B.D. Patel House Near Sardar Patel Colony Naranpura", "city": "Ahmedabad", "zip": "380014", "country": "India", "phone": "91 79 2768 1878", "website": "http://www.dangeedums.com", "industry": "Restaurants", "sector": "Consumer Cyclical", "longBusinessSummary": "Dangee Dums Limited offers various food products in Gujarat, India. It offers cakes and pastries, designer cakes, chocolates, cupcakes, ice creams, cream rolls, sandwiches, waffles, cookies, khari toasts, and beverages. It operates its stores under the Dangee Dums and Dangee Dums Yums brands. The company sells its products through its 78 operating outlets in Gujarat. Dangee Dums Limited was incorporated in 2010 and is based in Ahmedabad, India.", "fullTimeEmployees": 301, "companyOfficers": [{"maxAge": 1, "name": "Mr. Ketan Jagdishchandra Patel", "age": 42, "title": "Chief Financial Officer", "yearBorn": 1978, "fiscalYear": 2020, "totalPay": 456000, "exercisedValue": 0, "unexercisedValue": 0}, {"maxAge": 1, "name": "Mr. Nikul Jagdishchandra Patel", "age": 36, "title": "Chairman & MD", "yearBorn": 1984, "fiscalYear": 2019, "exercisedValue": 0, "unexercisedValue": 0}, {"maxAge": 1, "name": "Ms. Khushboo  Parikh", "age": 23, "title": "Company Sec. & Compliance Officer", "yearBorn": 1997, "exercisedValue": 0, "unexercisedValue": 0}], "compensationAsOfEpochDate": "2020-12-31 05:30:00", "maxAge": 86400}, "cashflowStatementHistory": {"cashflowStatements": [{"maxAge": 1, "endDate": "2020-03-31", "netIncome": -12694164, "depreciation": 45334314, "changeToNetincome": -318567, "changeToAccountReceivables": 6035254, "changeToLiabilities": 2130194, "changeToInventory": -17013749, "changeToOperatingActivities": -2216799, "totalCashFromOperatingActivities": 22375239, "capitalExpenditures": -46413914, "investments": 36899330, "otherCashflowsFromInvestingActivities": 785106, "totalCashflowsFromInvestingActivities": -8266558, "netBorrowings": -16654110, "otherCashflowsFromFinancingActivities": -15989057, "totalCashFromFinancingActivities": -32643167, "changeInCash": -18534486}, {"maxAge": 1, "endDate": "2019-03-31", "netIncome": 21482894, "depreciation": 51384345, "changeToNetincome": 11750033, "changeToAccountReceivables": 20728517, "changeToLiabilities": -2624686, "changeToInventory": -9024946, "changeToOperatingActivities": -28945382, "totalCashFromOperatingActivities": 65818086, "capitalExpenditures": -68175166, "investments": -52307628, "otherCashflowsFromInvestingActivities": 8245305, "totalCashflowsFromInvestingActivities": -112237489, "netBorrowings": -119223164, "otherCashflowsFromFinancingActivities": -29221265, "totalCashFromFinancingActivities": 52243571, "changeInCash": 5824168, "issuanceOfStock": 200688000}, {"maxAge": 1, "endDate": "2018-03-31", "netIncome": 13604132, "depreciation": 57516594, "changeToNetincome": 30913361, "changeToAccountReceivables": -33839080, "changeToLiabilities": 2450365, "changeToInventory": -2851480, "changeToOperatingActivities": -89633132, "totalCashFromOperatingActivities": -21144534, "capitalExpenditures": -87688338, "investments": 407589, "otherCashflowsFromInvestingActivities": 22548, "totalCashflowsFromInvestingActivities": -85258201, "netBorrowings": -8152098, "otherCashflowsFromFinancingActivities": -38723317, "totalCashFromFinancingActivities": 122634585, "changeInCash": 16231850, "issuanceOfStock": 169510000}, {"maxAge": 1, "endDate": "2017-03-31", "netIncome": 9050689, "depreciation": 25085883, "changeToNetincome": 13331898, "changeToAccountReceivables": -6946891, "changeToLiabilities": -17542283, "changeToInventory": -10714397, "changeToOperatingActivities": 6171960, "totalCashFromOperatingActivities": 18436859, "capitalExpenditures": -115804532, "investments": 768699, "otherCashflowsFromInvestingActivities": 14177, "totalCashflowsFromInvestingActivities": -115021656, "netBorrowings": 96558974, "otherCashflowsFromFinancingActivities": -19443739, "totalCashFromFinancingActivities": 77115235, "changeInCash": -19469563, "issuanceOfStock": 169510000}], "maxAge": 86400}, "institutionOwnership": {"ownershipList": [], "maxAge": 1}, "majorHoldersBreakdown": {"maxAge": 1}, "balanceSheetHistoryQuarterly": {"balanceSheetStatements": [{"maxAge": 1, "endDate": "2020-12-31"}, {"maxAge": 1, "endDate": "2020-03-31", "cash": 9477847, "shortTermInvestments": 9785727, "netReceivables": 16364886, "inventory": 50815374, "otherCurrentAssets": 7508524, "totalCurrentAssets": 96376766, "longTermInvestments": 10466014, "propertyPlantEquipment": 224346565, "intangibleAssets": 4988069, "otherAssets": 181409444, "deferredLongTermAssetCharges": 20779792, "totalAssets": 517586858, "accountsPayable": 9379158, "shortLongTermDebt": 17326501, "otherCurrentLiab": 6381013, "longTermDebt": 87274931, "totalCurrentLiabilities": 97773807, "totalLiab": 185048738, "commonStock": 102650000, "retainedEarnings": -63965463, "capitalSurplus": 293853583, "totalStockholderEquity": 332538120, "netTangibleAssets": 327550051}, {"maxAge": 1, "endDate": "2019-12-31", "cash": 9477847, "shortTermInvestments": 9785727, "netReceivables": 16364886, "inventory": 50815374, "otherCurrentAssets": 7508524, "totalCurrentAssets": 96376766, "longTermInvestments": 10466014, "propertyPlantEquipment": 224346565, "intangibleAssets": 4988069, "otherAssets": 181409444, "deferredLongTermAssetCharges": 20779792, "totalAssets": 517586858, "accountsPayable": 9379158, "shortLongTermDebt": 17326501, "otherCurrentLiab": 6381013, "longTermDebt": 87274931, "totalCurrentLiabilities": 97773807, "totalLiab": 185048738, "commonStock": 102650000, "retainedEarnings": -63965463, "capitalSurplus": 293853583, "totalStockholderEquity": 332538120, "netTangibleAssets": 327550051}, {"maxAge": 1, "endDate": "2019-09-30", "cash": 23998000, "netReceivables": 48590000, "inventory": 43572000, "totalCurrentAssets": 116160000, "longTermInvestments": 9487000, "propertyPlantEquipment": 215216000, "intangibleAssets": 4929000, "otherAssets": 175388000, "deferredLongTermAssetCharges": 17792000, "totalAssets": 521180000, "accountsPayable": 10812000, "otherCurrentLiab": 26766000, "longTermDebt": 95482000, "totalCurrentLiabilities": 73475000, "totalLiab": 168957000, "commonStock": 102650000, "treasuryStock": 249573000, "otherStockholderEquity": 249573000, "totalStockholderEquity": 352223000, "netTangibleAssets": 347294000}], "maxAge": 86400}, "indexTrend": {"maxAge": 1, "symbol": "SP5", "peRatio": 19.7411, "pegRatio": 1.34172, "estimates": [{"period": "0q", "growth": 0.549}, {"period": "+1q", "growth": 0.431}, {"period": "0y", "growth": 0.305}, {"period": "+1y", "growth": 0.109}, {"period": "+5y", "growth": 0.120865}, {"period": "-5y"}]}, "defaultKeyStatistics": {"maxAge": 1, "priceHint": 2, "enterpriseValue": 1762243840, "profitMargins": -0.52604, "floatShares": 2125963, "sharesOutstanding": 10265000, "beta": 0.329132, "category": null, "bookValue": 32.395, "priceToBook": 5.309461, "fundFamily": null, "legalType": null, "lastFiscalYearEnd": "2020-03-31 05:30:00", "nextFiscalYearEnd": "2022-03-31 05:30:00", "mostRecentQuarter": "2020-12-31 05:30:00", "netIncomeToCommon": -95197080, "trailingEps": -9.281, "lastSplitFactor": null, "enterpriseToRevenue": 9.738, "enterpriseToEbitda": -32.326}, "summaryProfile": {"address1": "4/A, Ketan Society", "address2": "Opposite B.D. Patel House Near Sardar Patel Colony Naranpura", "city": "Ahmedabad", "zip": "380014", "country": "India", "phone": "91 79 2768 1878", "website": "http://www.dangeedums.com", "industry": "Restaurants", "sector": "Consumer Cyclical", "longBusinessSummary": "Dangee Dums Limited offers various food products in Gujarat, India. It offers cakes and pastries, designer cakes, chocolates, cupcakes, ice creams, cream rolls, sandwiches, waffles, cookies, khari toasts, and beverages. It operates its stores under the Dangee Dums and Dangee Dums Yums brands. The company sells its products through its 78 operating outlets in Gujarat. Dangee Dums Limited was incorporated in 2010 and is based in Ahmedabad, India.", "fullTimeEmployees": 301, "companyOfficers": [], "maxAge": 86400}, "netSharePurchaseActivity": {"maxAge": 1, "period": "6m", "buyInfoCount": 0, "buyInfoShares": 0, "sellInfoCount": 0, "netInfoCount": 0, "netInfoShares": 0, "totalInsiderShares": 0}, "quoteType": {"exchange": "NSI", "quoteType": "EQUITY", "symbol": "DANGEE.NS", "underlyingSymbol": "DANGEE.NS", "shortName": "Dangee Dums Limited", "longName": "Dangee Dums Limited", "firstTradeDateEpochUtc": "2018-09-18 09:15:00", "timeZoneFullName": "Asia/Kolkata", "timeZoneShortName": "IST", "uuid": "54743b6d-6645-37bb-993b-67fe3929d02b", "gmtOffSetMilliseconds": 19800000, "maxAge": 1}, "incomeStatementHistory": {"incomeStatementHistory": [{"maxAge": 1, "endDate": "2020-03-31", "totalRevenue": 353488753, "costOfRevenue": 191107839, "grossProfit": 162380914, "researchDevelopment": {}, "sellingGeneralAdministrative": 60820096, "nonRecurring": {}, "otherOperatingExpenses": 65749299, "totalOperatingExpenses": 364130304, "operatingIncome": -10641551, "totalOtherIncomeExpenseNet": -6880858, "ebit": -10641551, "interestExpense": -14605374, "incomeBeforeTax": -17522409, "incomeTaxExpense": -4828245, "minorityInterest": {}, "netIncomeFromContinuingOps": -12694164, "discontinuedOperations": {}, "extraordinaryItems": {}, "effectOfAccountingCharges": {}, "otherItems": {}, "netIncome": -12694164, "netIncomeApplicableToCommonShares": -12694164}, {"maxAge": 1, "endDate": "2019-03-31", "totalRevenue": 383194190, "costOfRevenue": 186817166, "grossProfit": 196377024, "researchDevelopment": {}, "sellingGeneralAdministrative": 52022013, "nonRecurring": {}, "otherOperatingExpenses": 57993679, "totalOperatingExpenses": 349284514, "operatingIncome": 33909676, "totalOtherIncomeExpenseNet": -18920462, "ebit": 33909676, "interestExpense": -21801602, "incomeBeforeTax": 14989214, "incomeTaxExpense": -6493680, "minorityInterest": {}, "netIncomeFromContinuingOps": 21482894, "discontinuedOperations": {}, "extraordinaryItems": {}, "effectOfAccountingCharges": {}, "otherItems": {}, "netIncome": 21482894, "netIncomeApplicableToCommonShares": 21482894}, {"maxAge": 1, "endDate": "2018-03-31", "totalRevenue": 362857745, "costOfRevenue": 155092917, "grossProfit": 207764828, "researchDevelopment": {}, "sellingGeneralAdministrative": 46013661, "nonRecurring": {}, "otherOperatingExpenses": 58797549, "totalOperatingExpenses": 318115427, "operatingIncome": 44742318, "totalOtherIncomeExpenseNet": -36706777, "ebit": 44742318, "interestExpense": -33896921, "incomeBeforeTax": 8035541, "incomeTaxExpense": -5568591, "minorityInterest": {}, "netIncomeFromContinuingOps": 13604132, "discontinuedOperations": {}, "extraordinaryItems": {}, "effectOfAccountingCharges": {}, "otherItems": {}, "netIncome": 13604132, "netIncomeApplicableToCommonShares": 13604132}, {"maxAge": 1, "endDate": "2017-03-31", "totalRevenue": 198871269, "costOfRevenue": 93919920, "grossProfit": 104951349, "researchDevelopment": {}, "sellingGeneralAdministrative": 46013661, "nonRecurring": {}, "otherOperatingExpenses": 57652788, "totalOperatingExpenses": 176658591, "operatingIncome": 22212678, "totalOtherIncomeExpenseNet": -18702562, "ebit": 22212678, "interestExpense": -19443740, "incomeBeforeTax": 3510116, "incomeTaxExpense": -5540573, "minorityInterest": {}, "netIncomeFromContinuingOps": 9050689, "discontinuedOperations": {}, "extraordinaryItems": {}, "effectOfAccountingCharges": {}, "otherItems": {}, "netIncome": 9050689, "netIncomeApplicableToCommonShares": 9050689}], "maxAge": 86400}, "fundOwnership": {"ownershipList": [], "maxAge": 1}, "summaryDetail": {"maxAge": 1, "priceHint": 2, "previousClose": 164.2, "open": 164.15, "dayLow": 162.3, "dayHigh": 175.0, "regularMarketPreviousClose": 164.2, "regularMarketOpen": 164.15, "regularMarketDayLow": 162.3, "regularMarketDayHigh": 175.0, "payoutRatio": 0.0, "beta": 0.329132, "volume": 8452, "regularMarketVolume": 8452, "averageVolume": 0, "averageVolume10days": 0, "averageDailyVolume10Day": 0, "bid": 0.0, "ask": 0.0, "marketCap": 1765580032, "fiftyTwoWeekLow": 71.0, "fiftyTwoWeekHigh": 175.0, "priceToSalesTrailing12Months": 9.756209, "fiftyDayAverage": 92.0, "twoHundredDayAverage": 92.192444, "currency": "INR", "fromCurrency": null, "lastMarket": null, "algorithm": null, "tradeable": false}, "incomeStatementHistoryQuarterly": {"incomeStatementHistory": [{"maxAge": 1, "endDate": "2020-12-31", "totalRevenue": 45854000, "costOfRevenue": 18273000, "grossProfit": 27581000, "researchDevelopment": {}, "sellingGeneralAdministrative": 9027000, "nonRecurring": {}, "otherOperatingExpenses": 14283000, "totalOperatingExpenses": 59392000, "operatingIncome": -13538000, "totalOtherIncomeExpenseNet": -5638000, "ebit": -13538000, "interestExpense": -8449000, "incomeBeforeTax": -19176000, "incomeTaxExpense": -529000, "minorityInterest": {}, "netIncomeFromContinuingOps": -18647000, "discontinuedOperations": {}, "extraordinaryItems": {}, "effectOfAccountingCharges": {}, "otherItems": {}, "netIncome": -18647000, "netIncomeApplicableToCommonShares": -18647000}, {"maxAge": 1, "endDate": "2020-03-31", "totalRevenue": 91061877, "costOfRevenue": 53528420, "grossProfit": 37533457, "researchDevelopment": {}, "sellingGeneralAdministrative": 30410048, "nonRecurring": {}, "otherOperatingExpenses": 4079150, "totalOperatingExpenses": 99948652, "operatingIncome": -8886776, "totalOtherIncomeExpenseNet": -2448929, "ebit": -8886776, "interestExpense": -2873187, "incomeBeforeTax": -11335705, "incomeTaxExpense": -1493623, "minorityInterest": {}, "netIncomeFromContinuingOps": -9842082, "discontinuedOperations": {}, "extraordinaryItems": {}, "effectOfAccountingCharges": {}, "otherItems": {}, "netIncome": -9842082, "netIncomeApplicableToCommonShares": -9842082}, {"maxAge": 1, "endDate": "2019-12-31", "totalRevenue": 91061877, "costOfRevenue": 53528420, "grossProfit": 37533457, "researchDevelopment": {}, "sellingGeneralAdministrative": 30410048, "nonRecurring": {}, "otherOperatingExpenses": 4079150, "totalOperatingExpenses": 99948652, "operatingIncome": -8886776, "totalOtherIncomeExpenseNet": -2448929, "ebit": -8886776, "interestExpense": -2873187, "incomeBeforeTax": -11335705, "incomeTaxExpense": -1493623, "minorityInterest": {}, "netIncomeFromContinuingOps": -9842082, "discontinuedOperations": {}, "extraordinaryItems": {}, "effectOfAccountingCharges": {}, "otherItems": {}, "netIncome": -9842082, "netIncomeApplicableToCommonShares": -9842082}, {"maxAge": 1, "endDate": "2019-09-30", "totalRevenue": 85682500, "costOfRevenue": 42025500, "grossProfit": 43657000, "researchDevelopment": {}, "sellingGeneralAdministrative": 30410048, "nonRecurring": {}, "otherOperatingExpenses": 28795500, "totalOperatingExpenses": 82116500, "operatingIncome": 3566000, "totalOtherIncomeExpenseNet": -991500, "ebit": 3566000, "interestExpense": -4429500, "incomeBeforeTax": 2574500, "incomeTaxExpense": -920500, "minorityInterest": {}, "netIncomeFromContinuingOps": 3495000, "discontinuedOperations": {}, "extraordinaryItems": {}, "effectOfAccountingCharges": {}, "otherItems": {}, "netIncome": 3495000, "netIncomeApplicableToCommonShares": 3495000}], "maxAge": 86400}, "cashflowStatementHistoryQuarterly": {"cashflowStatements": [{"maxAge": 1, "endDate": "2020-12-31", "netIncome": -18647000, "changeToLiabilities": 0}, {"maxAge": 1, "endDate": "2020-03-31", "netIncome": -9842082, "depreciation": 11371657, "changeToNetincome": -230284, "changeToAccountReceivables": 14724127, "changeToLiabilities": 2164597, "changeToInventory": -3621875, "changeToOperatingActivities": -1108400, "totalCashFromOperatingActivities": 14017120, "capitalExpenditures": -14587957, "investments": -5117835, "otherCashflowsFromInvestingActivities": -1740947, "totalCashflowsFromInvestingActivities": -21215279, "netBorrowings": 3475945, "otherCashflowsFromFinancingActivities": -3539529, "totalCashFromFinancingActivities": -63584, "changeInCash": -7262243}, {"maxAge": 1, "endDate": "2019-12-31", "netIncome": -9842082, "depreciation": 11371657, "changeToNetincome": -230284, "changeToAccountReceivables": 14724127, "changeToLiabilities": 2164597, "changeToInventory": -3621875, "changeToOperatingActivities": -1108400, "totalCashFromOperatingActivities": 14017120, "capitalExpenditures": -14587957, "investments": -5117835, "otherCashflowsFromInvestingActivities": -1740947, "totalCashflowsFromInvestingActivities": -21215279, "netBorrowings": 3475945, "otherCashflowsFromFinancingActivities": -3539529, "totalCashFromFinancingActivities": -63584, "changeInCash": -7262243}, {"maxAge": 1, "endDate": "2019-09-30", "netIncome": 3495000, "depreciation": 11295500, "changeToNetincome": 71000, "changeToAccountReceivables": -11706500, "changeToLiabilities": -1099500, "changeToInventory": -4885000, "changeToOperatingActivities": -1108400, "totalCashFromOperatingActivities": -2829500, "capitalExpenditures": -8619000, "investments": 23567500, "otherCashflowsFromInvestingActivities": 2133500, "totalCashflowsFromInvestingActivities": 17082000, "netBorrowings": -11803000, "otherCashflowsFromFinancingActivities": -4455000, "totalCashFromFinancingActivities": -16258000, "changeInCash": -2005000}], "maxAge": 86400}, "insiderHolders": {"holders": [], "maxAge": 1}, "calendarEvents": {"maxAge": 1, "earnings": {"earningsDate": []}}, "upgradeDowngradeHistory": {"history": [], "maxAge": 86400}, "price": {"maxAge": 1, "regularMarketChangePercent": 0.047503065, "regularMarketChange": 7.800003, "regularMarketTime": "2021-04-30 15:28:29", "priceHint": 2, "regularMarketPrice": 172.0, "regularMarketDayHigh": 175.0, "regularMarketDayLow": 162.3, "regularMarketVolume": 8452, "averageDailyVolume10Day": 0, "averageDailyVolume3Month": 0, "regularMarketPreviousClose": 164.2, "regularMarketSource": "FREE_REALTIME", "regularMarketOpen": 164.15, "exchange": "NSI", "exchangeName": "NSE", "exchangeDataDelayedBy": 15, "marketState": "CLOSED", "quoteType": "EQUITY", "symbol": "DANGEE.NS", "underlyingSymbol": null, "shortName": "Dangee Dums Limited", "longName": "Dangee Dums Limited", "currency": "INR", "quoteSourceName": "Delayed Quote", "currencySymbol": "\u20b9", "fromCurrency": null, "lastMarket": null, "marketCap": 1765580032}, "balanceSheetHistory": {"balanceSheetStatements": [{"maxAge": 1, "endDate": "2020-03-31", "cash": 9477847, "shortTermInvestments": 9785727, "netReceivables": 16364886, "inventory": 50815374, "otherCurrentAssets": 7508524, "totalCurrentAssets": 96376766, "longTermInvestments": 10466014, "propertyPlantEquipment": 224346565, "intangibleAssets": 4988069, "otherAssets": 181409444, "deferredLongTermAssetCharges": 20779792, "totalAssets": 517586858, "accountsPayable": 9379158, "shortLongTermDebt": 17326501, "otherCurrentLiab": 6381013, "longTermDebt": 87274931, "totalCurrentLiabilities": 97773807, "totalLiab": 185048738, "commonStock": 102650000, "retainedEarnings": -63965463, "capitalSurplus": 293853583, "totalStockholderEquity": 332538120, "netTangibleAssets": 327550051}, {"maxAge": 1, "endDate": "2019-03-31", "cash": 28008801, "shortTermInvestments": 1524928, "netReceivables": 20794264, "inventory": 33801625, "otherCurrentAssets": 47717459, "totalCurrentAssets": 134649344, "longTermInvestments": 9486501, "propertyPlantEquipment": 224033359, "intangibleAssets": 4492065, "otherAssets": 169224948, "deferredLongTermAssetCharges": 15951547, "totalAssets": 541886217, "accountsPayable": 7248964, "shortLongTermDebt": 15292620, "otherCurrentLiab": 3475410, "longTermDebt": 104707373, "totalCurrentLiabilities": 91946560, "totalLiab": 196653933, "commonStock": 102650000, "retainedEarnings": -51271299, "capitalSurplus": 293853583, "totalStockholderEquity": 345232284, "netTangibleAssets": 340740219}, {"maxAge": 1, "endDate": "2018-03-31", "cash": 22181001, "netReceivables": 41522781, "inventory": 24776679, "otherCurrentAssets": 3238496, "totalCurrentAssets": 94313711, "longTermInvestments": 182505, "propertyPlantEquipment": 213709444, "intangibleAssets": 4926976, "otherAssets": 135360613, "deferredLongTermAssetCharges": 9457867, "totalAssets": 448493249, "accountsPayable": 9873649, "shortLongTermDebt": 20276952, "otherCurrentLiab": 4521001, "longTermDebt": 214183039, "totalCurrentLiabilities": 106734403, "totalLiab": 320917442, "commonStock": 75530000, "retainedEarnings": -72754193, "capitalSurplus": 124800000, "totalStockholderEquity": 127575807, "netTangibleAssets": 122648831}, {"maxAge": 1, "endDate": "2017-03-31", "cash": 6017900, "netReceivables": 7721711, "inventory": 21925199, "otherCurrentAssets": 8345844, "totalCurrentAssets": 45131258, "longTermInvestments": 182505, "propertyPlantEquipment": 198889881, "intangibleAssets": 1800096, "otherAssets": 25645966, "deferredLongTermAssetCharges": 8785370, "totalAssets": 271649706, "accountsPayable": 7407322, "otherCurrentLiab": 49954199, "longTermDebt": 281010005, "otherLiab": 2, "totalCurrentLiabilities": 60037164, "totalLiab": 341047171, "commonStock": 5220000, "retainedEarnings": -100217465, "capitalSurplus": 25600000, "totalStockholderEquity": -69397465, "netTangibleAssets": -71197561}], "maxAge": 86400}, "financialData": {"maxAge": 86400, "currentPrice": 172.0, "recommendationKey": "none", "ebitda": -54515384, "totalRevenue": 180969872, "revenuePerShare": 17.644, "grossProfits": 162380914, "revenueGrowth": -0.496, "grossMargins": 0.4318, "ebitdaMargins": -0.30124, "operatingMargins": -0.55196, "profitMargins": -0.52604, "financialCurrency": "INR"}}}