{"DANLAW.BO": {"cashflowStatementHistory": {"cashflowStatements": [{"maxAge": 1, "endDate": "2020-03-31", "netIncome": -45348560, "depreciation": 16854552, "changeToNetincome": -19710888, "changeToAccountReceivables": 15674970, "changeToLiabilities": -1435093, "changeToInventory": -6146843, "changeToOperatingActivities": 119778085, "totalCashFromOperatingActivities": 80698212, "capitalExpenditures": -99394814, "totalCashflowsFromInvestingActivities": -99243561, "effectOfExchangeRate": 4683486, "changeInCash": -13861863}, {"maxAge": 1, "endDate": "2019-03-31", "netIncome": -4871322, "depreciation": 10810431, "changeToNetincome": -12865731, "changeToAccountReceivables": 52465650, "changeToLiabilities": 70235848, "changeToInventory": -24568417, "changeToOperatingActivities": 25277586, "totalCashFromOperatingActivities": 116897915, "capitalExpenditures": -20495084, "investments": -129500000, "otherCashflowsFromInvestingActivities": 2224760, "totalCashflowsFromInvestingActivities": -141305186, "effectOfExchangeRate": 4761282, "changeInCash": -19645989}, {"maxAge": 1, "endDate": "2018-03-31", "netIncome": 14357874, "depreciation": 1553226, "changeToNetincome": 1332739, "changeToAccountReceivables": -88096728, "changeToLiabilities": 41281119, "changeToInventory": -13621402, "changeToOperatingActivities": 1625027, "totalCashFromOperatingActivities": -41246611, "capitalExpenditures": -3963709, "investments": -129500000, "otherCashflowsFromInvestingActivities": -45017626, "totalCashflowsFromInvestingActivities": -48981335, "totalCashFromFinancingActivities": -832650, "effectOfExchangeRate": -563922, "changeInCash": -91624518, "repurchaseOfStock": -832650}, {"maxAge": 1, "endDate": "2017-03-31", "netIncome": -15727128, "depreciation": 1355291, "changeToNetincome": 31968972, "changeToAccountReceivables": -24281498, "changeToLiabilities": -4037715, "changeToInventory": 950571, "changeToOperatingActivities": 646593, "totalCashFromOperatingActivities": -8555601, "capitalExpenditures": -2114278, "investments": -129500000, "otherCashflowsFromInvestingActivities": -45017626, "totalCashflowsFromInvestingActivities": -2114278, "totalCashFromFinancingActivities": -832650, "effectOfExchangeRate": -563922, "changeInCash": -10669879, "repurchaseOfStock": -832650}], "maxAge": 86400}, "institutionOwnership": {"maxAge": 1, "ownershipList": []}, "balanceSheetHistoryQuarterly": {"balanceSheetStatements": [{"maxAge": 1, "endDate": "2020-06-30", "totalStockholderEquity": 222131274, "netTangibleAssets": 185785646}, {"maxAge": 1, "endDate": "2020-03-31", "cash": 54826698, "netReceivables": 193193465, "inventory": 107783243, "otherCurrentAssets": 17068938, "totalCurrentAssets": 380466649, "propertyPlantEquipment": 205066316, "goodWill": 2401207, "intangibleAssets": 1785429, "otherAssets": 78276056, "deferredLongTermAssetCharges": 35471551, "totalAssets": 667995657, "accountsPayable": 152273776, "otherCurrentLiab": 128951930, "longTermDebt": 37692950, "otherLiab": 46126556, "deferredLongTermLiab": 32158992, "minorityInterest": 43588127, "totalCurrentLiabilities": 300181620, "totalLiab": 402276256, "commonStock": 37074900, "retainedEarnings": -94427516, "treasuryStock": 14381040, "capitalSurplus": 265102850, "otherStockholderEquity": 14381040, "totalStockholderEquity": 222131274, "netTangibleAssets": 217944638}, {"maxAge": 1, "endDate": "2019-12-31", "totalStockholderEquity": 221906000, "netTangibleAssets": 201192000}, {"maxAge": 1, "endDate": "2019-09-30", "cash": 56389000, "shortTermInvestments": 4864000, "netReceivables": 122513000, "inventory": 109385000, "otherCurrentAssets": 73171000, "totalCurrentAssets": 366322000, "propertyPlantEquipment": 141437000, "goodWill": 2401000, "intangibleAssets": 18313000, "otherAssets": 41444000, "deferredLongTermAssetCharges": 25393000, "totalAssets": 569917000, "accountsPayable": 122852000, "otherCurrentLiab": 112022000, "otherLiab": 79572000, "minorityInterest": 32457000, "totalCurrentLiabilities": 235982000, "totalLiab": 315554000, "commonStock": 37075000, "treasuryStock": 184831000, "otherStockholderEquity": 184831000, "totalStockholderEquity": 221906000, "netTangibleAssets": 201192000}], "maxAge": 86400}, "indexTrend": {"maxAge": 1, "symbol": "SP5", "peRatio": 19.7411, "pegRatio": 1.34172, "estimates": [{"period": "0q", "growth": 0.549}, {"period": "+1q", "growth": 0.431}, {"period": "0y", "growth": 0.305}, {"period": "+1y", "growth": 0.109}, {"period": "+5y", "growth": 0.120859005}, {"period": "-5y"}]}, "quoteType": {"exchange": "BSE", "quoteType": "EQUITY", "symbol": "DANLAW.BO", "underlyingSymbol": "DANLAW.BO", "shortName": "DANLAW TECHNOLOGIES INDIA LTD.", "longName": "Danlaw Technologies India Limited", "firstTradeDateEpochUtc": "2002-01-28 09:15:00", "timeZoneFullName": "Asia/Kolkata", "timeZoneShortName": "IST", "uuid": "fb9430c6-2cf2-3271-ad52-66909ab3ee5a", "messageBoardId": null, "gmtOffSetMilliseconds": 19800000, "maxAge": 1}, "incomeStatementHistory": {"incomeStatementHistory": [{"maxAge": 1, "endDate": "2020-03-31", "totalRevenue": 548496971, "costOfRevenue": 500523283, "grossProfit": 47973688, "researchDevelopment": {}, "sellingGeneralAdministrative": 8062515, "nonRecurring": {}, "otherOperatingExpenses": 78518037, "totalOperatingExpenses": 619161008, "operatingIncome": -70664037, "totalOtherIncomeExpenseNet": 4035858, "ebit": -70664037, "interestExpense": -4370163, "incomeBeforeTax": -66628179, "incomeTaxExpense": -14586699, "minorityInterest": 43588127, "netIncomeFromContinuingOps": -52041480, "discontinuedOperations": {}, "extraordinaryItems": {}, "effectOfAccountingCharges": {}, "otherItems": {}, "netIncome": -45348560, "netIncomeApplicableToCommonShares": -45348560}, {"maxAge": 1, "endDate": "2019-03-31", "totalRevenue": 547047823, "costOfRevenue": 479578239, "grossProfit": 67469584, "researchDevelopment": {}, "sellingGeneralAdministrative": 9877777, "nonRecurring": {}, "otherOperatingExpenses": 64183050, "totalOperatingExpenses": 566445936, "operatingIncome": -19398113, "totalOtherIncomeExpenseNet": 7986946, "ebit": -19398113, "interestExpense": -206763, "incomeBeforeTax": -11411167, "incomeTaxExpense": -2299083, "minorityInterest": 50431784, "netIncomeFromContinuingOps": -9112084, "discontinuedOperations": {}, "extraordinaryItems": {}, "effectOfAccountingCharges": {}, "otherItems": {}, "netIncome": -4871322, "netIncomeApplicableToCommonShares": -4871322}, {"maxAge": 1, "endDate": "2018-03-31", "totalRevenue": 195806696, "costOfRevenue": 155480922, "grossProfit": 40325774, "researchDevelopment": {}, "sellingGeneralAdministrative": 9877777, "nonRecurring": {}, "otherOperatingExpenses": 25616525, "totalOperatingExpenses": 182972207, "operatingIncome": 12834489, "totalOtherIncomeExpenseNet": 7221772, "ebit": 12834489, "interestExpense": -62813, "incomeBeforeTax": 20056261, "incomeTaxExpense": 5698387, "minorityInterest": 50431784, "netIncomeFromContinuingOps": 14357874, "discontinuedOperations": {}, "extraordinaryItems": {}, "effectOfAccountingCharges": {}, "otherItems": {}, "netIncome": 14357874, "netIncomeApplicableToCommonShares": 14357874}, {"maxAge": 1, "endDate": "2017-03-31", "totalRevenue": 130186720, "costOfRevenue": 100646051, "grossProfit": 29540669, "researchDevelopment": {}, "sellingGeneralAdministrative": 6801843, "nonRecurring": {}, "otherOperatingExpenses": 10333919, "totalOperatingExpenses": 119725561, "operatingIncome": 10461159, "totalOtherIncomeExpenseNet": 10256817, "ebit": 10461159, "interestExpense": -231042, "incomeBeforeTax": 20717976, "incomeTaxExpense": 36445104, "minorityInterest": 50431784, "netIncomeFromContinuingOps": -15727128, "discontinuedOperations": {}, "extraordinaryItems": {}, "effectOfAccountingCharges": {}, "otherItems": {}, "netIncome": -15727128, "netIncomeApplicableToCommonShares": -15727128}], "maxAge": 86400}, "fundOwnership": {"maxAge": 1, "ownershipList": []}, "summaryDetail": {"maxAge": 1, "priceHint": 2, "previousClose": 338.2, "open": 344.95, "dayLow": 321.3, "dayHigh": 344.95, "regularMarketPreviousClose": 338.2, "regularMarketOpen": 344.95, "regularMarketDayLow": 321.3, "regularMarketDayHigh": 344.95, "volume": 3319, "regularMarketVolume": 3319, "averageVolume": 5207, "averageVolume10days": 11416, "averageDailyVolume10Day": 11416, "bid": 322.0, "ask": 324.95, "bidSize": 0, "askSize": 0, "marketCap": 1204748928, "fiftyTwoWeekLow": 22.7, "fiftyTwoWeekHigh": 344.95, "fiftyDayAverage": 122.58143, "twoHundredDayAverage": 84.615326, "currency": "INR", "fromCurrency": null, "toCurrency": null, "lastMarket": null, "algorithm": null, "tradeable": false}, "incomeStatementHistoryQuarterly": {"incomeStatementHistory": [{"maxAge": 1, "endDate": "2020-06-30", "totalRevenue": 102049000, "costOfRevenue": 104652000, "grossProfit": -2603000, "researchDevelopment": {}, "sellingGeneralAdministrative": {}, "nonRecurring": {}, "otherOperatingExpenses": 11062000, "totalOperatingExpenses": 122943000, "operatingIncome": -20894000, "totalOtherIncomeExpenseNet": 1356000, "ebit": -20894000, "interestExpense": -1177000, "incomeBeforeTax": -19538000, "incomeTaxExpense": -5452000, "minorityInterest": {}, "netIncomeFromContinuingOps": -14086000, "discontinuedOperations": {}, "extraordinaryItems": {}, "effectOfAccountingCharges": {}, "otherItems": {}, "netIncome": -12600000, "netIncomeApplicableToCommonShares": -12600000}, {"maxAge": 1, "endDate": "2020-03-31", "totalRevenue": 167090971, "costOfRevenue": 149951283, "grossProfit": 17139688, "researchDevelopment": {}, "sellingGeneralAdministrative": 8062515, "nonRecurring": {}, "otherOperatingExpenses": -1247963, "totalOperatingExpenses": 175700008, "operatingIncome": -8609037, "totalOtherIncomeExpenseNet": -3956142, "ebit": -8609037, "interestExpense": -3180163, "incomeBeforeTax": -12565179, "incomeTaxExpense": 1220301, "minorityInterest": 43588127, "netIncomeFromContinuingOps": -13785480, "discontinuedOperations": {}, "extraordinaryItems": {}, "effectOfAccountingCharges": {}, "otherItems": {}, "netIncome": -13476560, "netIncomeApplicableToCommonShares": -13476560}, {"maxAge": 1, "endDate": "2019-12-31", "totalRevenue": 110011000, "costOfRevenue": 117483000, "grossProfit": -7472000, "researchDevelopment": {}, "sellingGeneralAdministrative": 8062515, "nonRecurring": {}, "otherOperatingExpenses": 26722000, "totalOperatingExpenses": 148697000, "operatingIncome": -38686000, "totalOtherIncomeExpenseNet": 1749000, "ebit": -38686000, "interestExpense": -866000, "incomeBeforeTax": -36937000, "incomeTaxExpense": -11507000, "minorityInterest": 43588127, "netIncomeFromContinuingOps": -25430000, "discontinuedOperations": {}, "extraordinaryItems": {}, "effectOfAccountingCharges": {}, "otherItems": {}, "netIncome": -21512000, "netIncomeApplicableToCommonShares": -21512000}, {"maxAge": 1, "endDate": "2019-09-30", "totalRevenue": 121961000, "costOfRevenue": 111654000, "grossProfit": 10307000, "researchDevelopment": {}, "sellingGeneralAdministrative": 8062515, "nonRecurring": {}, "otherOperatingExpenses": 27854000, "totalOperatingExpenses": 144079000, "operatingIncome": -22118000, "totalOtherIncomeExpenseNet": 3109000, "ebit": -22118000, "interestExpense": -265000, "incomeBeforeTax": -19009000, "incomeTaxExpense": -4835000, "minorityInterest": 32457000, "netIncomeFromContinuingOps": -14174000, "discontinuedOperations": {}, "extraordinaryItems": {}, "effectOfAccountingCharges": {}, "otherItems": {}, "netIncome": -12688000, "netIncomeApplicableToCommonShares": -12688000}], "maxAge": 86400}, "cashflowStatementHistoryQuarterly": {"cashflowStatements": [{"maxAge": 1, "endDate": "2020-06-30", "netIncome": -12600000, "changeToLiabilities": 0}, {"maxAge": 1, "endDate": "2020-03-31", "netIncome": -13476560, "changeToLiabilities": 0}, {"maxAge": 1, "endDate": "2019-12-31", "netIncome": -21512000, "changeToLiabilities": 0}, {"maxAge": 1, "endDate": "2019-09-30", "netIncome": -12688000, "changeToLiabilities": 0}], "maxAge": 86400}, "insiderHolders": {"holders": [], "maxAge": 1}, "calendarEvents": {"maxAge": 1, "earnings": {"earningsDate": ["2020-08-22 05:30:S"]}}, "price": {"maxAge": 1, "regularMarketChangePercent": -0.039178, "regularMarketChange": -13.25, "regularMarketTime": "2021-04-30 15:29:33", "priceHint": 2, "regularMarketPrice": 324.95, "regularMarketDayHigh": 344.95, "regularMarketDayLow": 321.3, "regularMarketVolume": 3319, "averageDailyVolume10Day": 11416, "averageDailyVolume3Month": 5207, "regularMarketPreviousClose": 338.2, "regularMarketSource": "FREE_REALTIME", "regularMarketOpen": 344.95, "exchange": "BSE", "exchangeName": "BSE", "exchangeDataDelayedBy": 0, "marketState": "CLOSED", "quoteType": "EQUITY", "symbol": "DANLAW.BO", "underlyingSymbol": null, "shortName": "DANLAW TECHNOLOGIES INDIA LTD.", "longName": "Danlaw Technologies India Limited", "currency": "INR", "quoteSourceName": "Delayed Quote", "currencySymbol": "\u20b9", "fromCurrency": null, "toCurrency": null, "lastMarket": null, "marketCap": 1204748928}, "balanceSheetHistory": {"balanceSheetStatements": [{"maxAge": 1, "endDate": "2020-03-31", "cash": 54826698, "netReceivables": 193193465, "inventory": 107783243, "otherCurrentAssets": 17068938, "totalCurrentAssets": 380466649, "propertyPlantEquipment": 205066316, "goodWill": 2401207, "intangibleAssets": 1785429, "otherAssets": 78276056, "deferredLongTermAssetCharges": 35471551, "totalAssets": 667995657, "accountsPayable": 152273776, "otherCurrentLiab": 128951930, "longTermDebt": 37692950, "otherLiab": 46126556, "deferredLongTermLiab": 32158992, "minorityInterest": 43588127, "totalCurrentLiabilities": 300181620, "totalLiab": 402276256, "commonStock": 37074900, "retainedEarnings": -94427516, "treasuryStock": 14381040, "capitalSurplus": 265102850, "otherStockholderEquity": 14381040, "totalStockholderEquity": 222131274, "netTangibleAssets": 217944638}, {"maxAge": 1, "endDate": "2019-03-31", "cash": 68688561, "netReceivables": 204814851, "inventory": 101636400, "otherCurrentAssets": 26782416, "totalCurrentAssets": 408469951, "propertyPlantEquipment": 119763607, "goodWill": 2401207, "intangibleAssets": 2749418, "otherAssets": 31032346, "deferredLongTermAssetCharges": 21074239, "totalAssets": 564416529, "accountsPayable": 153708869, "otherCurrentLiab": 52378362, "otherLiab": 42657862, "minorityInterest": 50431784, "totalCurrentLiabilities": 210060616, "totalLiab": 252718478, "commonStock": 37074900, "retainedEarnings": -50609037, "treasuryStock": 9697554, "capitalSurplus": 265102850, "otherStockholderEquity": 9697554, "totalStockholderEquity": 261266267, "netTangibleAssets": 256115642}, {"maxAge": 1, "endDate": "2018-03-31", "cash": 88334550, "netReceivables": 187895541, "inventory": 18467983, "otherCurrentAssets": 3530990, "totalCurrentAssets": 298869146, "propertyPlantEquipment": 8635601, "intangibleAssets": 368504, "otherAssets": 5463026, "deferredLongTermAssetCharges": 1715930, "totalAssets": 313336277, "accountsPayable": 42573021, "otherCurrentLiab": 8121390, "totalCurrentLiabilities": 52421763, "totalLiab": 52421763, "commonStock": 37074900, "retainedEarnings": -46199508, "treasuryStock": 4936272, "capitalSurplus": 265102850, "otherStockholderEquity": 4936272, "totalStockholderEquity": 260914514, "netTangibleAssets": 260546010}, {"maxAge": 1, "endDate": "2017-03-31", "cash": 179959068, "netReceivables": 59103410, "inventory": 4846581, "otherCurrentAssets": 3506347, "totalCurrentAssets": 247737438, "propertyPlantEquipment": 6497519, "intangibleAssets": 417638, "otherAssets": 5039974, "deferredLongTermAssetCharges": 3422047, "totalAssets": 259692569, "accountsPayable": 1291902, "otherCurrentLiab": 8786374, "totalCurrentLiabilities": 12007176, "totalLiab": 12007176, "commonStock": 37203000, "retainedEarnings": -60825201, "treasuryStock": 5500194, "capitalSurplus": 265807400, "otherStockholderEquity": 5500194, "totalStockholderEquity": 247685393, "netTangibleAssets": 247267755}], "maxAge": 86400}, "financialData": {"maxAge": 86400, "currentPrice": 324.95, "recommendationKey": "none", "grossProfits": 47973688, "financialCurrency": "INR"}}}