{"DARJEELING.BO": {"cashflowStatementHistory": {"cashflowStatements": [{"maxAge": 1, "endDate": "2020-03-31", "netIncome": -282000, "depreciation": 167000, "changeToNetincome": -881000, "changeToAccountReceivables": 54141000, "changeToLiabilities": -48298000, "changeToOperatingActivities": 2149000, "totalCashFromOperatingActivities": 6996000, "capitalExpenditures": -12000, "totalCashflowsFromInvestingActivities": -12000, "netBorrowings": 11842000, "otherCashflowsFromFinancingActivities": -19695000, "totalCashFromFinancingActivities": -7853000, "changeInCash": -867000}, {"maxAge": 1, "endDate": "2019-03-31", "netIncome": 8774000, "depreciation": 5000, "changeToNetincome": -208000, "changeToAccountReceivables": -54016000, "changeToLiabilities": 50433000, "changeToOperatingActivities": -8200000, "totalCashFromOperatingActivities": -3212000, "capitalExpenditures": -519000, "investments": 5810000, "totalCashflowsFromInvestingActivities": 5291000, "dividendsPaid": -762000, "netBorrowings": 4681000, "otherCashflowsFromFinancingActivities": -8248000, "totalCashFromFinancingActivities": -4329000, "changeInCash": -2250000}, {"maxAge": 1, "endDate": "2018-03-31", "netIncome": 5430000, "depreciation": 5000, "changeToNetincome": -9321000, "changeToAccountReceivables": 3840000, "changeToLiabilities": -3720000, "changeToOperatingActivities": 20542000, "totalCashFromOperatingActivities": 16771000, "capitalExpenditures": -519000, "investments": 15227000, "otherCashflowsFromInvestingActivities": 647000, "totalCashflowsFromInvestingActivities": 15874000, "dividendsPaid": -762000, "netBorrowings": 4681000, "otherCashflowsFromFinancingActivities": -30948000, "totalCashFromFinancingActivities": -30948000, "changeInCash": 1697000}, {"maxAge": 1, "endDate": "2017-03-31", "netIncome": 2985080, "depreciation": 5000, "changeToNetincome": -3979040, "changeToAccountReceivables": -770280, "changeToLiabilities": 5395500, "changeToOperatingActivities": -1672270, "totalCashFromOperatingActivities": 1958990, "capitalExpenditures": -519000, "investments": -4658000, "otherCashflowsFromInvestingActivities": 59020, "totalCashflowsFromInvestingActivities": -4598980, "dividendsPaid": -762000, "netBorrowings": 4681000, "otherCashflowsFromFinancingActivities": 3515870, "totalCashFromFinancingActivities": 3515870, "changeInCash": 875880}], "maxAge": 86400}, "institutionOwnership": {"ownershipList": [], "maxAge": 1}, "balanceSheetHistoryQuarterly": {"balanceSheetStatements": [{"maxAge": 1, "endDate": "2020-06-30", "totalStockholderEquity": 48645000, "netTangibleAssets": 48645000}, {"maxAge": 1, "endDate": "2020-03-31", "cash": 240000, "netReceivables": 44062000, "otherCurrentAssets": 1263000, "totalCurrentAssets": 45565000, "propertyPlantEquipment": 358000, "otherAssets": 26463000, "totalAssets": 72386000, "accountsPayable": 2172000, "shortLongTermDebt": 16403000, "longTermDebt": 1796000, "otherLiab": 2303000, "totalCurrentLiabilities": 19642000, "totalLiab": 23741000, "commonStock": 30500000, "retainedEarnings": 18145000, "totalStockholderEquity": 48645000, "netTangibleAssets": 48645000}, {"maxAge": 1, "endDate": "2019-12-31", "totalStockholderEquity": 51693000, "netTangibleAssets": 51693000}, {"maxAge": 1, "endDate": "2019-09-30", "cash": 92000, "netReceivables": 73575000, "otherCurrentAssets": 1673000, "totalCurrentAssets": 75340000, "propertyPlantEquipment": 442000, "totalAssets": 75782000, "accountsPayable": 2693000, "shortLongTermDebt": 14803000, "longTermDebt": 3296000, "otherLiab": 3260000, "totalCurrentLiabilities": 17533000, "totalLiab": 24089000, "commonStock": 30500000, "retainedEarnings": 21193000, "totalStockholderEquity": 51693000, "netTangibleAssets": 51693000}], "maxAge": 86400}, "indexTrend": {"maxAge": 1, "symbol": "SP5", "peRatio": 19.7411, "pegRatio": 1.34172, "estimates": [{"period": "0q", "growth": 0.549}, {"period": "+1q", "growth": 0.431}, {"period": "0y", "growth": 0.305}, {"period": "+1y", "growth": 0.109}, {"period": "+5y", "growth": 0.120859005}, {"period": "-5y"}]}, "insiderTransactions": {"transactions": [{"maxAge": 1, "shares": 9950, "filerUrl": "", "transactionText": "", "filerName": "Shah (Himanshu)", "filerRelation": "Promoter", "moneyText": "", "startDate": "2019-12-03", "ownership": "D"}, {"maxAge": 1, "shares": 31000, "filerUrl": "", "transactionText": "", "filerName": "Shah (Himanshu)", "filerRelation": "Promoter", "moneyText": "", "startDate": "2019-11-14", "ownership": "D"}, {"maxAge": 1, "shares": 30200, "filerUrl": "", "transactionText": "", "filerName": "Shah (Himanshu)", "filerRelation": "Promoter", "moneyText": "", "startDate": "2019-11-06", "ownership": "D"}, {"maxAge": 1, "shares": 21600, "filerUrl": "", "transactionText": "", "filerName": "Shah (Himanshu)", "filerRelation": "Promoter", "moneyText": "", "startDate": "2019-09-24", "ownership": "D"}, {"maxAge": 1, "shares": 47000, "filerUrl": "", "transactionText": "", "filerName": "Shah (Himanshu)", "filerRelation": "Promoter", "moneyText": "", "startDate": "2019-08-29", "ownership": "D"}, {"maxAge": 1, "shares": 0, "filerUrl": "", "transactionText": "", "filerName": "Shah (Himanshu)", "filerRelation": "Promoter", "moneyText": "", "startDate": "2019-08-29", "ownership": "I"}, {"maxAge": 1, "shares": 50000, "filerUrl": "", "transactionText": "", "filerName": "Shah (Himanshu)", "filerRelation": "Promoter", "moneyText": "", "startDate": "2019-08-23", "ownership": "D"}, {"maxAge": 1, "shares": 48078, "filerUrl": "", "transactionText": "", "filerName": "Shah (Himanshu)", "filerRelation": "Promoter", "moneyText": "", "startDate": "2019-08-21", "ownership": "D"}, {"maxAge": 1, "shares": 50000, "filerUrl": "", "transactionText": "", "filerName": "Shah (Himanshu)", "filerRelation": "UNREPORTED", "moneyText": "", "startDate": "2019-06-14", "ownership": "D"}, {"maxAge": 1, "shares": 50607, "filerUrl": "", "transactionText": "", "filerName": "Shah (Himanshu)", "filerRelation": "Promoter", "moneyText": "", "startDate": "2019-06-07", "ownership": "D"}, {"maxAge": 1, "shares": 40057, "filerUrl": "", "transactionText": "", "filerName": "Shah (Himanshu)", "filerRelation": "Promoter", "moneyText": "", "startDate": "2019-05-27", "ownership": "D"}, {"maxAge": 1, "shares": 88417, "filerUrl": "", "transactionText": "", "filerName": "Shah (Himanshu)", "filerRelation": "Promoter", "moneyText": "", "startDate": "2019-05-24", "ownership": "D"}, {"maxAge": 1, "shares": 94620, "filerUrl": "", "transactionText": "", "filerName": "Shah (Himanshu)", "filerRelation": "Promoter", "moneyText": "", "startDate": "2019-04-04", "ownership": "D"}, {"maxAge": 1, "shares": 57307, "filerUrl": "", "transactionText": "", "filerName": "Shah (Himanshu)", "filerRelation": "Promoter", "moneyText": "", "startDate": "2019-03-15", "ownership": "D"}, {"maxAge": 1, "shares": 125362, "filerUrl": "", "transactionText": "", "filerName": "Shah (Himanshu)", "filerRelation": "Promoter", "moneyText": "", "startDate": "2019-03-11", "ownership": "D"}, {"maxAge": 1, "shares": 10400, "filerUrl": "", "transactionText": "", "filerName": "Shah (Himanshu)", "filerRelation": "UNREPORTED", "moneyText": "", "startDate": "2018-10-03", "ownership": "D"}], "maxAge": 1}, "quoteType": {"exchange": "BSE", "quoteType": "EQUITY", "symbol": "DARJEELING.BO", "underlyingSymbol": "DARJEELING.BO", "shortName": "Darjeeling Ropeway Company Lim", "longName": "Darjeeling Ropeway Company Limited", "firstTradeDateEpochUtc": "2016-03-31 09:15:00", "timeZoneFullName": "Asia/Kolkata", "timeZoneShortName": "IST", "uuid": "8f863d8a-8079-35b9-9960-473707eda462", "gmtOffSetMilliseconds": 19800000, "maxAge": 1}, "incomeStatementHistory": {"incomeStatementHistory": [{"maxAge": 1, "endDate": "2020-03-31", "totalRevenue": 2829000, "costOfRevenue": 0, "grossProfit": 2829000, "researchDevelopment": {}, "sellingGeneralAdministrative": 187000, "nonRecurring": {}, "otherOperatingExpenses": 2756000, "totalOperatingExpenses": 3110000, "operatingIncome": -281000, "totalOtherIncomeExpenseNet": 0, "ebit": -281000, "interestExpense": {}, "incomeBeforeTax": -281000, "incomeTaxExpense": 1000, "minorityInterest": {}, "netIncomeFromContinuingOps": -282000, "discontinuedOperations": {}, "extraordinaryItems": {}, "effectOfAccountingCharges": {}, "otherItems": {}, "netIncome": -282000, "netIncomeApplicableToCommonShares": -282000}, {"maxAge": 1, "endDate": "2019-03-31", "totalRevenue": 57183000, "costOfRevenue": 0, "grossProfit": 57183000, "researchDevelopment": {}, "sellingGeneralAdministrative": 217000, "nonRecurring": {}, "otherOperatingExpenses": 44300000, "totalOperatingExpenses": 44522000, "operatingIncome": 12661000, "totalOtherIncomeExpenseNet": -323000, "ebit": 12661000, "interestExpense": -230000, "incomeBeforeTax": 12338000, "incomeTaxExpense": 3564000, "minorityInterest": {}, "netIncomeFromContinuingOps": 8774000, "discontinuedOperations": {}, "extraordinaryItems": {}, "effectOfAccountingCharges": {}, "otherItems": {}, "netIncome": 8774000, "netIncomeApplicableToCommonShares": 8774000}, {"maxAge": 1, "endDate": "2018-03-31", "totalRevenue": 10232000, "costOfRevenue": 1280000, "grossProfit": 8952000, "researchDevelopment": {}, "sellingGeneralAdministrative": 737000, "nonRecurring": {}, "otherOperatingExpenses": 1027000, "totalOperatingExpenses": 3044000, "operatingIncome": 7188000, "totalOtherIncomeExpenseNet": -244000, "ebit": 7188000, "interestExpense": -244000, "incomeBeforeTax": 6944000, "incomeTaxExpense": 1514000, "minorityInterest": {}, "netIncomeFromContinuingOps": 5430000, "discontinuedOperations": {}, "extraordinaryItems": {}, "effectOfAccountingCharges": {}, "otherItems": {}, "netIncome": 5430000, "netIncomeApplicableToCommonShares": 5430000}, {"maxAge": 1, "endDate": "2017-03-31", "totalRevenue": 4386360, "costOfRevenue": 0, "grossProfit": 4386360, "researchDevelopment": {}, "sellingGeneralAdministrative": 460380, "nonRecurring": {}, "otherOperatingExpenses": 632460, "totalOperatingExpenses": 1092840, "operatingIncome": 3293520, "totalOtherIncomeExpenseNet": 389170, "ebit": 3293520, "interestExpense": -244000, "incomeBeforeTax": 3682690, "incomeTaxExpense": 697610, "minorityInterest": {}, "netIncomeFromContinuingOps": 2985080, "discontinuedOperations": {}, "extraordinaryItems": {}, "effectOfAccountingCharges": {}, "otherItems": {}, "netIncome": 2985080, "netIncomeApplicableToCommonShares": 2985080}], "maxAge": 86400}, "fundOwnership": {"ownershipList": [], "maxAge": 1}, "summaryDetail": {"maxAge": 1, "priceHint": 4, "previousClose": 4.07, "open": 4.07, "dayLow": 3.89, "dayHigh": 4.24, "regularMarketPreviousClose": 4.07, "regularMarketOpen": 4.07, "regularMarketDayLow": 3.89, "regularMarketDayHigh": 4.24, "volume": 3700, "regularMarketVolume": 3700, "averageVolume": 7407, "averageVolume10days": 10689, "averageDailyVolume10Day": 10689, "bid": 3.96, "ask": 4.23, "bidSize": 0, "askSize": 0, "marketCap": 12078000, "fiftyTwoWeekLow": 3.37, "fiftyTwoWeekHigh": 19.65, "fiftyDayAverage": 4.559394, "twoHundredDayAverage": 4.2358823, "trailingAnnualDividendRate": 0.0, "trailingAnnualDividendYield": 0.0, "currency": "INR", "fromCurrency": null, "lastMarket": null, "algorithm": null, "tradeable": false}, "incomeStatementHistoryQuarterly": {"incomeStatementHistory": [{"maxAge": 1, "endDate": "2020-06-30", "totalRevenue": 738000, "costOfRevenue": 0, "grossProfit": 738000, "researchDevelopment": {}, "sellingGeneralAdministrative": {}, "nonRecurring": {}, "otherOperatingExpenses": 15000, "totalOperatingExpenses": 57000, "operatingIncome": 681000, "totalOtherIncomeExpenseNet": 0, "ebit": 681000, "interestExpense": {}, "incomeBeforeTax": 681000, "incomeTaxExpense": 24000, "minorityInterest": {}, "netIncomeFromContinuingOps": 657000, "discontinuedOperations": {}, "extraordinaryItems": {}, "effectOfAccountingCharges": {}, "otherItems": {}, "netIncome": 657000, "netIncomeApplicableToCommonShares": 657000}, {"maxAge": 1, "endDate": "2020-03-31", "totalRevenue": -1978000, "costOfRevenue": 0, "grossProfit": -1978000, "researchDevelopment": {}, "sellingGeneralAdministrative": 45000, "nonRecurring": {}, "otherOperatingExpenses": 214000, "totalOperatingExpenses": 301000, "operatingIncome": -2279000, "totalOtherIncomeExpenseNet": 0, "ebit": -2279000, "interestExpense": {}, "incomeBeforeTax": -2279000, "incomeTaxExpense": -500000, "minorityInterest": {}, "netIncomeFromContinuingOps": -1779000, "discontinuedOperations": {}, "extraordinaryItems": {}, "effectOfAccountingCharges": {}, "otherItems": {}, "netIncome": -1779000, "netIncomeApplicableToCommonShares": -1779000}, {"maxAge": 1, "endDate": "2019-12-31", "totalRevenue": -846000, "costOfRevenue": 0, "grossProfit": -846000, "researchDevelopment": {}, "sellingGeneralAdministrative": 45000, "nonRecurring": {}, "otherOperatingExpenses": 738000, "totalOperatingExpenses": 824000, "operatingIncome": -1670000, "totalOtherIncomeExpenseNet": 0, "ebit": -1670000, "interestExpense": {}, "incomeBeforeTax": -1670000, "incomeTaxExpense": -400000, "minorityInterest": {}, "netIncomeFromContinuingOps": -1270000, "discontinuedOperations": {}, "extraordinaryItems": {}, "effectOfAccountingCharges": {}, "otherItems": {}, "netIncome": -1270000, "netIncomeApplicableToCommonShares": -1270000}, {"maxAge": 1, "endDate": "2019-09-30", "totalRevenue": 3035000, "costOfRevenue": 0, "grossProfit": 3035000, "researchDevelopment": {}, "sellingGeneralAdministrative": 45000, "nonRecurring": {}, "otherOperatingExpenses": 995000, "totalOperatingExpenses": 1083000, "operatingIncome": 1952000, "totalOtherIncomeExpenseNet": 0, "ebit": 1952000, "interestExpense": {}, "incomeBeforeTax": 1952000, "incomeTaxExpense": 454000, "minorityInterest": {}, "netIncomeFromContinuingOps": 1498000, "discontinuedOperations": {}, "extraordinaryItems": {}, "effectOfAccountingCharges": {}, "otherItems": {}, "netIncome": 1498000, "netIncomeApplicableToCommonShares": 1498000}], "maxAge": 86400}, "cashflowStatementHistoryQuarterly": {"cashflowStatements": [{"maxAge": 1, "endDate": "2020-06-30", "netIncome": 657000, "changeToLiabilities": 0}, {"maxAge": 1, "endDate": "2020-03-31", "netIncome": -1779000, "changeToLiabilities": 0}, {"maxAge": 1, "endDate": "2019-12-31", "netIncome": -1270000, "changeToLiabilities": 0}, {"maxAge": 1, "endDate": "2019-09-30", "netIncome": 1498000, "changeToLiabilities": 0}], "maxAge": 86400}, "insiderHolders": {"holders": [{"maxAge": 1, "name": "Shah (Himanshu)", "relation": "Promoter", "url": "", "transactionDescription": "Sale", "latestTransDate": "2019-12-03", "positionDirect": 253875, "positionDirectDate": "2019-12-03"}], "maxAge": 1}, "calendarEvents": {"maxAge": 1, "earnings": {"earningsDate": []}}, "upgradeDowngradeHistory": {"history": [], "maxAge": 86400}, "price": {"maxAge": 1, "regularMarketChangePercent": -0.02702706, "regularMarketChange": -0.11000013, "regularMarketTime": "2021-04-30 15:19:46", "priceHint": 4, "regularMarketPrice": 3.96, "regularMarketDayHigh": 4.24, "regularMarketDayLow": 3.89, "regularMarketVolume": 3700, "averageDailyVolume10Day": 10689, "averageDailyVolume3Month": 7407, "regularMarketPreviousClose": 4.07, "regularMarketSource": "FREE_REALTIME", "regularMarketOpen": 4.07, "exchange": "BSE", "exchangeName": "BSE", "exchangeDataDelayedBy": 0, "marketState": "CLOSED", "quoteType": "EQUITY", "symbol": "DARJEELING.BO", "underlyingSymbol": null, "shortName": "Darjeeling Ropeway Company Lim", "longName": "Darjeeling Ropeway Company Limited", "currency": "INR", "quoteSourceName": "Delayed Quote", "currencySymbol": "\u20b9", "fromCurrency": null, "lastMarket": null, "marketCap": 12078000}, "balanceSheetHistory": {"balanceSheetStatements": [{"maxAge": 1, "endDate": "2020-03-31", "cash": 240000, "netReceivables": 44062000, "otherCurrentAssets": 1263000, "totalCurrentAssets": 45565000, "propertyPlantEquipment": 358000, "otherAssets": 26463000, "totalAssets": 72386000, "accountsPayable": 2172000, "shortLongTermDebt": 16403000, "longTermDebt": 1796000, "otherLiab": 2303000, "totalCurrentLiabilities": 19642000, "totalLiab": 23741000, "commonStock": 30500000, "retainedEarnings": 18145000, "totalStockholderEquity": 48645000, "netTangibleAssets": 48645000}, {"maxAge": 1, "endDate": "2019-03-31", "cash": 1107000, "netReceivables": 106706000, "otherCurrentAssets": 28000, "totalCurrentAssets": 107841000, "propertyPlantEquipment": 514000, "totalAssets": 108355000, "accountsPayable": 50470000, "shortLongTermDebt": 3011000, "longTermDebt": 3345000, "otherLiab": 2419000, "totalCurrentLiabilities": 53665000, "totalLiab": 59429000, "commonStock": 30500000, "retainedEarnings": 18426000, "totalStockholderEquity": 48926000, "netTangibleAssets": 48926000}, {"maxAge": 1, "endDate": "2018-03-31", "cash": 3357000, "netReceivables": 35137000, "otherCurrentAssets": 135000, "totalCurrentAssets": 38629000, "longTermInvestments": 3215000, "otherAssets": 2593000, "totalAssets": 44437000, "accountsPayable": 37000, "longTermDebt": 1675000, "otherLiab": 1463000, "totalCurrentLiabilities": 228000, "totalLiab": 3366000, "commonStock": 30500000, "retainedEarnings": 10571000, "totalStockholderEquity": 41071000, "netTangibleAssets": 41071000}, {"maxAge": 1, "endDate": "2017-03-31", "cash": 1659620, "shortTermInvestments": 18000000, "netReceivables": 9462260, "otherCurrentAssets": 45130, "totalCurrentAssets": 29167010, "longTermInvestments": 10467160, "otherAssets": 2592690, "totalAssets": 42226860, "accountsPayable": 5395000, "otherCurrentLiab": 697610, "otherLiab": 420, "totalCurrentLiabilities": 6585110, "totalLiab": 6585530, "commonStock": 30500000, "retainedEarnings": 5141330, "totalStockholderEquity": 35641330, "netTangibleAssets": 35641330}], "maxAge": 86400}, "financialData": {"maxAge": 86400, "currentPrice": 3.96, "recommendationKey": "none", "grossProfits": 2829000, "financialCurrency": "INR"}}}