{"DARSHANORNA.BO": {"cashflowStatementHistory": {"cashflowStatements": [{"maxAge": 1, "endDate": "2020-03-31", "netIncome": -16838000, "depreciation": 47000, "changeToAccountReceivables": 14395000, "changeToLiabilities": -284000, "changeToInventory": 176000, "changeToOperatingActivities": -13803000, "totalCashFromOperatingActivities": -16307000, "otherCashflowsFromInvestingActivities": 1000, "totalCashflowsFromInvestingActivities": 1000, "netBorrowings": 18646000, "otherCashflowsFromFinancingActivities": -306000, "totalCashFromFinancingActivities": 18340000, "changeInCash": 2032000}, {"maxAge": 1, "endDate": "2019-03-31", "netIncome": 1496011, "depreciation": 43482, "changeToNetincome": -2754, "changeToAccountReceivables": 24120584, "changeToLiabilities": 4083695, "changeToInventory": -23435003, "changeToOperatingActivities": -6085139, "totalCashFromOperatingActivities": 220876, "investments": -2580694, "otherCashflowsFromInvestingActivities": -1531, "totalCashflowsFromInvestingActivities": -2582225, "netBorrowings": 18646000, "otherCashflowsFromFinancingActivities": -306000, "totalCashFromFinancingActivities": 1500000, "changeInCash": -861351, "issuanceOfStock": 1500000}, {"maxAge": 1, "endDate": "2018-03-31", "netIncome": 1011152, "depreciation": 298958, "changeToNetincome": 1585151, "changeToAccountReceivables": 3195229, "changeToLiabilities": 958248, "changeToInventory": 28521569, "changeToOperatingActivities": 5220979, "totalCashFromOperatingActivities": 40791286, "investments": -40055219, "otherCashflowsFromInvestingActivities": -1531, "totalCashflowsFromInvestingActivities": -40024219, "netBorrowings": 18646000, "otherCashflowsFromFinancingActivities": -306000, "totalCashFromFinancingActivities": 1500000, "changeInCash": 767068, "issuanceOfStock": 1500000}, {"maxAge": 1, "endDate": "2017-03-31", "netIncome": 727361, "depreciation": 51787, "changeToNetincome": 444638, "changeToAccountReceivables": -26820039, "changeToLiabilities": 1415509, "changeToInventory": -37137177, "changeToOperatingActivities": -6304012, "totalCashFromOperatingActivities": -67291933, "investments": -7283105, "otherCashflowsFromInvestingActivities": -1531, "totalCashflowsFromInvestingActivities": -9411433, "netBorrowings": 18646000, "otherCashflowsFromFinancingActivities": -306000, "totalCashFromFinancingActivities": 75360000, "changeInCash": -1343366, "issuanceOfStock": 75360000}], "maxAge": 86400}, "institutionOwnership": {"ownershipList": [], "maxAge": 1}, "balanceSheetHistoryQuarterly": {"balanceSheetStatements": [{"maxAge": 1, "endDate": "2020-06-30", "totalStockholderEquity": 103104000, "netTangibleAssets": 103104000}, {"maxAge": 1, "endDate": "2020-03-31", "cash": 3531000, "shortTermInvestments": 40509000, "netReceivables": 27582000, "otherCurrentAssets": 5186000, "totalCurrentAssets": 76808000, "longTermInvestments": 31273000, "propertyPlantEquipment": 77000, "otherAssets": 4000, "deferredLongTermAssetCharges": 4000, "totalAssets": 108162000, "accountsPayable": 3569000, "otherCurrentLiab": 769000, "totalCurrentLiabilities": 5058000, "totalLiab": 5058000, "commonStock": 100059000, "treasuryStock": 3045000, "otherStockholderEquity": 3045000, "totalStockholderEquity": 103104000, "netTangibleAssets": 103104000}, {"maxAge": 1, "endDate": "2019-12-31", "totalStockholderEquity": 124449000, "netTangibleAssets": 124449000}, {"maxAge": 1, "endDate": "2019-09-30", "cash": 3680000, "netReceivables": 64713000, "inventory": 41968000, "otherCurrentAssets": 1244000, "totalCurrentAssets": 111605000, "longTermInvestments": 64471000, "propertyPlantEquipment": 124000, "otherAssets": 2000, "deferredLongTermAssetCharges": 2000, "totalAssets": 176202000, "accountsPayable": 38921000, "otherCurrentLiab": 2147000, "totalCurrentLiabilities": 51753000, "totalLiab": 51753000, "commonStock": 100059000, "treasuryStock": 24390000, "otherStockholderEquity": 24390000, "totalStockholderEquity": 124449000, "netTangibleAssets": 124449000}], "maxAge": 86400}, "indexTrend": {"maxAge": 1, "symbol": "SP5", "peRatio": 19.7411, "pegRatio": 1.34172, "estimates": [{"period": "0q", "growth": 0.549}, {"period": "+1q", "growth": 0.431}, {"period": "0y", "growth": 0.305}, {"period": "+1y", "growth": 0.109}, {"period": "+5y", "growth": 0.120859005}, {"period": "-5y"}]}, "insiderTransactions": {"transactions": [{"maxAge": 1, "shares": 16000, "filerUrl": "", "transactionText": "", "filerName": "Shah (Arunaben Mahendrakumar)", "filerRelation": "UNREPORTED", "moneyText": "", "startDate": "2017-11-27", "ownership": "D"}, {"maxAge": 1, "shares": 22000, "filerUrl": "", "transactionText": "", "filerName": "Shah (Mahendrabhai Ramniklal)", "filerRelation": "Promoter", "moneyText": "", "startDate": "2017-05-30", "ownership": "D"}], "maxAge": 1}, "quoteType": {"exchange": "BSE", "quoteType": "EQUITY", "symbol": "DARSHANORNA.BO", "underlyingSymbol": "DARSHANORNA.BO", "shortName": "Darshan Orna Limited", "longName": "Darshan Orna Limited", "firstTradeDateEpochUtc": "2016-05-19 09:15:00", "timeZoneFullName": "Asia/Kolkata", "timeZoneShortName": "IST", "uuid": "c9fb13f9-2727-303e-9bcd-45ad9893f540", "gmtOffSetMilliseconds": 19800000, "maxAge": 1}, "incomeStatementHistory": {"incomeStatementHistory": [{"maxAge": 1, "endDate": "2020-03-31", "totalRevenue": 181428000, "costOfRevenue": 196245000, "grossProfit": -14817000, "researchDevelopment": {}, "sellingGeneralAdministrative": {}, "nonRecurring": {}, "otherOperatingExpenses": 1975000, "totalOperatingExpenses": 198267000, "operatingIncome": -16839000, "totalOtherIncomeExpenseNet": 1000, "ebit": -16839000, "interestExpense": {}, "incomeBeforeTax": -16838000, "incomeTaxExpense": 0, "minorityInterest": {}, "netIncomeFromContinuingOps": -16838000, "discontinuedOperations": {}, "extraordinaryItems": {}, "effectOfAccountingCharges": {}, "otherItems": {}, "netIncome": -16838000, "netIncomeApplicableToCommonShares": -16838000}, {"maxAge": 1, "endDate": "2019-03-31", "totalRevenue": 92789747, "costOfRevenue": 87398753, "grossProfit": 5390994, "researchDevelopment": {}, "sellingGeneralAdministrative": 3229493, "nonRecurring": {}, "otherOperatingExpenses": 1975000, "totalOperatingExpenses": 90671728, "operatingIncome": 2118019, "totalOtherIncomeExpenseNet": 5706, "ebit": 2118019, "interestExpense": {}, "incomeBeforeTax": 2123725, "incomeTaxExpense": 627714, "minorityInterest": {}, "netIncomeFromContinuingOps": 1496011, "discontinuedOperations": {}, "extraordinaryItems": {}, "effectOfAccountingCharges": {}, "otherItems": {}, "netIncome": 1496011, "netIncomeApplicableToCommonShares": 1496011}, {"maxAge": 1, "endDate": "2018-03-31", "totalRevenue": 396938263, "costOfRevenue": 389445287, "grossProfit": 7492976, "researchDevelopment": {}, "sellingGeneralAdministrative": 2189573, "nonRecurring": {}, "otherOperatingExpenses": 5099, "totalOperatingExpenses": 391685246, "operatingIncome": 5253017, "totalOtherIncomeExpenseNet": -2741082, "ebit": 5253017, "interestExpense": -66435, "incomeBeforeTax": 2511935, "incomeTaxExpense": 1500783, "minorityInterest": {}, "netIncomeFromContinuingOps": 1011152, "discontinuedOperations": {}, "extraordinaryItems": {}, "effectOfAccountingCharges": {}, "otherItems": {}, "netIncome": 1011152, "netIncomeApplicableToCommonShares": 1011152}, {"maxAge": 1, "endDate": "2017-03-31", "totalRevenue": 117193542, "costOfRevenue": 112302034, "grossProfit": 4891508, "researchDevelopment": {}, "sellingGeneralAdministrative": 4096786, "nonRecurring": {}, "otherOperatingExpenses": 5099, "totalOperatingExpenses": 116450607, "operatingIncome": 742935, "totalOtherIncomeExpenseNet": 259064, "ebit": 742935, "interestExpense": -90000, "incomeBeforeTax": 1001999, "incomeTaxExpense": 274638, "minorityInterest": {}, "netIncomeFromContinuingOps": 727361, "discontinuedOperations": {}, "extraordinaryItems": {}, "effectOfAccountingCharges": {}, "otherItems": {}, "netIncome": 727361, "netIncomeApplicableToCommonShares": 727361}], "maxAge": 86400}, "fundOwnership": {"ownershipList": [], "maxAge": 1}, "summaryDetail": {"maxAge": 1, "priceHint": 2, "previousClose": 11.55, "open": 12.09, "dayLow": 11.4, "dayHigh": 12.09, "regularMarketPreviousClose": 11.55, "regularMarketOpen": 12.09, "regularMarketDayLow": 11.4, "regularMarketDayHigh": 12.09, "volume": 1394, "regularMarketVolume": 1394, "averageVolume": 7817, "averageVolume10days": 43479, "averageDailyVolume10Day": 43479, "bid": 11.6, "ask": 12.09, "bidSize": 0, "askSize": 0, "marketCap": 115067848, "fiftyTwoWeekLow": 8.16, "fiftyTwoWeekHigh": 51.8, "fiftyDayAverage": 14.317879, "twoHundredDayAverage": 16.04831, "trailingAnnualDividendRate": 0.119, "trailingAnnualDividendYield": 0.010303031, "currency": "INR", "fromCurrency": null, "lastMarket": null, "algorithm": null, "tradeable": false}, "incomeStatementHistoryQuarterly": {"incomeStatementHistory": [{"maxAge": 1, "endDate": "2020-06-30", "totalRevenue": 510000, "costOfRevenue": 343000, "grossProfit": 167000, "researchDevelopment": {}, "sellingGeneralAdministrative": 52000, "nonRecurring": {}, "otherOperatingExpenses": 18000, "totalOperatingExpenses": 421000, "operatingIncome": 89000, "totalOtherIncomeExpenseNet": -1000, "ebit": 89000, "interestExpense": -1000, "incomeBeforeTax": 88000, "incomeTaxExpense": 26000, "minorityInterest": {}, "netIncomeFromContinuingOps": 62000, "discontinuedOperations": {}, "extraordinaryItems": {}, "effectOfAccountingCharges": {}, "otherItems": {}, "netIncome": 62000, "netIncomeApplicableToCommonShares": 62000}, {"maxAge": 1, "endDate": "2020-03-31", "totalRevenue": 146177000, "costOfRevenue": 174840000, "grossProfit": -28663000, "researchDevelopment": {}, "sellingGeneralAdministrative": -147000, "nonRecurring": {}, "otherOperatingExpenses": -6508000, "totalOperatingExpenses": 168226000, "operatingIncome": -22049000, "totalOtherIncomeExpenseNet": 4000, "ebit": -22049000, "interestExpense": -1000, "incomeBeforeTax": -22045000, "incomeTaxExpense": 0, "minorityInterest": {}, "netIncomeFromContinuingOps": -22045000, "discontinuedOperations": {}, "extraordinaryItems": {}, "effectOfAccountingCharges": {}, "otherItems": {}, "netIncome": -22045000, "netIncomeApplicableToCommonShares": -22045000}, {"maxAge": 1, "endDate": "2019-12-31", "totalRevenue": 35251000, "costOfRevenue": 21405000, "grossProfit": 13846000, "researchDevelopment": {}, "sellingGeneralAdministrative": 147000, "nonRecurring": {}, "otherOperatingExpenses": 8483000, "totalOperatingExpenses": 30041000, "operatingIncome": 5210000, "totalOtherIncomeExpenseNet": -3000, "ebit": 5210000, "interestExpense": -3000, "incomeBeforeTax": 5207000, "incomeTaxExpense": 1302000, "minorityInterest": {}, "netIncomeFromContinuingOps": 3905000, "discontinuedOperations": {}, "extraordinaryItems": {}, "effectOfAccountingCharges": {}, "otherItems": {}, "netIncome": 3905000, "netIncomeApplicableToCommonShares": 3905000}, {"maxAge": 1, "endDate": "2019-09-30", "totalRevenue": 15702000, "costOfRevenue": 14213000, "grossProfit": 1489000, "researchDevelopment": {}, "sellingGeneralAdministrative": 29000, "nonRecurring": {}, "otherOperatingExpenses": 58000, "totalOperatingExpenses": 14304000, "operatingIncome": 1398000, "totalOtherIncomeExpenseNet": -2000, "ebit": 1398000, "interestExpense": -2000, "incomeBeforeTax": 1396000, "incomeTaxExpense": 349000, "minorityInterest": {}, "netIncomeFromContinuingOps": 1047000, "discontinuedOperations": {}, "extraordinaryItems": {}, "effectOfAccountingCharges": {}, "otherItems": {}, "netIncome": 1047000, "netIncomeApplicableToCommonShares": 1047000}], "maxAge": 86400}, "cashflowStatementHistoryQuarterly": {"cashflowStatements": [{"maxAge": 1, "endDate": "2020-06-30", "netIncome": 62000, "changeToLiabilities": 0}, {"maxAge": 1, "endDate": "2020-03-31", "netIncome": -22045000, "changeToLiabilities": 0}, {"maxAge": 1, "endDate": "2019-12-31", "netIncome": 3905000, "changeToLiabilities": 0}, {"maxAge": 1, "endDate": "2019-09-30", "netIncome": 1047000, "changeToLiabilities": 0}], "maxAge": 86400}, "insiderHolders": {"holders": [{"maxAge": 1, "name": "Shah (Arunaben Mahendrakumar)", "relation": "UNREPORTED", "url": "", "transactionDescription": "Acquisition", "latestTransDate": "2017-11-27", "positionDirect": 117257, "positionDirectDate": "2017-11-27"}, {"maxAge": 1, "name": "Shah (Mahendrabhai Ramniklal)", "relation": "Promoter", "url": "", "transactionDescription": "Sale", "latestTransDate": "2017-05-30", "positionDirect": 1933783, "positionDirectDate": "2017-05-30"}], "maxAge": 1}, "calendarEvents": {"maxAge": 1, "earnings": {"earningsDate": []}}, "upgradeDowngradeHistory": {"history": [], "maxAge": 86400}, "price": {"maxAge": 1, "regularMarketChangePercent": -0.0043290206, "regularMarketChange": -0.05000019, "regularMarketTime": "2021-04-30 12:18:31", "priceHint": 2, "regularMarketPrice": 11.5, "regularMarketDayHigh": 12.09, "regularMarketDayLow": 11.4, "regularMarketVolume": 1394, "averageDailyVolume10Day": 43479, "averageDailyVolume3Month": 7817, "regularMarketPreviousClose": 11.55, "regularMarketSource": "FREE_REALTIME", "regularMarketOpen": 12.09, "exchange": "BSE", "exchangeName": "BSE", "exchangeDataDelayedBy": 0, "marketState": "CLOSED", "quoteType": "EQUITY", "symbol": "DARSHANORNA.BO", "underlyingSymbol": null, "shortName": "Darshan Orna Limited", "longName": "Darshan Orna Limited", "currency": "INR", "quoteSourceName": "Delayed Quote", "currencySymbol": "\u20b9", "fromCurrency": null, "lastMarket": null, "marketCap": 115067848}, "balanceSheetHistory": {"balanceSheetStatements": [{"maxAge": 1, "endDate": "2020-03-31", "cash": 3531000, "netReceivables": 27582000, "inventory": 40509000, "otherCurrentAssets": 5186000, "totalCurrentAssets": 76808000, "longTermInvestments": 31273000, "propertyPlantEquipment": 77000, "otherAssets": 4000, "deferredLongTermAssetCharges": 4000, "totalAssets": 108162000, "accountsPayable": 3569000, "otherCurrentLiab": 769000, "totalCurrentLiabilities": 5058000, "totalLiab": 5058000, "commonStock": 100059000, "treasuryStock": 3045000, "otherStockholderEquity": 3045000, "totalStockholderEquity": 103104000, "netTangibleAssets": 103104000}, {"maxAge": 1, "endDate": "2019-03-31", "cash": 1498967, "netReceivables": 35070070, "inventory": 42185819, "otherCurrentAssets": 872470, "totalCurrentAssets": 79627326, "longTermInvestments": 49919019, "propertyPlantEquipment": 124124, "otherAssets": 2431, "deferredLongTermAssetCharges": 2431, "totalAssets": 129672900, "accountsPayable": 6579752, "otherCurrentLiab": 670665, "otherLiab": -2, "totalCurrentLiabilities": 7787917, "totalLiab": 7787915, "commonStock": 100058670, "retainedEarnings": 5388045, "capitalSurplus": 16438270, "totalStockholderEquity": 121884985, "netTangibleAssets": 121884985}, {"maxAge": 1, "endDate": "2018-03-31", "cash": 2360318, "netReceivables": 59696017, "inventory": 18750816, "otherCurrentAssets": 145000, "totalCurrentAssets": 80952151, "longTermInvestments": 47338325, "propertyPlantEquipment": 167606, "otherAssets": 1, "totalAssets": 128458083, "accountsPayable": 2496057, "otherCurrentLiab": 2156644, "otherLiab": 1855, "totalCurrentLiabilities": 9567254, "totalLiab": 9569109, "commonStock": 47646940, "retainedEarnings": 2392034, "capitalSurplus": 68850000, "totalStockholderEquity": 118888974, "netTangibleAssets": 118888974}, {"maxAge": 1, "endDate": "2017-03-31", "cash": 1593250, "netReceivables": 61647539, "inventory": 47272386, "otherCurrentAssets": 3068213, "totalCurrentAssets": 113581388, "longTermInvestments": 7283106, "propertyPlantEquipment": 181893, "totalAssets": 121046387, "accountsPayable": 1537809, "otherCurrentLiab": 1455973, "otherLiab": 1072, "totalCurrentLiabilities": 3361532, "totalLiab": 3362604, "commonStock": 47646940, "retainedEarnings": 1186843, "capitalSurplus": 68850000, "totalStockholderEquity": 117683783, "netTangibleAssets": 117683783}], "maxAge": 86400}, "financialData": {"maxAge": 86400, "currentPrice": 11.5, "recommendationKey": "none", "grossProfits": -14817000, "financialCurrency": "INR"}}}