{"DATAMATICS.BO": {"recommendationTrend": {"trend": [{"period": "0m", "strongBuy": 0, "buy": 0, "hold": 0, "sell": 0, "strongSell": 0}, {"period": "-1m", "strongBuy": 0, "buy": 0, "hold": 0, "sell": 0, "strongSell": 0}, {"period": "-2m", "strongBuy": 0, "buy": 0, "hold": 0, "sell": 0, "strongSell": 0}, {"period": "-3m", "strongBuy": 0, "buy": 0, "hold": 0, "sell": 0, "strongSell": 0}], "maxAge": 86400}, "cashflowStatementHistory": {"cashflowStatements": [{"maxAge": 1, "endDate": "2020-03-31", "netIncome": 638640000, "depreciation": 263910000, "changeToNetincome": 66150000, "changeToAccountReceivables": -271970000, "changeToLiabilities": 147970000, "changeToOperatingActivities": -9890000, "totalCashFromOperatingActivities": 834810000, "capitalExpenditures": -210140000, "investments": 216950000, "otherCashflowsFromInvestingActivities": 15540000, "totalCashflowsFromInvestingActivities": -96500000, "dividendsPaid": -68870000, "netBorrowings": 605860000, "otherCashflowsFromFinancingActivities": -22980000, "totalCashFromFinancingActivities": 514010000, "changeInCash": 1251990000}, {"maxAge": 1, "endDate": "2019-03-31", "netIncome": 745070000, "depreciation": 186720000, "changeToNetincome": 282100000, "changeToAccountReceivables": -522700000, "changeToLiabilities": 45380000, "changeToOperatingActivities": 95090000, "totalCashFromOperatingActivities": 896070000, "capitalExpenditures": -265080000, "investments": -209800000, "otherCashflowsFromInvestingActivities": 7600000, "totalCashflowsFromInvestingActivities": -647760000, "dividendsPaid": -24570000, "netBorrowings": -299160000, "otherCashflowsFromFinancingActivities": -46240000, "totalCashFromFinancingActivities": -369970000, "changeInCash": -121660000}, {"maxAge": 1, "endDate": "2018-03-31", "netIncome": 640850000, "depreciation": 123540000, "changeToNetincome": -48410000, "changeToAccountReceivables": -426530000, "changeToLiabilities": 30700000, "changeToOperatingActivities": 138850000, "totalCashFromOperatingActivities": 527630000, "capitalExpenditures": -504860000, "investments": 461480000, "otherCashflowsFromInvestingActivities": 8760000, "totalCashflowsFromInvestingActivities": -348070000, "dividendsPaid": -73680000, "netBorrowings": 111310000, "otherCashflowsFromFinancingActivities": -75980000, "totalCashFromFinancingActivities": -38350000, "changeInCash": 141210000}, {"maxAge": 1, "endDate": "2017-03-31", "netIncome": 651840000, "depreciation": 173150000, "changeToNetincome": 86890000, "changeToAccountReceivables": -145220000, "changeToLiabilities": 106050000, "changeToOperatingActivities": -78990000, "totalCashFromOperatingActivities": 862110000, "capitalExpenditures": -282890000, "investments": 348100000, "otherCashflowsFromInvestingActivities": 20410000, "totalCashflowsFromInvestingActivities": -233110000, "dividendsPaid": -17740000, "netBorrowings": -357060000, "otherCashflowsFromFinancingActivities": -188530000, "totalCashFromFinancingActivities": -563330000, "changeInCash": 65670000}], "maxAge": 86400}, "institutionOwnership": {"ownershipList": [], "maxAge": 1}, "balanceSheetHistoryQuarterly": {"balanceSheetStatements": [{"maxAge": 1, "endDate": "2020-06-30", "totalStockholderEquity": 6943020000, "netTangibleAssets": 4743320000}, {"maxAge": 1, "endDate": "2020-03-31", "cash": 1987240000, "shortTermInvestments": 1025080000, "netReceivables": 2735480000, "otherCurrentAssets": 413260000, "totalCurrentAssets": 6161060000, "longTermInvestments": 246740000, "propertyPlantEquipment": 1360270000, "goodWill": 2030810000, "intangibleAssets": 168890000, "otherAssets": 235300000, "deferredLongTermAssetCharges": 70150000, "totalAssets": 10203070000, "accountsPayable": 897300000, "otherCurrentLiab": 560210000, "otherLiab": 330740000, "minorityInterest": 220150000, "totalCurrentLiabilities": 2599720000, "totalLiab": 3039900000, "commonStock": 294750000, "treasuryStock": 6648270000, "otherStockholderEquity": 6648270000, "totalStockholderEquity": 6943020000, "netTangibleAssets": 4743320000}, {"maxAge": 1, "endDate": "2019-12-31", "totalStockholderEquity": 6677790000, "netTangibleAssets": 4344100000}, {"maxAge": 1, "endDate": "2019-09-30", "cash": 835390000, "shortTermInvestments": 1121060000, "netReceivables": 2532230000, "otherCurrentAssets": 505260000, "totalCurrentAssets": 4993940000, "longTermInvestments": 250140000, "propertyPlantEquipment": 1319210000, "goodWill": 2133400000, "intangibleAssets": 200290000, "otherAssets": 165180000, "deferredLongTermAssetCharges": 23530000, "totalAssets": 9062160000, "accountsPayable": 860060000, "otherCurrentLiab": 445410000, "otherLiab": 244500000, "minorityInterest": 338000000, "totalCurrentLiabilities": 1697130000, "totalLiab": 2046370000, "commonStock": 294750000, "treasuryStock": 6383040000, "otherStockholderEquity": 6383040000, "totalStockholderEquity": 6677790000, "netTangibleAssets": 4344100000}], "maxAge": 86400}, "earningsHistory": {"history": [{"maxAge": 1, "epsActual": {}, "epsEstimate": {}, "epsDifference": {}, "surprisePercent": {}, "quarter": {}, "period": "-4q"}, {"maxAge": 1, "epsActual": {}, "epsEstimate": {}, "epsDifference": {}, "surprisePercent": {}, "quarter": {}, "period": "-3q"}, {"maxAge": 1, "epsActual": 3.13, "epsEstimate": 3.26, "epsDifference": -0.13, "surprisePercent": -0.04, "quarter": "2017-12-31", "period": "-2q"}, {"maxAge": 1, "epsActual": 2.58, "epsEstimate": 3.48, "epsDifference": -0.9, "surprisePercent": -0.259, "quarter": "2018-03-31", "period": "-1q"}], "maxAge": 86400}, "indexTrend": {"maxAge": 1, "symbol": "SP5", "peRatio": 19.7411, "pegRatio": 1.34172, "estimates": [{"period": "0q", "growth": 0.549}, {"period": "+1q", "growth": 0.431}, {"period": "0y", "growth": 0.305}, {"period": "+1y", "growth": 0.109}, {"period": "+5y", "growth": 0.120865}, {"period": "-5y"}]}, "industryTrend": {"maxAge": 1, "symbol": null, "estimates": []}, "insiderTransactions": {"transactions": [{"maxAge": 1, "shares": 4943, "filerUrl": "", "transactionText": "", "filerName": "Kanodia (Lalit Surajmal)", "filerRelation": "Chairman of the Board", "moneyText": "", "startDate": "2020-03-31", "ownership": "D"}, {"maxAge": 1, "shares": 34848, "filerUrl": "", "transactionText": "", "filerName": "Kanodia (Lalit Surajmal)", "filerRelation": "Chairman of the Board", "moneyText": "", "startDate": "2020-03-31", "ownership": "D"}, {"maxAge": 1, "shares": 10620, "filerUrl": "", "transactionText": "", "filerName": "Kanodia (Lalit Surajmal)", "filerRelation": "Chairman of the Board", "moneyText": "", "startDate": "2020-03-30", "ownership": "D"}, {"maxAge": 1, "shares": 27413, "filerUrl": "", "transactionText": "", "filerName": "Kanodia (Lalit Surajmal)", "filerRelation": "Chairman of the Board", "moneyText": "", "startDate": "2020-03-30", "ownership": "D"}, {"maxAge": 1, "shares": 45713, "filerUrl": "", "transactionText": "", "filerName": "Kanodia (Lalit Surajmal)", "filerRelation": "Chairman of the Board", "moneyText": "", "startDate": "2020-03-27", "ownership": "D"}, {"maxAge": 1, "shares": 1138, "filerUrl": "", "transactionText": "", "filerName": "Kanodia (Lalit Surajmal)", "filerRelation": "Chairman of the Board", "moneyText": "", "startDate": "2020-03-27", "ownership": "D"}, {"maxAge": 1, "shares": 21712, "filerUrl": "", "transactionText": "", "filerName": "Kanodia (Lalit Surajmal)", "filerRelation": "Chairman of the Board", "moneyText": "", "startDate": "2020-03-26", "ownership": "D"}, {"maxAge": 1, "shares": 1400, "filerUrl": "", "transactionText": "", "filerName": "Kanodia (Lalit Surajmal)", "filerRelation": "Chairman of the Board", "moneyText": "", "startDate": "2020-03-26", "ownership": "D"}, {"maxAge": 1, "shares": 23884, "filerUrl": "", "transactionText": "", "filerName": "Kanodia (Lalit Surajmal)", "filerRelation": "Chairman of the Board", "moneyText": "", "startDate": "2020-03-25", "ownership": "D"}, {"maxAge": 1, "shares": 5083, "filerUrl": "", "transactionText": "", "filerName": "Kanodia (Lalit Surajmal)", "filerRelation": "Chairman of the Board", "moneyText": "", "startDate": "2020-03-25", "ownership": "D"}, {"maxAge": 1, "shares": 17739, "filerUrl": "", "transactionText": "", "filerName": "Kanodia (Lalit Surajmal)", "filerRelation": "Chairman of the Board", "moneyText": "", "startDate": "2020-03-24", "ownership": "D"}, {"maxAge": 1, "shares": 2108, "filerUrl": "", "transactionText": "", "filerName": "Kanodia (Lalit Surajmal)", "filerRelation": "Chairman of the Board", "moneyText": "", "startDate": "2020-03-24", "ownership": "D"}, {"maxAge": 1, "shares": 23194, "filerUrl": "", "transactionText": "", "filerName": "Kanodia (Lalit Surajmal)", "filerRelation": "Chairman of the Board", "moneyText": "", "startDate": "2020-03-23", "ownership": "D"}, {"maxAge": 1, "shares": 9800, "filerUrl": "", "transactionText": "", "filerName": "Kanodia (Lalit Surajmal)", "filerRelation": "Chairman of the Board", "moneyText": "", "startDate": "2020-03-23", "ownership": "D"}, {"maxAge": 1, "shares": 58000, "filerUrl": "", "transactionText": "", "filerName": "Delta Infosolutions Pvt Ltd", "filerRelation": "Promoter", "moneyText": "", "startDate": "2020-02-13", "ownership": "D"}, {"maxAge": 1, "shares": 227000, "filerUrl": "", "transactionText": "", "filerName": "Delta Infosolutions Pvt Ltd", "filerRelation": "Promoter", "moneyText": "", "startDate": "2020-02-10", "ownership": "D"}, {"maxAge": 1, "shares": 247000, "filerUrl": "", "transactionText": "", "filerName": "Kanodia (Lalit Surajmal)", "filerRelation": "Chairman of the Board", "moneyText": "", "startDate": "2018-10-17", "ownership": "D"}, {"maxAge": 1, "shares": 1473735, "filerUrl": "", "transactionText": "", "filerName": "Kanodia (Priyadarshini R)", "filerRelation": "UNREPORTED", "moneyText": "", "startDate": "2017-03-29", "ownership": "D"}, {"maxAge": 1, "shares": 0, "filerUrl": "", "transactionText": "", "filerName": "Dalmia (Aneesha Aditya)", "filerRelation": "Promoter", "moneyText": "", "startDate": "2016-05-17", "ownership": "I"}, {"maxAge": 1, "shares": 25000, "filerUrl": "", "transactionText": "", "filerName": "Dalmia (Aneesha Aditya)", "filerRelation": "UNREPORTED", "moneyText": "", "startDate": "2016-05-17", "ownership": "D"}, {"maxAge": 1, "shares": 1473735, "filerUrl": "", "transactionText": "", "filerName": "Kanodia (Priyadarshini R)", "filerRelation": "UNREPORTED", "moneyText": "", "startDate": "2015-12-30", "ownership": "D"}, {"maxAge": 1, "shares": 300000, "filerUrl": "", "transactionText": "", "filerName": "Kanodia (Asha L.)", "filerRelation": "Director (Non-Executive)", "moneyText": "", "startDate": "2015-08-19", "ownership": "D"}, {"maxAge": 1, "shares": 600000, "filerUrl": "", "transactionText": "", "filerName": "Bhogilal (Amrita Vidur)", "filerRelation": "Promoter", "moneyText": "", "startDate": "2015-08-19", "ownership": "D"}, {"maxAge": 1, "shares": 300000, "filerUrl": "", "transactionText": "", "filerName": "Kanodia (Lalit Surajmal)", "filerRelation": "Chairman of the Board", "moneyText": "", "startDate": "2015-08-19", "ownership": "D"}, {"maxAge": 1, "shares": 300000, "filerUrl": "", "transactionText": "", "filerName": "Kanodia (Asha L.)", "filerRelation": "Non Independent Director", "moneyText": "", "startDate": "2014-12-17", "ownership": "D"}, {"maxAge": 1, "shares": 600000, "filerUrl": "", "transactionText": "", "filerName": "Dalmia (Aneesha Aditya)", "filerRelation": "Promoter", "moneyText": "", "startDate": "2014-12-17", "ownership": "D"}, {"maxAge": 1, "shares": 300000, "filerUrl": "", "transactionText": "", "filerName": "Kanodia (Lalit Surajmal)", "filerRelation": "Chairman of the Board", "moneyText": "", "startDate": "2014-12-17", "ownership": "D"}, {"maxAge": 1, "shares": 300000, "filerUrl": "", "transactionText": "", "filerName": "Kanodia (Asha L.)", "filerRelation": "Director", "moneyText": "", "startDate": "2010-07-07", "ownership": "D"}, {"maxAge": 1, "shares": 300000, "filerUrl": "", "transactionText": "", "filerName": "Kanodia (Lalit Surajmal)", "filerRelation": "Chairman of the Board", "moneyText": "", "startDate": "2010-07-07", "ownership": "D"}, {"maxAge": 1, "shares": 746765, "filerUrl": "", "transactionText": "", "filerName": "Kanodia (Lalit Surajmal)", "filerRelation": "Chairman of the Board", "moneyText": "", "startDate": "2010-05-21", "ownership": "D"}, {"maxAge": 1, "shares": 1881774, "filerUrl": "", "transactionText": "", "filerName": "Kanodia (Asha L.)", "filerRelation": "Director", "moneyText": "", "startDate": "2010-05-21", "ownership": "D"}, {"maxAge": 1, "shares": 2628539, "filerUrl": "", "transactionText": "", "filerName": "Kanodia (Priyadarshini R)", "filerRelation": "UNREPORTED", "moneyText": "", "startDate": "2010-05-21", "ownership": "D"}, {"maxAge": 1, "shares": 3858, "filerUrl": "", "transactionText": "", "filerName": "Kanodia (Sameer Lalit)", "filerRelation": "Director (Executive)", "moneyText": "", "startDate": "2009-09-15", "ownership": "D"}, {"maxAge": 1, "shares": 349277, "filerUrl": "", "transactionText": "", "filerName": "Kanodia (Lalit Surajmal)", "filerRelation": "Chairman of the Board", "moneyText": "", "startDate": "2009-09-15", "ownership": "D"}], "maxAge": 1}, "quoteType": {"exchange": "BSE", "quoteType": "EQUITY", "symbol": "DATAMATICS.BO", "underlyingSymbol": "DATAMATICS.BO", "shortName": "DATAMATICS GLOBAL SERVICES LTD", "longName": "Datamatics Global Services Limited", "firstTradeDateEpochUtc": "2004-05-07 09:15:00", "timeZoneFullName": "Asia/Kolkata", "timeZoneShortName": "IST", "uuid": "53dc6f60-ea09-3d44-8f6a-77e8b8263643", "gmtOffSetMilliseconds": 19800000, "maxAge": 1}, "incomeStatementHistory": {"incomeStatementHistory": [{"maxAge": 1, "endDate": "2020-03-31", "totalRevenue": 12238340000, "costOfRevenue": 7920540000, "grossProfit": 4317800000, "researchDevelopment": {}, "sellingGeneralAdministrative": {}, "nonRecurring": {}, "otherOperatingExpenses": 2876970000, "totalOperatingExpenses": 11167480000, "operatingIncome": 1070860000, "totalOtherIncomeExpenseNet": -191950000, "ebit": 1070860000, "interestExpense": -46260000, "incomeBeforeTax": 878910000, "incomeTaxExpense": 260640000, "minorityInterest": 220150000, "netIncomeFromContinuingOps": 618270000, "discontinuedOperations": {}, "extraordinaryItems": {}, "effectOfAccountingCharges": {}, "otherItems": {}, "netIncome": 638640000, "netIncomeApplicableToCommonShares": 638640000}, {"maxAge": 1, "endDate": "2019-03-31", "totalRevenue": 11389810000, "costOfRevenue": 7144870000, "grossProfit": 4244940000, "researchDevelopment": {}, "sellingGeneralAdministrative": 354930000, "nonRecurring": {}, "otherOperatingExpenses": 2498790000, "totalOperatingExpenses": 10245040000, "operatingIncome": 1144770000, "totalOtherIncomeExpenseNet": 2740000, "ebit": 1144770000, "interestExpense": -46240000, "incomeBeforeTax": 1147510000, "incomeTaxExpense": 302760000, "minorityInterest": 393670000, "netIncomeFromContinuingOps": 844750000, "discontinuedOperations": {}, "extraordinaryItems": {}, "effectOfAccountingCharges": {}, "otherItems": {}, "netIncome": 745070000, "netIncomeApplicableToCommonShares": 745070000}, {"maxAge": 1, "endDate": "2018-03-31", "totalRevenue": 9119310000, "costOfRevenue": 5904260000, "grossProfit": 3215050000, "researchDevelopment": {}, "sellingGeneralAdministrative": 306250000, "nonRecurring": {}, "otherOperatingExpenses": 2076550000, "totalOperatingExpenses": 8474550000, "operatingIncome": 644760000, "totalOtherIncomeExpenseNet": 199130000, "ebit": 644760000, "interestExpense": -35720000, "incomeBeforeTax": 843890000, "incomeTaxExpense": 128860000, "minorityInterest": 363640000, "netIncomeFromContinuingOps": 715030000, "discontinuedOperations": {}, "extraordinaryItems": {}, "effectOfAccountingCharges": {}, "otherItems": {}, "netIncome": 640850000, "netIncomeApplicableToCommonShares": 640850000}, {"maxAge": 1, "endDate": "2017-03-31", "totalRevenue": 8524170000, "costOfRevenue": 5270690000, "grossProfit": 3253480000, "researchDevelopment": {}, "sellingGeneralAdministrative": 272890000, "nonRecurring": {}, "otherOperatingExpenses": 2155520000, "totalOperatingExpenses": 7935960000, "operatingIncome": 588210000, "totalOtherIncomeExpenseNet": 104380000, "ebit": 588210000, "interestExpense": -42020000, "incomeBeforeTax": 692590000, "incomeTaxExpense": 52970000, "minorityInterest": 208310000, "netIncomeFromContinuingOps": 639620000, "discontinuedOperations": {}, "extraordinaryItems": {}, "effectOfAccountingCharges": {}, "otherItems": {}, "netIncome": 651840000, "netIncomeApplicableToCommonShares": 651840000}], "maxAge": 86400}, "fundOwnership": {"ownershipList": [], "maxAge": 1}, "summaryDetail": {"maxAge": 1, "priceHint": 2, "previousClose": 114.2, "open": 116.5, "dayLow": 113.7, "dayHigh": 120.5, "regularMarketPreviousClose": 114.2, "regularMarketOpen": 116.5, "regularMarketDayLow": 113.7, "regularMarketDayHigh": 120.5, "trailingPE": 11.845411, "forwardPE": 7.8935027, "volume": 42999, "regularMarketVolume": 42999, "averageVolume": 41434, "averageVolume10days": 30477, "averageDailyVolume10Day": 30477, "bid": 116.55, "ask": 118.6, "bidSize": 0, "askSize": 0, "marketCap": 6947174912, "fiftyTwoWeekLow": 28.1, "fiftyTwoWeekHigh": 131.05, "fiftyDayAverage": 112.680305, "twoHundredDayAverage": 81.36029, "trailingAnnualDividendRate": 1.0, "trailingAnnualDividendYield": 0.008756568, "currency": "INR", "fromCurrency": null, "lastMarket": null, "algorithm": null, "tradeable": false}, "sectorTrend": {"maxAge": 1, "symbol": null, "estimates": []}, "incomeStatementHistoryQuarterly": {"incomeStatementHistory": [{"maxAge": 1, "endDate": "2020-06-30", "totalRevenue": 2794860000, "costOfRevenue": 1968200000, "grossProfit": 826660000, "researchDevelopment": {}, "sellingGeneralAdministrative": {}, "nonRecurring": {}, "otherOperatingExpenses": 517080000, "totalOperatingExpenses": 2579500000, "operatingIncome": 215360000, "totalOtherIncomeExpenseNet": -19590000, "ebit": 215360000, "interestExpense": -21380000, "incomeBeforeTax": 195770000, "incomeTaxExpense": 55190000, "minorityInterest": {}, "netIncomeFromContinuingOps": 140580000, "discontinuedOperations": {}, "extraordinaryItems": {}, "effectOfAccountingCharges": {}, "otherItems": {}, "netIncome": 140580000, "netIncomeApplicableToCommonShares": 140580000}, {"maxAge": 1, "endDate": "2020-03-31", "totalRevenue": 3177550000, "costOfRevenue": 2115310000, "grossProfit": 1062240000, "researchDevelopment": {}, "sellingGeneralAdministrative": {}, "nonRecurring": {}, "otherOperatingExpenses": 706390000, "totalOperatingExpenses": 2913840000, "operatingIncome": 263710000, "totalOtherIncomeExpenseNet": -163410000, "ebit": 263710000, "interestExpense": -10040000, "incomeBeforeTax": 100300000, "incomeTaxExpense": 62010000, "minorityInterest": 220150000, "netIncomeFromContinuingOps": 38290000, "discontinuedOperations": {}, "extraordinaryItems": {}, "effectOfAccountingCharges": {}, "otherItems": {}, "netIncome": 115500000, "netIncomeApplicableToCommonShares": 115500000}, {"maxAge": 1, "endDate": "2019-12-31", "totalRevenue": 3113150000, "costOfRevenue": 2019390000, "grossProfit": 1093760000, "researchDevelopment": {}, "sellingGeneralAdministrative": {}, "nonRecurring": {}, "otherOperatingExpenses": 778490000, "totalOperatingExpenses": 2892320000, "operatingIncome": 220830000, "totalOtherIncomeExpenseNet": -10560000, "ebit": 220830000, "interestExpense": -12360000, "incomeBeforeTax": 210270000, "incomeTaxExpense": 50890000, "minorityInterest": 220150000, "netIncomeFromContinuingOps": 159380000, "discontinuedOperations": {}, "extraordinaryItems": {}, "effectOfAccountingCharges": {}, "otherItems": {}, "netIncome": 131320000, "netIncomeApplicableToCommonShares": 131320000}, {"maxAge": 1, "endDate": "2019-09-30", "totalRevenue": 3028650000, "costOfRevenue": 1919690000, "grossProfit": 1108960000, "researchDevelopment": {}, "sellingGeneralAdministrative": {}, "nonRecurring": {}, "otherOperatingExpenses": 710880000, "totalOperatingExpenses": 2725750000, "operatingIncome": 302900000, "totalOtherIncomeExpenseNet": -8340000, "ebit": 302900000, "interestExpense": -10270000, "incomeBeforeTax": 294560000, "incomeTaxExpense": 83030000, "minorityInterest": 338000000, "netIncomeFromContinuingOps": 211530000, "discontinuedOperations": {}, "extraordinaryItems": {}, "effectOfAccountingCharges": {}, "otherItems": {}, "netIncome": 199430000, "netIncomeApplicableToCommonShares": 199430000}], "maxAge": 86400}, "cashflowStatementHistoryQuarterly": {"cashflowStatements": [{"maxAge": 1, "endDate": "2020-06-30", "netIncome": 140580000, "changeToLiabilities": 0}, {"maxAge": 1, "endDate": "2020-03-31", "netIncome": 115500000, "changeToLiabilities": 0}, {"maxAge": 1, "endDate": "2019-12-31", "netIncome": 131320000, "changeToLiabilities": 0}, {"maxAge": 1, "endDate": "2019-09-30", "netIncome": 199430000, "changeToLiabilities": 0}], "maxAge": 86400}, "insiderHolders": {"holders": [{"maxAge": 1, "name": "Bhogilal (Amrita Vidur)", "relation": "Promoter", "url": "", "transactionDescription": "Acquisition", "latestTransDate": "2015-08-19", "positionDirect": 1189143, "positionDirectDate": "2015-08-19"}, {"maxAge": 1, "name": "Dalmia (Aneesha Aditya)", "relation": "Promoter", "url": "", "transactionDescription": "Sale", "latestTransDate": "2016-05-17", "positionIndirect": 1764143, "positionIndirectDate": 1463443200}, {"maxAge": 1, "name": "Delta Infosolutions Pvt Ltd", "relation": "Promoter", "url": "", "transactionDescription": "Acquisition", "latestTransDate": "2020-02-13", "positionDirect": 32098742, "positionDirectDate": "2020-02-13"}, {"maxAge": 1, "name": "Kanodia (Asha L.)", "relation": "Director (Non-Executive)", "url": "", "transactionDescription": "Gift", "latestTransDate": "2015-08-19", "positionDirect": 3305258, "positionDirectDate": "2015-08-19"}, {"maxAge": 1, "name": "Kanodia (Lalit Surajmal)", "relation": "Chairman of the Board", "url": "", "transactionDescription": "Acquisition", "latestTransDate": "2020-03-31", "positionDirect": 3683322, "positionDirectDate": "2020-03-31"}, {"maxAge": 1, "name": "Kanodia (Priyadarshini R)", "relation": "UNREPORTED", "url": "", "transactionDescription": "Purchase", "latestTransDate": "2017-03-29", "positionDirect": 1473735, "positionDirectDate": "2017-03-29"}, {"maxAge": 1, "name": "Kanodia (Sameer Lalit)", "relation": "Director (Executive)", "url": "", "transactionDescription": "Acquisition", "latestTransDate": "2009-09-15", "positionDirectDate": "2009-09-15"}], "maxAge": 1}, "earnings": {"maxAge": 86400, "earningsChart": {"quarterly": [{"date": "4Q2017", "actual": 3.13, "estimate": 3.26}, {"date": "1Q2018", "actual": 2.58, "estimate": 3.48}], "currentQuarterEstimateDate": "2Q", "currentQuarterEstimateYear": 2018, "earningsDate": []}, "financialsChart": {"yearly": [{"date": 2017, "revenue": 8524170000, "earnings": 651840000}, {"date": 2018, "revenue": 9119310000, "earnings": 640850000}, {"date": 2019, "revenue": 11389810000, "earnings": 745070000}, {"date": 2020, "revenue": 12238340000, "earnings": 638640000}], "quarterly": [{"date": "3Q2019", "revenue": 3028650000, "earnings": 199430000}, {"date": "4Q2019", "revenue": 3113150000, "earnings": 131320000}, {"date": "1Q2020", "revenue": 3177550000, "earnings": 115500000}, {"date": "2Q2020", "revenue": 2794860000, "earnings": 140580000}]}, "financialCurrency": "INR"}, "calendarEvents": {"maxAge": 1, "earnings": {"earningsDate": [], "revenueAverage": 2631350000}}, "upgradeDowngradeHistory": {"history": [], "maxAge": 86400}, "price": {"maxAge": 1, "regularMarketChangePercent": 0.031961486, "regularMarketChange": 3.6500015, "regularMarketTime": "2021-04-30 15:27:51", "priceHint": 2, "regularMarketPrice": 117.85, "regularMarketDayHigh": 120.5, "regularMarketDayLow": 113.7, "regularMarketVolume": 42999, "averageDailyVolume10Day": 30477, "averageDailyVolume3Month": 41434, "regularMarketPreviousClose": 114.2, "regularMarketSource": "FREE_REALTIME", "regularMarketOpen": 116.5, "exchange": "BSE", "exchangeName": "BSE", "exchangeDataDelayedBy": 0, "marketState": "CLOSED", "quoteType": "EQUITY", "symbol": "DATAMATICS.BO", "underlyingSymbol": null, "shortName": "DATAMATICS GLOBAL SERVICES LTD", "longName": "Datamatics Global Services Limited", "currency": "INR", "quoteSourceName": "Delayed Quote", "currencySymbol": "\u20b9", "fromCurrency": null, "lastMarket": null, "marketCap": 6947174912}, "balanceSheetHistory": {"balanceSheetStatements": [{"maxAge": 1, "endDate": "2020-03-31", "cash": 1987240000, "shortTermInvestments": 1025080000, "netReceivables": 2735480000, "otherCurrentAssets": 413260000, "totalCurrentAssets": 6161060000, "longTermInvestments": 246740000, "propertyPlantEquipment": 1360270000, "goodWill": 2030810000, "intangibleAssets": 168890000, "otherAssets": 235300000, "deferredLongTermAssetCharges": 70150000, "totalAssets": 10203070000, "accountsPayable": 897300000, "otherCurrentLiab": 560210000, "otherLiab": 330740000, "minorityInterest": 220150000, "totalCurrentLiabilities": 2599720000, "totalLiab": 3039900000, "commonStock": 294750000, "treasuryStock": 6648270000, "otherStockholderEquity": 6648270000, "totalStockholderEquity": 6943020000, "netTangibleAssets": 4743320000}, {"maxAge": 1, "endDate": "2019-03-31", "cash": 696180000, "netReceivables": 3079790000, "otherCurrentAssets": 289270000, "totalCurrentAssets": 4658970000, "longTermInvestments": 113910000, "propertyPlantEquipment": 1187130000, "goodWill": 2124250000, "intangibleAssets": 221850000, "otherAssets": 361270000, "deferredLongTermAssetCharges": 24910000, "totalAssets": 8667380000, "accountsPayable": 742270000, "otherCurrentLiab": 355900000, "otherLiab": 237890000, "minorityInterest": 393670000, "totalCurrentLiabilities": 1636260000, "totalLiab": 1874150000, "commonStock": 294750000, "retainedEarnings": 4578470000, "treasuryStock": 446260000, "capitalSurplus": 1080080000, "otherStockholderEquity": 446260000, "totalStockholderEquity": 6399560000, "netTangibleAssets": 4053460000}, {"maxAge": 1, "endDate": "2018-03-31", "cash": 817840000, "netReceivables": 2641640000, "otherCurrentAssets": 175940000, "totalCurrentAssets": 3968100000, "longTermInvestments": 115340000, "propertyPlantEquipment": 1162050000, "goodWill": 1752370000, "intangibleAssets": 237540000, "otherAssets": 389650000, "deferredLongTermAssetCharges": 139940000, "totalAssets": 7625050000, "accountsPayable": 697740000, "otherCurrentLiab": 116350000, "otherLiab": 176480000, "minorityInterest": 363640000, "totalCurrentLiabilities": 1621130000, "totalLiab": 1797610000, "commonStock": 294750000, "retainedEarnings": 3876690000, "treasuryStock": 212280000, "capitalSurplus": 1080080000, "otherStockholderEquity": 212280000, "totalStockholderEquity": 5463800000, "netTangibleAssets": 3473890000}, {"maxAge": 1, "endDate": "2017-03-31", "cash": 676630000, "shortTermInvestments": 1110000, "netReceivables": 2090680000, "otherCurrentAssets": 206860000, "totalCurrentAssets": 3527020000, "longTermInvestments": 284640000, "propertyPlantEquipment": 1106230000, "goodWill": 1438390000, "intangibleAssets": 101360000, "otherAssets": 339330000, "deferredLongTermAssetCharges": 184570000, "totalAssets": 6796970000, "accountsPayable": 625600000, "shortLongTermDebt": 260830000, "otherCurrentLiab": 141820000, "longTermDebt": 81470000, "otherLiab": 145080000, "minorityInterest": 208310000, "totalCurrentLiabilities": 1339090000, "totalLiab": 1565640000, "commonStock": 294750000, "retainedEarnings": 3223090000, "treasuryStock": 425100000, "capitalSurplus": 1080080000, "otherStockholderEquity": 425100000, "totalStockholderEquity": 5023020000, "netTangibleAssets": 3483270000}], "maxAge": 86400}, "earningsTrend": {"trend": [{"maxAge": 1, "period": "0q", "endDate": "2018-06-30", "growth": {}, "earningsEstimate": {"avg": 0.0, "low": 0.0, "high": 0.0, "yearAgoEps": {}, "numberOfAnalysts": 0, "growth": {}}, "revenueEstimate": {"avg": 2631350000, "low": 0, "high": 0, "numberOfAnalysts": 0, "yearAgoRevenue": 2136620000, "growth": 0.23200001}, "epsTrend": {"current": 0.0, "7daysAgo": 0.0, "30daysAgo": 0.0, "60daysAgo": 0.0, "90daysAgo": 0.0}, "epsRevisions": {"upLast7days": 0, "upLast30days": 0, "downLast30days": 0, "downLast90days": {}}}, {"maxAge": 1, "period": "+1q", "endDate": "2018-09-30", "growth": {}, "earningsEstimate": {"avg": 0.0, "low": 0.0, "high": 0.0, "yearAgoEps": {}, "numberOfAnalysts": 0, "growth": {}}, "revenueEstimate": {"avg": 2888930000, "low": 0, "high": 0, "numberOfAnalysts": 0, "yearAgoRevenue": 2436510000, "growth": 0.186}, "epsTrend": {"current": 0.0, "7daysAgo": 0.0, "30daysAgo": 0.0, "60daysAgo": 0.0, "90daysAgo": 0.0}, "epsRevisions": {"upLast7days": 0, "upLast30days": 0, "downLast30days": 0, "downLast90days": {}}}, {"maxAge": 1, "period": "0y", "endDate": "2019-03-31", "growth": {}, "earningsEstimate": {"avg": 0.0, "low": 0.0, "high": 0.0, "yearAgoEps": {}, "numberOfAnalysts": 0, "growth": {}}, "revenueEstimate": {"avg": 10696400000, "low": 10696400000, "high": 10696400000, "numberOfAnalysts": 1, "yearAgoRevenue": 9102690000, "growth": 0.175}, "epsTrend": {"current": 0.0, "7daysAgo": 14.93, "30daysAgo": 14.93, "60daysAgo": 14.93, "90daysAgo": 14.93}, "epsRevisions": {"upLast7days": 0, "upLast30days": 0, "downLast30days": 0, "downLast90days": {}}}, {"maxAge": 1, "period": "+1y", "endDate": "2020-03-31", "growth": {}, "earningsEstimate": {"avg": 0.0, "low": 0.0, "high": 0.0, "yearAgoEps": {}, "numberOfAnalysts": 0, "growth": {}}, "revenueEstimate": {"avg": 0, "low": 0, "high": 0, "numberOfAnalysts": 0, "yearAgoRevenue": 10696400000, "growth": {}}, "epsTrend": {"current": 0.0, "7daysAgo": 0.0, "30daysAgo": 0.0, "60daysAgo": 0.0, "90daysAgo": 0.0}, "epsRevisions": {"upLast7days": 0, "upLast30days": 0, "downLast30days": 0, "downLast90days": {}}}, {"maxAge": 1, "period": "+5y", "endDate": null, "growth": {}, "earningsEstimate": {"avg": {}, "low": {}, "high": {}, "yearAgoEps": {}, "numberOfAnalysts": {}, "growth": {}}, "revenueEstimate": {"avg": {}, "low": {}, "high": {}, "numberOfAnalysts": {}, "yearAgoRevenue": {}, "growth": {}}, "epsTrend": {"current": {}, "7daysAgo": {}, "30daysAgo": {}, "60daysAgo": {}, "90daysAgo": {}}, "epsRevisions": {"upLast7days": {}, "upLast30days": {}, "downLast30days": {}, "downLast90days": {}}}, {"maxAge": 1, "period": "-5y", "endDate": null, "growth": {}, "earningsEstimate": {"avg": {}, "low": {}, "high": {}, "yearAgoEps": {}, "numberOfAnalysts": {}, "growth": {}}, "revenueEstimate": {"avg": {}, "low": {}, "high": {}, "numberOfAnalysts": {}, "yearAgoRevenue": {}, "growth": {}}, "epsTrend": {"current": {}, "7daysAgo": {}, "30daysAgo": {}, "60daysAgo": {}, "90daysAgo": {}}, "epsRevisions": {"upLast7days": {}, "upLast30days": {}, "downLast30days": {}, "downLast90days": {}}}], "maxAge": 1}, "financialData": {"maxAge": 86400, "currentPrice": 117.85, "targetHighPrice": 30.0, "targetLowPrice": 30.0, "targetMeanPrice": 30.0, "targetMedianPrice": 30.0, "recommendationKey": "none", "numberOfAnalystOpinions": 1, "grossProfits": 4317800000, "financialCurrency": "INR"}}}