{"DBCORP.NS": {"assetProfile": {"address1": "Dwarka Sadan", "address2": "6, Press Complex M P Nagar Zone I", "city": "Bhopal", "zip": "462011", "country": "India", "phone": "91 755 3988 8840", "fax": "91 75 5267 5190", "website": "http://www.dbcorpltd.com", "industry": "Publishing", "sector": "Communication Services", "longBusinessSummary": "D. B. Corp Limited engages in newspaper printing and publishing, radio broadcasting, event management, and integrated internet and mobile interactive service businesses in India and internationally. The company operates through Printing/Publishing and Allied Businesses, and Radio segments. It publishes Dainik Bhaskar, Divya Bhaskar, Divya Marathi, Saurashtra Samachar, and DB Star newspapers in 3 languages, such as Hindi, Gujarati, and Marathi. The company also publishes Aha Zindagi, Bal Bhaskar, Young Bhaskar, Madhurima, Navrang, Kalash, Dharmdarshan, Rasik, and Lakshya magazines. In addition, it operates a network of 30 radio stations in 7 states under the 94.3 My FM brand name; 8 digital portals, such as dainikbhaskar.com, divyabhaskar.com, divyamarathi.com, jeevanmantra.in, homeonline.com, bollywoodbhaskar.com, moneybhaskar.com, and bhaskareducation.com; and 4 mobile applications comprising Dainik Bhaskar, Divya Bhaskar, Divya Marathi, and home online. D. B. Corp Limited was incorporated in 1995 and is headquartered in Bhopal, India.", "fullTimeEmployees": 9120, "companyOfficers": [{"maxAge": 1, "name": "Mr. Sudhir  Agarwal", "age": 49, "title": "MD & Exec. Director", "yearBorn": 1971, "fiscalYear": 2020, "totalPay": 15000000, "exercisedValue": 0, "unexercisedValue": 0}, {"maxAge": 1, "name": "Mr. Pradyumna Kumar Gopalkrishna Mishra", "age": 60, "title": "Group Chief Financial Officer", "yearBorn": 1960, "fiscalYear": 2020, "totalPay": 23871206, "exercisedValue": 0, "unexercisedValue": 0}, {"maxAge": 1, "name": "Mr. Ripu Daman Bhatnagar", "age": 57, "title": "Chief Technology Officer", "yearBorn": 1963, "exercisedValue": 0, "unexercisedValue": 0}, {"maxAge": 1, "name": "Ms. Anita  Gokhale", "title": "Company Sec. & Compliance Officer", "fiscalYear": 2020, "totalPay": 1931598, "exercisedValue": 0, "unexercisedValue": 0}, {"maxAge": 1, "name": "Dr. Bharat  Agarwal", "age": 56, "title": "Head of Corp. PR & Communication and Exec. Director", "yearBorn": 1964, "exercisedValue": 0, "unexercisedValue": 0}, {"maxAge": 1, "name": "Ms. Rachna  Kamra", "age": 62, "title": "Chief HR Officer", "yearBorn": 1958, "exercisedValue": 0, "unexercisedValue": 0}, {"maxAge": 1, "name": "Mr. Pawan  Agarwal", "age": 46, "title": "Deputy MD & Exec. Non-Independent Director", "yearBorn": 1974, "fiscalYear": 2020, "totalPay": 10000000, "exercisedValue": 0, "unexercisedValue": 0}, {"maxAge": 1, "name": "Mr. Gyan  Gupta", "age": 45, "title": "Chief Exec. Officer of Digital Division", "yearBorn": 1975, "exercisedValue": 0, "unexercisedValue": 0}, {"maxAge": 1, "name": "Mr. Vijay  Garg", "age": 52, "title": "Chief Financial Officer of Radio Division", "yearBorn": 1968, "exercisedValue": 0, "unexercisedValue": 0}, {"maxAge": 1, "name": "Mr. Pathik  Shah", "age": 31, "title": "Chief Exec. Officer of DB Digital", "yearBorn": 1989, "exercisedValue": 0, "unexercisedValue": 0}], "compensationAsOfEpochDate": "2020-12-31 05:30:00", "maxAge": 86400}, "recommendationTrend": {"trend": [{"period": "0m", "strongBuy": 0, "buy": 0, "hold": 0, "sell": 0, "strongSell": 0}, {"period": "-1m", "strongBuy": 6, "buy": 9, "hold": 4, "sell": 1, "strongSell": 0}, {"period": "-2m", "strongBuy": 6, "buy": 9, "hold": 4, "sell": 1, "strongSell": 0}, {"period": "-3m", "strongBuy": 6, "buy": 10, "hold": 4, "sell": 1, "strongSell": 0}], "maxAge": 86400}, "cashflowStatementHistory": {"cashflowStatements": [{"maxAge": 1, "endDate": "2020-03-31", "netIncome": 2749760000, "depreciation": 1185790000, "changeToNetincome": 290270000, "changeToAccountReceivables": -206250000, "changeToLiabilities": -144630000, "changeToInventory": -33460000, "changeToOperatingActivities": -231830000, "totalCashFromOperatingActivities": 3631020000, "capitalExpenditures": -458610000, "investments": -1001980000, "otherCashflowsFromInvestingActivities": -236900000, "totalCashflowsFromInvestingActivities": -1541640000, "dividendsPaid": -3148460000, "netBorrowings": 966950000, "otherCashflowsFromFinancingActivities": -891160000, "totalCashFromFinancingActivities": -3068390000, "changeInCash": -979010000, "issuanceOfStock": 4280000}, {"maxAge": 1, "endDate": "2019-03-31", "netIncome": 2738410000, "depreciation": 962900000, "changeToNetincome": 110160000, "changeToAccountReceivables": -1017830000, "changeToLiabilities": 380860000, "changeToInventory": -896160000, "changeToOperatingActivities": 52460000, "totalCashFromOperatingActivities": 2354180000, "capitalExpenditures": -656850000, "investments": 229760000, "otherCashflowsFromInvestingActivities": 142370000, "totalCashflowsFromInvestingActivities": -206390000, "dividendsPaid": -524340000, "netBorrowings": 52130000, "otherCashflowsFromFinancingActivities": -191260000, "totalCashFromFinancingActivities": -3811240000, "changeInCash": -1663450000, "repurchaseOfStock": -3156800000, "issuanceOfStock": 9030000}, {"maxAge": 1, "endDate": "2018-03-31", "netIncome": 3239700000, "depreciation": 894400000, "changeToNetincome": 208580000, "changeToAccountReceivables": -1339820000, "changeToLiabilities": 486570000, "changeToInventory": 387750000, "changeToOperatingActivities": -266790000, "totalCashFromOperatingActivities": 3639490000, "capitalExpenditures": -1822090000, "investments": -225890000, "otherCashflowsFromInvestingActivities": 128810000, "totalCashflowsFromInvestingActivities": -1984220000, "dividendsPaid": -130000, "netBorrowings": -382400000, "otherCashflowsFromFinancingActivities": -51160000, "totalCashFromFinancingActivities": -418690000, "changeInCash": 1236580000, "repurchaseOfStock": -3156800000, "issuanceOfStock": 15000000}, {"maxAge": 1, "endDate": "2017-03-31", "netIncome": 3747570000, "depreciation": 836280000, "changeToNetincome": -97750000, "changeToAccountReceivables": -491890000, "changeToLiabilities": -11610000, "changeToInventory": -312410000, "changeToOperatingActivities": -95250000, "totalCashFromOperatingActivities": 3601520000, "capitalExpenditures": -540260000, "investments": 415710000, "otherCashflowsFromInvestingActivities": 72560000, "totalCashflowsFromInvestingActivities": -320550000, "dividendsPaid": -1517870000, "netBorrowings": -571650000, "otherCashflowsFromFinancingActivities": -364760000, "totalCashFromFinancingActivities": -2436000000, "changeInCash": 844970000, "repurchaseOfStock": -3156800000, "issuanceOfStock": 18280000}], "maxAge": 86400}, "indexTrend": {"maxAge": 1, "symbol": "SP5", "peRatio": 19.7411, "pegRatio": 1.34172, "estimates": [{"period": "0q", "growth": 0.549}, {"period": "+1q", "growth": 0.431}, {"period": "0y", "growth": 0.305}, {"period": "+1y", "growth": 0.109}, {"period": "+5y", "growth": 0.120865}, {"period": "-5y"}]}, "defaultKeyStatistics": {"maxAge": 1, "priceHint": 2, "enterpriseValue": 16123555840, "forwardPE": 3.4722223, "profitMargins": 0.06729, "floatShares": 30625921, "sharesOutstanding": 174960992, "heldPercentInsiders": 0.37565, "heldPercentInstitutions": 0.21764, "beta": 0.881681, "category": null, "bookValue": 94.818, "priceToBook": 0.8569048, "fundFamily": null, "legalType": null, "lastFiscalYearEnd": "2020-03-31 05:30:00", "nextFiscalYearEnd": "2022-03-31 05:30:00", "mostRecentQuarter": "2020-12-31 05:30:00", "earningsQuarterlyGrowth": 0.213, "netIncomeToCommon": 1035609984, "trailingEps": 5.902, "forwardEps": 25.31, "lastSplitFactor": "78:1", "lastSplitDate": "2007-10-01 05:30:00", "enterpriseToRevenue": 1.048, "enterpriseToEbitda": 6.582}, "industryTrend": {"maxAge": 1, "symbol": null, "estimates": []}, "quoteType": {"exchange": "NSI", "quoteType": "EQUITY", "symbol": "DBCORP.NS", "underlyingSymbol": "DBCORP.NS", "shortName": "D B CORP LTD", "longName": "D. B. Corp Limited", "firstTradeDateEpochUtc": "2010-01-06 09:15:00", "timeZoneFullName": "Asia/Kolkata", "timeZoneShortName": "IST", "uuid": "0dfa3267-efce-33eb-9772-b6b5effb06af", "gmtOffSetMilliseconds": 19800000, "maxAge": 1}, "incomeStatementHistory": {"incomeStatementHistory": [{"maxAge": 1, "endDate": "2020-03-31", "totalRevenue": 22250230000, "costOfRevenue": 12279410000, "grossProfit": 9970820000, "researchDevelopment": {}, "sellingGeneralAdministrative": 902230000, "nonRecurring": {}, "otherOperatingExpenses": 4060260000, "totalOperatingExpenses": 18620340000, "operatingIncome": 3629890000, "totalOtherIncomeExpenseNet": -148260000, "ebit": 3629890000, "interestExpense": -251060000, "incomeBeforeTax": 3481630000, "incomeTaxExpense": 731870000, "minorityInterest": {}, "netIncomeFromContinuingOps": 2749760000, "discontinuedOperations": {}, "extraordinaryItems": {}, "effectOfAccountingCharges": {}, "otherItems": {}, "netIncome": 2749760000, "netIncomeApplicableToCommonShares": 2749760000}, {"maxAge": 1, "endDate": "2019-03-31", "totalRevenue": 24627010000, "costOfRevenue": 14074590000, "grossProfit": 10552420000, "researchDevelopment": {}, "sellingGeneralAdministrative": 1323900000, "nonRecurring": {}, "otherOperatingExpenses": 4027570000, "totalOperatingExpenses": 20494310000, "operatingIncome": 4132700000, "totalOtherIncomeExpenseNet": 4710000, "ebit": 4132700000, "interestExpense": -85040000, "incomeBeforeTax": 4137410000, "incomeTaxExpense": 1399000000, "minorityInterest": {}, "netIncomeFromContinuingOps": 2738410000, "discontinuedOperations": {}, "extraordinaryItems": {}, "effectOfAccountingCharges": {}, "otherItems": {}, "netIncome": 2738410000, "netIncomeApplicableToCommonShares": 2738410000}, {"maxAge": 1, "endDate": "2018-03-31", "totalRevenue": 23111680000, "costOfRevenue": 12114530000, "grossProfit": 10997150000, "researchDevelopment": {}, "sellingGeneralAdministrative": 1114040000, "nonRecurring": {}, "otherOperatingExpenses": 4236030000, "totalOperatingExpenses": 18385360000, "operatingIncome": 4726320000, "totalOtherIncomeExpenseNet": 158280000, "ebit": 4726320000, "interestExpense": -66990000, "incomeBeforeTax": 4884600000, "incomeTaxExpense": 1644900000, "minorityInterest": {}, "netIncomeFromContinuingOps": 3239700000, "discontinuedOperations": {}, "extraordinaryItems": {}, "effectOfAccountingCharges": {}, "otherItems": {}, "netIncome": 3239700000, "netIncomeApplicableToCommonShares": 3239700000}, {"maxAge": 1, "endDate": "2017-03-31", "totalRevenue": 22580100000, "costOfRevenue": 11269860000, "grossProfit": 11310240000, "researchDevelopment": {}, "sellingGeneralAdministrative": 991250000, "nonRecurring": {}, "otherOperatingExpenses": 3904330000, "totalOperatingExpenses": 17026690000, "operatingIncome": 5553410000, "totalOtherIncomeExpenseNet": 100910000, "ebit": 5553410000, "interestExpense": -57410000, "incomeBeforeTax": 5654320000, "incomeTaxExpense": 1906750000, "minorityInterest": {}, "netIncomeFromContinuingOps": 3747570000, "discontinuedOperations": {}, "extraordinaryItems": {}, "effectOfAccountingCharges": {}, "otherItems": {}, "netIncome": 3747570000, "netIncomeApplicableToCommonShares": 3747570000}], "maxAge": 86400}, "fundOwnership": {"ownershipList": [{"maxAge": 1, "reportDate": "2021-01-31", "organization": "DFA Investment Dimensions-DFA Emerging Mkts Value", "pctHeld": 0.0007, "position": 113948, "value": 9326643}, {"maxAge": 1, "reportDate": "2021-01-31", "organization": "DFA Emerging Markets Core Equity Portfolio", "pctHeld": 0.0005, "position": 78748, "value": 6445523}, {"maxAge": 1, "reportDate": "2020-12-31", "organization": "Segall Bryant & Hamill Emerging Markets Fd", "pctHeld": 0.0002, "position": 34419, "value": 2818916}, {"maxAge": 1, "reportDate": "2021-01-31", "organization": "DFA Investment Dimensions-World Ex U.S. Core Equity Port", "pctHeld": 0.0001, "position": 24605, "value": 2013919}, {"maxAge": 1, "reportDate": "2021-01-31", "organization": "DFA Emerging Markets Small Cap Series", "pctHeld": 0.0001, "position": 23065, "value": 1887870}, {"maxAge": 1, "reportDate": "2021-01-31", "organization": "DFA T.A. World Ex U.S. Core Equity Portfolio", "pctHeld": 0.0001, "position": 23005, "value": 1882959}, {"maxAge": 1, "reportDate": "2021-03-31", "organization": "Avantis Emerging Markets Equity Fund", "pctHeld": 0.0001, "position": 18592, "value": 1670491}, {"maxAge": 1, "reportDate": "2021-01-31", "organization": "DFA Emerging Markets Sustainability Core 1 Portfolio", "pctHeld": 0.0001, "position": 13047, "value": 1067896}, {"maxAge": 1, "reportDate": "2021-01-31", "organization": "DFA Investment Dimensions-Emerging Markets Social Core Equity", "pctHeld": 0.0001, "position": 10708, "value": 876449}], "maxAge": 1}, "summaryDetail": {"maxAge": 1, "priceHint": 2, "previousClose": 82.25, "open": 81.05, "dayLow": 81.05, "dayHigh": 82.8, "regularMarketPreviousClose": 82.25, "regularMarketOpen": 81.05, "regularMarketDayLow": 81.05, "regularMarketDayHigh": 82.8, "exDividendDate": "2020-02-03 05:30:00", "payoutRatio": 0.59319997, "beta": 0.881681, "trailingPE": 13.76652, "forwardPE": 3.2101936, "volume": 182061, "regularMarketVolume": 182061, "averageVolume": 496814, "averageVolume10days": 233597, "averageDailyVolume10Day": 233597, "bid": 0.0, "ask": 0.0, "bidSize": 0, "askSize": 0, "marketCap": 14215580672, "fiftyTwoWeekLow": 58.0, "fiftyTwoWeekHigh": 104.9, "priceToSalesTrailing12Months": 0.92371947, "fiftyDayAverage": 94.451515, "twoHundredDayAverage": 83.84286, "trailingAnnualDividendRate": 0.0, "trailingAnnualDividendYield": 0.0, "currency": "INR", "fromCurrency": null, "lastMarket": null, "algorithm": null, "tradeable": false}, "insiderHolders": {"holders": [{"maxAge": 1, "name": "Agarwal (Bhawna)", "relation": "Promoter", "url": "", "transactionDescription": "Acquisition", "latestTransDate": "2020-11-24", "positionDirect": 268055, "positionDirectDate": "2020-11-24"}, {"maxAge": 1, "name": "Agarwal (Girish R)", "relation": "Promoter", "url": "", "transactionDescription": "Other", "latestTransDate": "2018-08-29", "positionDirect": 7895513, "positionDirectDate": "2018-08-29"}, {"maxAge": 1, "name": "Agarwal (Jyoti Sharadkumar)", "relation": "Promoter", "url": "", "transactionDescription": "Other", "latestTransDate": "2018-08-29", "positionDirect": 877284, "positionDirectDate": "2018-08-29"}, {"maxAge": 1, "name": "Agarwal (Namita)", "relation": "Promoter", "url": "", "transactionDescription": "Other", "latestTransDate": "2018-08-29", "positionDirect": 877284, "positionDirectDate": "2018-08-29"}, {"maxAge": 1, "name": "Agarwal (Nitika)", "relation": "Promoter", "url": "", "transactionDescription": "Other", "latestTransDate": "2018-08-29", "positionDirect": 877284, "positionDirectDate": "2018-08-29"}, {"maxAge": 1, "name": "Agarwal (Pawan)", "relation": "Deputy Managing director", "url": "", "transactionDescription": "Other", "latestTransDate": "2018-08-29", "positionDirect": 7895513, "positionDirectDate": "2018-08-29"}, {"maxAge": 1, "name": "Agarwal (Shubh)", "relation": "UNREPORTED", "url": "", "transactionDescription": "Acquisition", "latestTransDate": "2020-03-24", "positionDirect": 116100, "positionDirectDate": "2020-03-24"}, {"maxAge": 1, "name": "Agarwal (Sudhir)", "relation": "Managing Director", "url": "", "transactionDescription": "Other", "latestTransDate": "2018-08-29", "positionDirect": 7895513, "positionDirectDate": "2018-08-29"}, {"maxAge": 1, "name": "Peacock Trading & Investment Pvt Ltd", "relation": "Promoter", "url": "", "transactionDescription": "Other", "latestTransDate": "2018-08-29", "positionDirect": 88165149, "positionDirectDate": "2018-08-29"}, {"maxAge": 1, "name": "Stitex Global, Ltd.", "relation": "Promoter", "url": "", "transactionDescription": "Other", "latestTransDate": "2018-08-29", "positionDirect": 7558352, "positionDirectDate": "2018-08-29"}], "maxAge": 1}, "calendarEvents": {"maxAge": 1, "earnings": {"earningsDate": [], "revenueAverage": 6024500000, "revenueLow": 6276000000, "revenueHigh": 6893000000}, "exDividendDate": "2020-02-03 05:30:00"}, "upgradeDowngradeHistory": {"history": [], "maxAge": 86400}, "price": {"maxAge": 1, "regularMarketChangePercent": -0.012158055, "regularMarketChange": -1.0, "regularMarketTime": "2021-04-30 15:29:50", "priceHint": 2, "regularMarketPrice": 81.25, "regularMarketDayHigh": 82.8, "regularMarketDayLow": 81.05, "regularMarketVolume": 182061, "averageDailyVolume10Day": 233597, "averageDailyVolume3Month": 496814, "regularMarketPreviousClose": 82.25, "regularMarketSource": "FREE_REALTIME", "regularMarketOpen": 81.05, "exchange": "NSI", "exchangeName": "NSE", "exchangeDataDelayedBy": 15, "marketState": "CLOSED", "quoteType": "EQUITY", "symbol": "DBCORP.NS", "underlyingSymbol": null, "shortName": "D B CORP LTD", "longName": "D. B. Corp Limited", "currency": "INR", "quoteSourceName": "Delayed Quote", "currencySymbol": "\u20b9", "fromCurrency": null, "lastMarket": null, "marketCap": 14215580672}, "balanceSheetHistory": {"balanceSheetStatements": [{"maxAge": 1, "endDate": "2020-03-31", "cash": 337050000, "shortTermInvestments": 1013540000, "netReceivables": 6318290000, "inventory": 2529000000, "otherCurrentAssets": 737680000, "totalCurrentAssets": 11044420000, "longTermInvestments": 181500000, "propertyPlantEquipment": 10453930000, "goodWill": 19130000, "intangibleAssets": 896230000, "otherAssets": 2263410000, "totalAssets": 24858620000, "accountsPayable": 2767680000, "otherCurrentLiab": 532380000, "otherLiab": 959920000, "totalCurrentLiabilities": 5638370000, "totalLiab": 8074420000, "commonStock": 1749550000, "retainedEarnings": 14929260000, "treasuryStock": 78660000, "capitalSurplus": 26730000, "otherStockholderEquity": 78660000, "totalStockholderEquity": 16784200000, "netTangibleAssets": 15868840000}, {"maxAge": 1, "endDate": "2019-03-31", "cash": 1316060000, "shortTermInvestments": 11560000, "netReceivables": 6679540000, "inventory": 2495540000, "otherCurrentAssets": 818170000, "totalCurrentAssets": 11432590000, "longTermInvestments": 365850000, "propertyPlantEquipment": 8071600000, "goodWill": 19130000, "intangibleAssets": 980420000, "otherAssets": 3072350000, "totalAssets": 23941940000, "accountsPayable": 2956810000, "otherCurrentLiab": 586880000, "otherLiab": 1291350000, "totalCurrentLiabilities": 4381250000, "totalLiab": 5672600000, "commonStock": 1749110000, "retainedEarnings": 16273810000, "treasuryStock": 232290000, "capitalSurplus": 14130000, "otherStockholderEquity": 232290000, "totalStockholderEquity": 18269340000, "netTangibleAssets": 17269790000}, {"maxAge": 1, "endDate": "2018-03-31", "cash": 2979510000, "shortTermInvestments": 239090000, "netReceivables": 5567080000, "inventory": 1599380000, "otherCurrentAssets": 892960000, "totalCurrentAssets": 11393940000, "longTermInvestments": 359160000, "propertyPlantEquipment": 8557050000, "goodWill": 19130000, "intangibleAssets": 1057370000, "otherAssets": 3167700000, "totalAssets": 24554350000, "accountsPayable": 2590810000, "otherCurrentLiab": 464570000, "otherLiab": 1423650000, "totalCurrentLiabilities": 3839800000, "totalLiab": 5263450000, "commonStock": 1840280000, "retainedEarnings": 14755970000, "treasuryStock": 141450000, "capitalSurplus": 2553200000, "otherStockholderEquity": 141450000, "totalStockholderEquity": 19290900000, "netTangibleAssets": 18214400000}, {"maxAge": 1, "endDate": "2017-03-31", "cash": 1742930000, "shortTermInvestments": 8290000, "netReceivables": 4483730000, "inventory": 1987130000, "otherCurrentAssets": 667520000, "totalCurrentAssets": 8889600000, "longTermInvestments": 271490000, "propertyPlantEquipment": 7672170000, "goodWill": 19130000, "intangibleAssets": 1141610000, "otherAssets": 2848920000, "totalAssets": 20842920000, "accountsPayable": 2094050000, "shortLongTermDebt": 247700000, "otherCurrentLiab": 341620000, "otherLiab": 1335910000, "totalCurrentLiabilities": 3563100000, "totalLiab": 4899010000, "commonStock": 1838950000, "retainedEarnings": 11509460000, "treasuryStock": 79880000, "capitalSurplus": 2515620000, "otherStockholderEquity": 79880000, "totalStockholderEquity": 15943910000, "netTangibleAssets": 14783170000}], "maxAge": 86400}, "earningsTrend": {"trend": [{"maxAge": 1, "period": "0q", "endDate": "2017-12-31", "growth": {}, "earningsEstimate": {"avg": 0.0, "low": 0.0, "high": 0.0, "yearAgoEps": 6.44, "numberOfAnalysts": 0, "growth": {}}, "revenueEstimate": {"avg": 6024500000, "low": 6276000000, "high": 6893000000, "numberOfAnalysts": 7, "yearAgoRevenue": 6072620000, "growth": -0.008}, "epsTrend": {"current": 0.0, "7daysAgo": 6.18, "30daysAgo": 6.18, "60daysAgo": 6.18, "90daysAgo": 6.18}, "epsRevisions": {"upLast7days": 0, "upLast30days": 0, "downLast30days": 0, "downLast90days": {}}}, {"maxAge": 1, "period": "+1q", "endDate": "2018-03-31", "growth": {}, "earningsEstimate": {"avg": 0.0, "low": 0.0, "high": 0.0, "yearAgoEps": 3.55, "numberOfAnalysts": 0, "growth": {}}, "revenueEstimate": {"avg": 5746350000, "low": 5523000000, "high": 5754000000, "numberOfAnalysts": 8, "yearAgoRevenue": 5084520000, "growth": 0.13}, "epsTrend": {"current": 0.0, "7daysAgo": 3.73, "30daysAgo": 3.73, "60daysAgo": 3.73, "90daysAgo": 3.87}, "epsRevisions": {"upLast7days": 0, "upLast30days": 0, "downLast30days": 0, "downLast90days": {}}}, {"maxAge": 1, "period": "0y", "endDate": "2018-03-31", "growth": {}, "earningsEstimate": {"avg": 0.0, "low": 0.0, "high": 0.0, "yearAgoEps": {}, "numberOfAnalysts": 0, "growth": {}}, "revenueEstimate": {"avg": 23284800000, "low": 23015000000, "high": 23557400000, "numberOfAnalysts": 13, "yearAgoRevenue": 21978400000, "growth": 0.059}, "epsTrend": {"current": 0.0, "7daysAgo": 18.78, "30daysAgo": 18.78, "60daysAgo": 18.78, "90daysAgo": 18.5}, "epsRevisions": {"upLast7days": 0, "upLast30days": 0, "downLast30days": 0, "downLast90days": {}}}, {"maxAge": 1, "period": "+1y", "endDate": "2019-03-31", "growth": {}, "earningsEstimate": {"avg": 23.4, "low": 23.4, "high": 23.4, "yearAgoEps": {}, "numberOfAnalysts": 1, "growth": {}}, "revenueEstimate": {"avg": 25789000000, "low": 25789000000, "high": 25789000000, "numberOfAnalysts": 1, "yearAgoRevenue": 23284800000, "growth": 0.108}, "epsTrend": {"current": 23.4, "7daysAgo": 23.4, "30daysAgo": 19.65, "60daysAgo": 23.4, "90daysAgo": 23.4}, "epsRevisions": {"upLast7days": 0, "upLast30days": 0, "downLast30days": 0, "downLast90days": {}}}, {"maxAge": 1, "period": "+5y", "endDate": null, "growth": -0.062, "earningsEstimate": {"avg": {}, "low": {}, "high": {}, "yearAgoEps": {}, "numberOfAnalysts": {}, "growth": {}}, "revenueEstimate": {"avg": {}, "low": {}, "high": {}, "numberOfAnalysts": {}, "yearAgoRevenue": {}, "growth": {}}, "epsTrend": {"current": {}, "7daysAgo": {}, "30daysAgo": {}, "60daysAgo": {}, "90daysAgo": {}}, "epsRevisions": {"upLast7days": {}, "upLast30days": {}, "downLast30days": {}, "downLast90days": {}}}, {"maxAge": 1, "period": "-5y", "endDate": null, "growth": 0.02199, "earningsEstimate": {"avg": {}, "low": {}, "high": {}, "yearAgoEps": {}, "numberOfAnalysts": {}, "growth": {}}, "revenueEstimate": {"avg": {}, "low": {}, "high": {}, "numberOfAnalysts": {}, "yearAgoRevenue": {}, "growth": {}}, "epsTrend": {"current": {}, "7daysAgo": {}, "30daysAgo": {}, "60daysAgo": {}, "90daysAgo": {}}, "epsRevisions": {"upLast7days": {}, "upLast30days": {}, "downLast30days": {}, "downLast90days": {}}}], "maxAge": 1}, "institutionOwnership": {"ownershipList": [], "maxAge": 1}, "majorHoldersBreakdown": {"maxAge": 1, "insidersPercentHeld": 0.37565, "institutionsPercentHeld": 0.21764, "institutionsFloatPercentHeld": 0.34858, "institutionsCount": 16}, "balanceSheetHistoryQuarterly": {"balanceSheetStatements": [{"maxAge": 1, "endDate": "2020-12-31", "totalStockholderEquity": 16592030000, "netTangibleAssets": 15719250000}, {"maxAge": 1, "endDate": "2020-09-30", "cash": 1031190000, "shortTermInvestments": 3290000, "netReceivables": 4740850000, "inventory": 2771050000, "otherCurrentAssets": 978620000, "totalCurrentAssets": 9525000000, "longTermInvestments": 181500000, "propertyPlantEquipment": 10286020000, "goodWill": 19130000, "intangibleAssets": 853650000, "otherAssets": 2604440000, "totalAssets": 23469740000, "accountsPayable": 2500590000, "otherCurrentLiab": 487210000, "otherLiab": 883980000, "totalCurrentLiabilities": 4422280000, "totalLiab": 6877710000, "commonStock": 1749550000, "treasuryStock": 14842480000, "otherStockholderEquity": 14842480000, "totalStockholderEquity": 16592030000, "netTangibleAssets": 15719250000}, {"maxAge": 1, "endDate": "2020-06-30", "totalStockholderEquity": 16784200000, "netTangibleAssets": 15868840000}, {"maxAge": 1, "endDate": "2020-03-31", "cash": 337050000, "shortTermInvestments": 1013540000, "netReceivables": 6318290000, "inventory": 2529000000, "otherCurrentAssets": 737680000, "totalCurrentAssets": 11044420000, "longTermInvestments": 181500000, "propertyPlantEquipment": 10453930000, "goodWill": 19130000, "intangibleAssets": 896230000, "otherAssets": 2263410000, "totalAssets": 24858620000, "accountsPayable": 2767680000, "otherCurrentLiab": 532380000, "otherLiab": 959920000, "totalCurrentLiabilities": 5638370000, "totalLiab": 8074420000, "commonStock": 1749550000, "retainedEarnings": 14929260000, "treasuryStock": 78660000, "capitalSurplus": 26730000, "otherStockholderEquity": 78660000, "totalStockholderEquity": 16784200000, "netTangibleAssets": 15868840000}], "maxAge": 86400}, "earningsHistory": {"history": [{"maxAge": 1, "epsActual": 6.44, "epsEstimate": 5.08, "epsDifference": 1.36, "surprisePercent": 0.268, "quarter": "2016-12-31", "period": "-4q"}, {"maxAge": 1, "epsActual": 3.55, "epsEstimate": 3.76, "epsDifference": -0.21, "surprisePercent": -0.055999998, "quarter": "2017-03-31", "period": "-3q"}, {"maxAge": 1, "epsActual": 3.98, "epsEstimate": 5.96, "epsDifference": -1.98, "surprisePercent": -0.33200002, "quarter": "2017-06-30", "period": "-2q"}, {"maxAge": 1, "epsActual": 4.27, "epsEstimate": 4.74, "epsDifference": -0.47, "surprisePercent": -0.099, "quarter": "2017-09-30", "period": "-1q"}], "maxAge": 86400}, "summaryProfile": {"address1": "Dwarka Sadan", "address2": "6, Press Complex M P Nagar Zone I", "city": "Bhopal", "zip": "462011", "country": "India", "phone": "91 755 3988 8840", "fax": "91 75 5267 5190", "website": "http://www.dbcorpltd.com", "industry": "Publishing", "sector": "Communication Services", "longBusinessSummary": "D. B. Corp Limited engages in newspaper printing and publishing, radio broadcasting, event management, and integrated internet and mobile interactive service businesses in India and internationally. The company operates through Printing/Publishing and Allied Businesses, and Radio segments. It publishes Dainik Bhaskar, Divya Bhaskar, Divya Marathi, Saurashtra Samachar, and DB Star newspapers in 3 languages, such as Hindi, Gujarati, and Marathi. The company also publishes Aha Zindagi, Bal Bhaskar, Young Bhaskar, Madhurima, Navrang, Kalash, Dharmdarshan, Rasik, and Lakshya magazines. In addition, it operates a network of 30 radio stations in 7 states under the 94.3 My FM brand name; 8 digital portals, such as dainikbhaskar.com, divyabhaskar.com, divyamarathi.com, jeevanmantra.in, homeonline.com, bollywoodbhaskar.com, moneybhaskar.com, and bhaskareducation.com; and 4 mobile applications comprising Dainik Bhaskar, Divya Bhaskar, Divya Marathi, and home online. D. B. Corp Limited was incorporated in 1995 and is headquartered in Bhopal, India.", "fullTimeEmployees": 9120, "companyOfficers": [], "maxAge": 86400}, "netSharePurchaseActivity": {"maxAge": 1, "period": "6m", "buyInfoCount": 0, "buyInfoShares": 0, "sellInfoCount": 0, "netInfoCount": 0, "netInfoShares": 0, "netPercentInsiderShares": 0.0, "totalInsiderShares": 65729456}, "insiderTransactions": {"transactions": [{"maxAge": 1, "shares": 5000, "value": 5116, "filerUrl": "", "transactionText": "Acquisition at price 1.02 per share.", "filerName": "Agarwal (Bhawna)", "filerRelation": "Promoter", "moneyText": "", "startDate": "2020-11-24", "ownership": "D"}, {"maxAge": 1, "shares": 0, "filerUrl": "", "transactionText": "", "filerName": "Agarwal (Bhawna)", "filerRelation": "Promoter", "moneyText": "", "startDate": "2020-11-13", "ownership": "I"}, {"maxAge": 1, "shares": 5000, "value": 4916, "filerUrl": "", "transactionText": "Acquisition at price 0.98 per share.", "filerName": "Agarwal (Bhawna)", "filerRelation": "Promoter", "moneyText": "", "startDate": "2020-11-12", "ownership": "D"}, {"maxAge": 1, "shares": 56916, "value": 56768, "filerUrl": "", "transactionText": "Acquisition at price 1.00 per share.", "filerName": "Agarwal (Bhawna)", "filerRelation": "Promoter", "moneyText": "", "startDate": "2020-11-03", "ownership": "D"}, {"maxAge": 1, "shares": 0, "filerUrl": "", "transactionText": "", "filerName": "Agarwal (Bhawna)", "filerRelation": "Promoter", "moneyText": "", "startDate": "2020-09-28", "ownership": "I"}, {"maxAge": 1, "shares": 7766, "filerUrl": "", "transactionText": "", "filerName": "Agarwal (Bhawna)", "filerRelation": "Promoter", "moneyText": "", "startDate": "2020-09-24", "ownership": "D"}, {"maxAge": 1, "shares": 65538, "value": 68415, "filerUrl": "", "transactionText": "Acquisition at price 1.04 per share.", "filerName": "Agarwal (Bhawna)", "filerRelation": "Promoter", "moneyText": "", "startDate": "2020-09-21", "ownership": "D"}, {"maxAge": 1, "shares": 20000, "value": 20384, "filerUrl": "", "transactionText": "Acquisition at price 1.02 per share.", "filerName": "Agarwal (Bhawna)", "filerRelation": "Promoter", "moneyText": "", "startDate": "2020-09-11", "ownership": "D"}, {"maxAge": 1, "shares": 123367, "value": 129152, "filerUrl": "", "transactionText": "Acquisition at price 1.05 per share.", "filerName": "Agarwal (Bhawna)", "filerRelation": "Promoter", "moneyText": "", "startDate": "2020-09-08", "ownership": "D"}, {"maxAge": 1, "shares": 11430, "filerUrl": "", "transactionText": "", "filerName": "Agarwal (Shubh)", "filerRelation": "UNREPORTED", "moneyText": "", "startDate": "2020-03-24", "ownership": "D"}, {"maxAge": 1, "shares": 26655, "filerUrl": "", "transactionText": "", "filerName": "Agarwal (Shubh)", "filerRelation": "UNREPORTED", "moneyText": "", "startDate": "2020-03-20", "ownership": "D"}, {"maxAge": 1, "shares": 78015, "filerUrl": "", "transactionText": "", "filerName": "Agarwal (Shubh)", "filerRelation": "UNREPORTED", "moneyText": "", "startDate": "2020-03-18", "ownership": "D"}, {"maxAge": 1, "shares": 5801393, "filerUrl": "", "transactionText": "", "filerName": "Agarwal (Girish R)", "filerRelation": "Promoter", "moneyText": "", "startDate": "2018-08-29", "ownership": "D"}, {"maxAge": 1, "shares": 41529, "filerUrl": "", "transactionText": "", "filerName": "Agarwal (Jyoti Sharadkumar)", "filerRelation": "Promoter", "moneyText": "", "startDate": "2018-08-29", "ownership": "D"}, {"maxAge": 1, "shares": 41529, "filerUrl": "", "transactionText": "", "filerName": "Agarwal (Namita)", "filerRelation": "Promoter", "moneyText": "", "startDate": "2018-08-29", "ownership": "D"}, {"maxAge": 1, "shares": 41529, "filerUrl": "", "transactionText": "", "filerName": "Agarwal (Nitika)", "filerRelation": "Promoter", "moneyText": "", "startDate": "2018-08-29", "ownership": "D"}, {"maxAge": 1, "shares": 373808, "filerUrl": "", "transactionText": "", "filerName": "Agarwal (Pawan)", "filerRelation": "Deputy Managing director", "moneyText": "", "startDate": "2018-08-29", "ownership": "D"}, {"maxAge": 1, "shares": 373808, "filerUrl": "", "transactionText": "", "filerName": "Agarwal (Sudhir)", "filerRelation": "Managing Director", "moneyText": "", "startDate": "2018-08-29", "ownership": "D"}, {"maxAge": 1, "shares": 32435149, "filerUrl": "", "transactionText": "", "filerName": "Peacock Trading & Investment Pvt Ltd", "filerRelation": "Promoter", "moneyText": "", "startDate": "2018-08-29", "ownership": "D"}, {"maxAge": 1, "shares": 357838, "filerUrl": "", "transactionText": "", "filerName": "Stitex Global, Ltd.", "filerRelation": "Promoter", "moneyText": "", "startDate": "2018-08-29", "ownership": "D"}, {"maxAge": 1, "shares": 7558352, "filerUrl": "", "transactionText": "", "filerName": "Stitex Global, Ltd.", "filerRelation": "Promoter", "moneyText": "", "startDate": "2018-03-27", "ownership": "D"}, {"maxAge": 1, "shares": 13812935, "filerUrl": "", "transactionText": "", "filerName": "Agarwal (Girish R)", "filerRelation": "Director (Non-Executive)", "moneyText": "", "startDate": "2017-03-22", "ownership": "D"}, {"maxAge": 1, "shares": 4029194, "filerUrl": "", "transactionText": "", "filerName": "Agarwal (Jyoti Sharadkumar)", "filerRelation": "Promoter", "moneyText": "", "startDate": "2017-03-22", "ownership": "D"}, {"maxAge": 1, "shares": 5623387, "filerUrl": "", "transactionText": "", "filerName": "Agarwal (Namita)", "filerRelation": "Promoter", "moneyText": "", "startDate": "2017-03-22", "ownership": "D"}, {"maxAge": 1, "shares": 2558187, "filerUrl": "", "transactionText": "", "filerName": "Agarwal (Nitika)", "filerRelation": "Promoter", "moneyText": "", "startDate": "2017-03-22", "ownership": "D"}, {"maxAge": 1, "shares": 16877893, "filerUrl": "", "transactionText": "", "filerName": "Agarwal (Pawan)", "filerRelation": "Deputy Managing director", "moneyText": "", "startDate": "2017-03-22", "ownership": "D"}, {"maxAge": 1, "shares": 15407128, "filerUrl": "", "transactionText": "", "filerName": "Agarwal (Sudhir)", "filerRelation": "Managing Director", "moneyText": "", "startDate": "2017-03-22", "ownership": "D"}, {"maxAge": 1, "shares": 821758, "filerUrl": "", "transactionText": "", "filerName": "Chandra (Ramesh Agarwal) HUF", "filerRelation": "Promoter", "moneyText": "", "startDate": "2017-03-22", "ownership": "D"}, {"maxAge": 1, "shares": 12112420, "filerUrl": "", "transactionText": "", "filerName": "Bhaskar Infrastructure Ltd", "filerRelation": "Promoter", "moneyText": "", "startDate": "2017-03-15", "ownership": "D"}, {"maxAge": 1, "shares": 1659000, "filerUrl": "", "transactionText": "", "filerName": "Devaswar Trading Pvt. Ltd.", "filerRelation": "Institution- Corporation", "moneyText": "", "startDate": "2017-03-15", "ownership": "D"}, {"maxAge": 1, "shares": 7316190, "filerUrl": "", "transactionText": "", "filerName": "Stitex Global, Ltd.", "filerRelation": "Promoter", "moneyText": "", "startDate": "2017-03-15", "ownership": "D"}, {"maxAge": 1, "shares": 5657190, "filerUrl": "", "transactionText": "", "filerName": "Tushti Trading Pvt. Ltd.", "filerRelation": "Institution- Corporation", "moneyText": "", "startDate": "2017-03-15", "ownership": "D"}, {"maxAge": 1, "shares": 2400, "filerUrl": "", "transactionText": "", "filerName": "Tiwari (Vareesh Kumar)", "filerRelation": "UNREPORTED", "moneyText": "", "startDate": "2016-11-16", "ownership": "D"}, {"maxAge": 1, "shares": 2400, "filerUrl": "", "transactionText": "", "filerName": "Sodhani (Ashok)", "filerRelation": "UNREPORTED", "moneyText": "", "startDate": "2016-09-16", "ownership": "D"}, {"maxAge": 1, "shares": 48, "filerUrl": "", "transactionText": "", "filerName": "Dwivedi (Pradeep)", "filerRelation": "UNREPORTED", "moneyText": "", "startDate": "2016-08-30", "ownership": "D"}, {"maxAge": 1, "shares": 2068, "filerUrl": "", "transactionText": "", "filerName": "Tiwari (Vareesh Kumar)", "filerRelation": "UNREPORTED", "moneyText": "", "startDate": "2016-08-30", "ownership": "D"}, {"maxAge": 1, "shares": 3700, "filerUrl": "", "transactionText": "", "filerName": "Bhatia (Harish)", "filerRelation": "UNREPORTED", "moneyText": "", "startDate": "2016-08-08", "ownership": "D"}, {"maxAge": 1, "shares": 4034, "filerUrl": "", "transactionText": "", "filerName": "Bhatia (Harish)", "filerRelation": "UNREPORTED", "moneyText": "", "startDate": "2016-02-08", "ownership": "D"}, {"maxAge": 1, "shares": 1155000, "filerUrl": "", "transactionText": "", "filerName": "Agarwal (Girish R)", "filerRelation": "Director (Non-Executive)", "moneyText": "", "startDate": "2014-06-19", "ownership": "D"}, {"maxAge": 1, "shares": 1312000, "filerUrl": "", "transactionText": "", "filerName": "Agarwal (Pawan)", "filerRelation": "Deputy Managing Director", "moneyText": "", "startDate": "2014-06-19", "ownership": "D"}, {"maxAge": 1, "shares": 1105000, "filerUrl": "", "transactionText": "", "filerName": "Agarwal (Sudhir)", "filerRelation": "Managing Director", "moneyText": "", "startDate": "2014-06-19", "ownership": "D"}, {"maxAge": 1, "shares": 1850000, "filerUrl": "", "transactionText": "", "filerName": "Agarwal (Girish R)", "filerRelation": "Director (Non-Executive)", "moneyText": "", "startDate": "2014-04-09", "ownership": "D"}, {"maxAge": 1, "shares": 1693242, "filerUrl": "", "transactionText": "", "filerName": "Agarwal (Pawan)", "filerRelation": "Deputy Managing Director", "moneyText": "", "startDate": "2014-04-09", "ownership": "D"}, {"maxAge": 1, "shares": 1900000, "filerUrl": "", "transactionText": "", "filerName": "Agarwal (Sudhir)", "filerRelation": "Managing Director", "moneyText": "", "startDate": "2014-04-09", "ownership": "D"}, {"maxAge": 1, "shares": 8421400, "filerUrl": "", "transactionText": "", "filerName": "Chambal Tradings Pvt Ltd", "filerRelation": "Promoter", "moneyText": "", "startDate": "2014-03-27", "ownership": "D"}, {"maxAge": 1, "shares": 8421400, "filerUrl": "", "transactionText": "", "filerName": "Peacock Trading & Investment Pvt Ltd", "filerRelation": "Promoter", "moneyText": "", "startDate": "2014-03-27", "ownership": "D"}, {"maxAge": 1, "shares": 8727070, "filerUrl": "", "transactionText": "", "filerName": "Agarwal (Girish R)", "filerRelation": "Director (Non-Executive)", "moneyText": "", "startDate": "2013-03-06", "ownership": "D"}, {"maxAge": 1, "shares": 46100, "filerUrl": "", "transactionText": "", "filerName": "Agarwal (Kasturi Devi)", "filerRelation": "Promoter", "moneyText": "", "startDate": "2013-03-06", "ownership": "D"}, {"maxAge": 1, "shares": 9594648, "filerUrl": "", "transactionText": "", "filerName": "Agarwal (Pawan)", "filerRelation": "Director (Non-Executive)", "moneyText": "", "startDate": "2013-03-06", "ownership": "D"}, {"maxAge": 1, "shares": 25910061, "filerUrl": "", "transactionText": "", "filerName": "Agarwal (Ramesh Chandra)", "filerRelation": "Non Executive Chairman", "moneyText": "", "startDate": "2013-03-06", "ownership": "D"}, {"maxAge": 1, "shares": 7542243, "filerUrl": "", "transactionText": "", "filerName": "Agarwal (Sudhir)", "filerRelation": "Managing Director", "moneyText": "", "startDate": "2013-03-06", "ownership": "D"}, {"maxAge": 1, "shares": 5927000, "filerUrl": "", "transactionText": "", "filerName": "Agarwal (Jyoti Sharadkumar)", "filerRelation": "Promoter", "moneyText": "", "startDate": "2012-11-09", "ownership": "D"}, {"maxAge": 1, "shares": 6000000, "filerUrl": "", "transactionText": "", "filerName": "Agarwal (Ramesh Chandra)", "filerRelation": "Non Executive Chairman", "moneyText": "", "startDate": "2012-11-09", "ownership": "D"}, {"maxAge": 1, "shares": 9000000, "filerUrl": "", "transactionText": "", "filerName": "Agarwal (Jyoti Sharadkumar)", "filerRelation": "Promoter", "moneyText": "", "startDate": "2012-05-10", "ownership": "D"}, {"maxAge": 1, "shares": 3081, "filerUrl": "", "transactionText": "", "filerName": "Agarwal (Jyoti Sharadkumar)", "filerRelation": "Promoter", "moneyText": "", "startDate": "2011-12-28", "ownership": "D"}, {"maxAge": 1, "shares": 15000, "filerUrl": "", "transactionText": "", "filerName": "Agarwal (Jyoti Sharadkumar)", "filerRelation": "Promoter", "moneyText": "", "startDate": "2011-12-27", "ownership": "D"}, {"maxAge": 1, "shares": 13700, "filerUrl": "", "transactionText": "", "filerName": "Agarwal (Jyoti Sharadkumar)", "filerRelation": "Promoter", "moneyText": "", "startDate": "2011-12-26", "ownership": "D"}, {"maxAge": 1, "shares": 1134000, "filerUrl": "", "transactionText": "", "filerName": "Agarwal (Girish R)", "filerRelation": "Director (Non-Executive)", "moneyText": "", "startDate": "2011-05-09", "ownership": "D"}, {"maxAge": 1, "shares": 1134000, "filerUrl": "", "transactionText": "", "filerName": "Agarwal (Pawan)", "filerRelation": "Director (Non-Executive)", "moneyText": "", "startDate": "2011-05-09", "ownership": "D"}, {"maxAge": 1, "shares": 1133000, "filerUrl": "", "transactionText": "", "filerName": "Agarwal (Sudhir)", "filerRelation": "Managing Director", "moneyText": "", "startDate": "2011-05-09", "ownership": "D"}, {"maxAge": 1, "shares": 300000, "filerUrl": "", "transactionText": "", "filerName": "Agarwal (Girish R)", "filerRelation": "Director (Non-Executive)", "moneyText": "", "startDate": "2011-03-21", "ownership": "D"}, {"maxAge": 1, "shares": 300000, "filerUrl": "", "transactionText": "", "filerName": "Agarwal (Pawan)", "filerRelation": "Director (Non-Executive)", "moneyText": "", "startDate": "2011-03-21", "ownership": "D"}], "maxAge": 1}, "sectorTrend": {"maxAge": 1, "symbol": null, "estimates": []}, "incomeStatementHistoryQuarterly": {"incomeStatementHistory": [{"maxAge": 1, "endDate": "2020-12-31", "totalRevenue": 4943210000, "costOfRevenue": 2123650000, "grossProfit": 2819560000, "researchDevelopment": {}, "sellingGeneralAdministrative": {}, "nonRecurring": {}, "otherOperatingExpenses": 1163440000, "totalOperatingExpenses": 3577390000, "operatingIncome": 1365820000, "totalOtherIncomeExpenseNet": -32910000, "ebit": 1365820000, "interestExpense": -55510000, "incomeBeforeTax": 1332910000, "incomeTaxExpense": 342550000, "minorityInterest": {}, "netIncomeFromContinuingOps": 990360000, "discontinuedOperations": {}, "extraordinaryItems": {}, "effectOfAccountingCharges": {}, "otherItems": {}, "netIncome": 990360000, "netIncomeApplicableToCommonShares": 990360000}, {"maxAge": 1, "endDate": "2020-09-30", "totalRevenue": 3463670000, "costOfRevenue": 1892320000, "grossProfit": 1571350000, "researchDevelopment": {}, "sellingGeneralAdministrative": {}, "nonRecurring": {}, "otherOperatingExpenses": 860410000, "totalOperatingExpenses": 3041190000, "operatingIncome": 422480000, "totalOtherIncomeExpenseNet": -34730000, "ebit": 422480000, "interestExpense": -68860000, "incomeBeforeTax": 387750000, "incomeTaxExpense": 102520000, "minorityInterest": {}, "netIncomeFromContinuingOps": 285230000, "discontinuedOperations": {}, "extraordinaryItems": {}, "effectOfAccountingCharges": {}, "otherItems": {}, "netIncome": 285230000, "netIncomeApplicableToCommonShares": 285230000}, {"maxAge": 1, "endDate": "2020-06-30", "totalRevenue": 2104140000, "costOfRevenue": 1724890000, "grossProfit": 379250000, "researchDevelopment": {}, "sellingGeneralAdministrative": {}, "nonRecurring": {}, "otherOperatingExpenses": 709790000, "totalOperatingExpenses": 2723310000, "operatingIncome": -619170000, "totalOtherIncomeExpenseNet": -18030000, "ebit": -619170000, "interestExpense": -70800000, "incomeBeforeTax": -637200000, "incomeTaxExpense": -156710000, "minorityInterest": {}, "netIncomeFromContinuingOps": -480490000, "discontinuedOperations": {}, "extraordinaryItems": {}, "effectOfAccountingCharges": {}, "otherItems": {}, "netIncome": -480490000, "netIncomeApplicableToCommonShares": -480490000}, {"maxAge": 1, "endDate": "2020-03-31", "totalRevenue": 4878490000, "costOfRevenue": 3168950000, "grossProfit": 1709540000, "researchDevelopment": {}, "sellingGeneralAdministrative": 902230000, "nonRecurring": {}, "otherOperatingExpenses": -45430000, "totalOperatingExpenses": 4498250000, "operatingIncome": 380240000, "totalOtherIncomeExpenseNet": -60990000, "ebit": 380240000, "interestExpense": -69980000, "incomeBeforeTax": 319250000, "incomeTaxExpense": 78740000, "minorityInterest": {}, "netIncomeFromContinuingOps": 240510000, "discontinuedOperations": {}, "extraordinaryItems": {}, "effectOfAccountingCharges": {}, "otherItems": {}, "netIncome": 240510000, "netIncomeApplicableToCommonShares": 240510000}], "maxAge": 86400}, "cashflowStatementHistoryQuarterly": {"cashflowStatements": [{"maxAge": 1, "endDate": "2020-12-31", "netIncome": 990360000, "changeToLiabilities": 0}, {"maxAge": 1, "endDate": "2020-09-30", "netIncome": 285230000, "changeToLiabilities": 0}, {"maxAge": 1, "endDate": "2020-06-30", "netIncome": -480490000, "changeToLiabilities": 0}, {"maxAge": 1, "endDate": "2020-03-31", "netIncome": 240510000, "changeToLiabilities": 0}], "maxAge": 86400}, "earnings": {"maxAge": 86400, "earningsChart": {"quarterly": [{"date": "4Q2016", "actual": 6.44, "estimate": 5.08}, {"date": "1Q2017", "actual": 3.55, "estimate": 3.76}, {"date": "2Q2017", "actual": 3.98, "estimate": 5.96}, {"date": "3Q2017", "actual": 4.27, "estimate": 4.74}], "currentQuarterEstimateDate": "4Q", "currentQuarterEstimateYear": 2017, "earningsDate": []}, "financialsChart": {"yearly": [{"date": 2017, "revenue": 22580100000, "earnings": 3747570000}, {"date": 2018, "revenue": 23111680000, "earnings": 3239700000}, {"date": 2019, "revenue": 24627010000, "earnings": 2738410000}, {"date": 2020, "revenue": 22250230000, "earnings": 2749760000}], "quarterly": [{"date": "1Q2020", "revenue": 4878490000, "earnings": 240510000}, {"date": "2Q2020", "revenue": 2104140000, "earnings": -480490000}, {"date": "3Q2020", "revenue": 3463670000, "earnings": 285230000}, {"date": "4Q2020", "revenue": 4943210000, "earnings": 990360000}]}, "financialCurrency": "INR"}, "financialData": {"maxAge": 86400, "currentPrice": 81.25, "targetHighPrice": 410.0, "targetLowPrice": 280.0, "targetMeanPrice": 333.88, "targetMedianPrice": 329.0, "recommendationMean": 1.9, "recommendationKey": "buy", "numberOfAnalystOpinions": 16, "totalCash": 1034480000, "totalCashPerShare": 5.912, "ebitda": 2449582592, "totalDebt": 2766320128, "totalRevenue": 15389500416, "debtToEquity": 16.672, "revenuePerShare": 87.914, "grossProfits": 9970820000, "earningsGrowth": 0.212, "revenueGrowth": -0.174, "grossMargins": 0.42104998, "ebitdaMargins": 0.15917, "operatingMargins": 0.10068, "profitMargins": 0.06729, "financialCurrency": "INR"}}}