{"DBL.BO": {"recommendationTrend": {"trend": [{"period": "0m", "strongBuy": 0, "buy": 0, "hold": 0, "sell": 0, "strongSell": 0}, {"period": "-1m", "strongBuy": 0, "buy": 0, "hold": 0, "sell": 0, "strongSell": 0}, {"period": "-2m", "strongBuy": 0, "buy": 0, "hold": 0, "sell": 0, "strongSell": 0}, {"period": "-3m", "strongBuy": 0, "buy": 0, "hold": 0, "sell": 0, "strongSell": 0}], "maxAge": 86400}, "cashflowStatementHistory": {"cashflowStatements": [{"maxAge": 1, "endDate": "2020-03-31", "netIncome": 3577619000, "depreciation": 4628550000, "changeToNetincome": 11490493000, "changeToLiabilities": 0, "changeToOperatingActivities": -19332731000, "totalCashFromOperatingActivities": 440138000, "capitalExpenditures": -50861025000, "investments": 680416000, "otherCashflowsFromInvestingActivities": 355340000, "totalCashflowsFromInvestingActivities": -2784172000, "dividendsPaid": -136770000, "netBorrowings": 16539908000, "otherCashflowsFromFinancingActivities": -11384135000, "totalCashFromFinancingActivities": 5019003000, "changeInCash": 2674968000}, {"maxAge": 1, "endDate": "2019-03-31", "netIncome": 5523085000, "depreciation": 3621950000, "changeToNetincome": 8554677000, "changeToLiabilities": 0, "changeToOperatingActivities": -6004937000, "totalCashFromOperatingActivities": 11694775000, "capitalExpenditures": -54224160000, "investments": -691596000, "otherCashflowsFromInvestingActivities": 193591000, "totalCashflowsFromInvestingActivities": -25120617000, "dividendsPaid": -136770000, "netBorrowings": 24574773000, "otherCashflowsFromFinancingActivities": -8746726000, "totalCashFromFinancingActivities": 15691277000, "changeInCash": 2265434000}, {"maxAge": 1, "endDate": "2018-03-31", "netIncome": 5776438000, "depreciation": 2919638000, "changeToNetincome": 4821204000, "changeToLiabilities": 0, "changeToOperatingActivities": -524120000, "totalCashFromOperatingActivities": 12993160000, "capitalExpenditures": -17332538000, "investments": -691596000, "otherCashflowsFromInvestingActivities": 133909000, "totalCashflowsFromInvestingActivities": -15180649000, "dividendsPaid": -136769000, "netBorrowings": 9564342000, "otherCashflowsFromFinancingActivities": -5924892000, "totalCashFromFinancingActivities": 3502681000, "changeInCash": 1315192000}, {"maxAge": 1, "endDate": "2017-03-31", "netIncome": 3576816000, "depreciation": 2451898000, "changeToNetincome": 4742085000, "changeToLiabilities": 0, "changeToOperatingActivities": -4632068000, "totalCashFromOperatingActivities": 6138731000, "capitalExpenditures": -10212722000, "investments": -691596000, "otherCashflowsFromInvestingActivities": 94446000, "totalCashflowsFromInvestingActivities": -10070599000, "dividendsPaid": -2928000, "netBorrowings": 5656130000, "otherCashflowsFromFinancingActivities": -5549403000, "totalCashFromFinancingActivities": 4403707000, "changeInCash": 471840000, "issuanceOfStock": 4299908000}], "maxAge": 86400}, "institutionOwnership": {"ownershipList": [], "maxAge": 1}, "balanceSheetHistoryQuarterly": {"balanceSheetStatements": [{"maxAge": 1, "endDate": "2020-06-30", "totalStockholderEquity": 31889518000, "netTangibleAssets": 23022533000}, {"maxAge": 1, "endDate": "2020-03-31", "cash": 7885902000, "netReceivables": 20496257000, "inventory": 26454883000, "otherCurrentAssets": 20951725000, "totalCurrentAssets": 76346263000, "longTermInvestments": 1351366000, "propertyPlantEquipment": 48610241000, "goodWill": 58814000, "intangibleAssets": 8808171000, "otherAssets": 32153404000, "deferredLongTermAssetCharges": 156203000, "totalAssets": 167328259000, "accountsPayable": 16542426000, "shortLongTermDebt": 7114755000, "otherCurrentLiab": 14651687000, "longTermDebt": 59854999000, "otherLiab": 9483250000, "minorityInterest": 1145835000, "totalCurrentLiabilities": 64603389000, "totalLiab": 134292906000, "commonStock": 1367698000, "retainedEarnings": 24510687000, "treasuryStock": 1781779000, "capitalSurplus": 4229354000, "otherStockholderEquity": 1781779000, "totalStockholderEquity": 31889518000, "netTangibleAssets": 23022533000}, {"maxAge": 1, "endDate": "2019-12-31", "totalStockholderEquity": 29195494000, "netTangibleAssets": 19879002000}, {"maxAge": 1, "endDate": "2019-09-30", "cash": 4460942000, "netReceivables": 12184408000, "inventory": 26368760000, "otherCurrentAssets": 25501646000, "totalCurrentAssets": 68515756000, "longTermInvestments": 3482054000, "propertyPlantEquipment": 46412601000, "intangibleAssets": 9316492000, "otherAssets": 23583403000, "deferredLongTermAssetCharges": 66131000, "totalAssets": 151310306000, "accountsPayable": 13920702000, "otherCurrentLiab": 25176021000, "longTermDebt": 50524984000, "otherLiab": 11045750000, "minorityInterest": 327964000, "totalCurrentLiabilities": 60216114000, "totalLiab": 121786848000, "commonStock": 1367698000, "treasuryStock": 27827796000, "otherStockholderEquity": 27827796000, "totalStockholderEquity": 29195494000, "netTangibleAssets": 19879002000}], "maxAge": 86400}, "earningsHistory": {"history": [{"maxAge": 1, "epsActual": 12.04, "epsEstimate": 9.86, "epsDifference": 2.18, "surprisePercent": 0.221, "quarter": "2017-12-31", "period": "-4q"}, {"maxAge": 1, "epsActual": 17.0, "epsEstimate": 15.72, "epsDifference": 1.28, "surprisePercent": 0.081, "quarter": "2018-03-31", "period": "-3q"}, {"maxAge": 1, "epsActual": 18.64, "epsEstimate": 12.55, "epsDifference": 6.09, "surprisePercent": 0.485, "quarter": "2018-06-30", "period": "-2q"}, {"maxAge": 1, "epsActual": 5.86, "epsEstimate": 11.5, "epsDifference": -5.64, "surprisePercent": -0.49, "quarter": "2018-09-30", "period": "-1q"}], "maxAge": 86400}, "indexTrend": {"maxAge": 1, "symbol": "SP5", "peRatio": 19.7411, "pegRatio": 1.34172, "estimates": [{"period": "0q", "growth": 0.549}, {"period": "+1q", "growth": 0.431}, {"period": "0y", "growth": 0.305}, {"period": "+1y", "growth": 0.109}, {"period": "+5y", "growth": 0.120865}, {"period": "-5y"}]}, "industryTrend": {"maxAge": 1, "symbol": null, "estimates": []}, "insiderTransactions": {"transactions": [{"maxAge": 1, "shares": 298542, "filerUrl": "", "transactionText": "", "filerName": "Jain (Devendra)", "filerRelation": "Chief Executive Officer", "moneyText": "", "startDate": "2019-08-09", "ownership": "D"}, {"maxAge": 1, "shares": 5958, "filerUrl": "", "transactionText": "", "filerName": "Jain (Devendra)", "filerRelation": "Chief Executive Officer", "moneyText": "", "startDate": "2019-08-09", "ownership": "D"}, {"maxAge": 1, "shares": 565500, "filerUrl": "", "transactionText": "", "filerName": "Suryavanshi (Dilip)", "filerRelation": "Chairman of the Board", "moneyText": "", "startDate": "2019-08-09", "ownership": "D"}], "maxAge": 1}, "quoteType": {"exchange": "BSE", "quoteType": "EQUITY", "symbol": "DBL.BO", "underlyingSymbol": "DBL.BO", "shortName": "Dilip Buildcon Limited", "longName": "Dilip Buildcon Limited", "firstTradeDateEpochUtc": "2016-08-11 09:15:00", "timeZoneFullName": "Asia/Kolkata", "timeZoneShortName": "IST", "uuid": "35662c0e-9333-382b-b03f-f7425c4ef8f1", "gmtOffSetMilliseconds": 19800000, "maxAge": 1}, "incomeStatementHistory": {"incomeStatementHistory": [{"maxAge": 1, "endDate": "2020-03-31", "totalRevenue": 97248865000, "costOfRevenue": 71516220000, "grossProfit": 25732645000, "researchDevelopment": {}, "sellingGeneralAdministrative": 2282891000, "nonRecurring": {}, "otherOperatingExpenses": 2749244000, "totalOperatingExpenses": 81252580000, "operatingIncome": 15996285000, "totalOtherIncomeExpenseNet": -10300043000, "ebit": 15996285000, "interestExpense": -9893867000, "incomeBeforeTax": 5696242000, "incomeTaxExpense": 1642081000, "minorityInterest": 1145835000, "netIncomeFromContinuingOps": 4054161000, "discontinuedOperations": {}, "extraordinaryItems": {}, "effectOfAccountingCharges": {}, "otherItems": {}, "netIncome": 3577619000, "netIncomeApplicableToCommonShares": 3577619000}, {"maxAge": 1, "endDate": "2019-03-31", "totalRevenue": 94158430000, "costOfRevenue": 70350226000, "grossProfit": 23808204000, "researchDevelopment": {}, "sellingGeneralAdministrative": 2785778000, "nonRecurring": {}, "otherOperatingExpenses": 3372643000, "totalOperatingExpenses": 80130597000, "operatingIncome": 14027833000, "totalOtherIncomeExpenseNet": -8223825000, "ebit": 14027833000, "interestExpense": -7077472000, "incomeBeforeTax": 5804008000, "incomeTaxExpense": 329544000, "minorityInterest": 288223000, "netIncomeFromContinuingOps": 5474464000, "discontinuedOperations": {}, "extraordinaryItems": {}, "effectOfAccountingCharges": {}, "otherItems": {}, "netIncome": 5523085000, "netIncomeApplicableToCommonShares": 5523085000}, {"maxAge": 1, "endDate": "2018-03-31", "totalRevenue": 79374792000, "costOfRevenue": 59786704000, "grossProfit": 19588088000, "researchDevelopment": {}, "sellingGeneralAdministrative": 2186735000, "nonRecurring": {}, "otherOperatingExpenses": 2353523000, "totalOperatingExpenses": 67575517000, "operatingIncome": 11799275000, "totalOtherIncomeExpenseNet": -5410890000, "ebit": 11799275000, "interestExpense": -5154765000, "incomeBeforeTax": 6388385000, "incomeTaxExpense": 611947000, "minorityInterest": 143544000, "netIncomeFromContinuingOps": 5776438000, "discontinuedOperations": {}, "extraordinaryItems": {}, "effectOfAccountingCharges": {}, "otherItems": {}, "netIncome": 5776438000, "netIncomeApplicableToCommonShares": 5776438000}, {"maxAge": 1, "endDate": "2017-03-31", "totalRevenue": 53191572000, "costOfRevenue": 37780142000, "grossProfit": 15411430000, "researchDevelopment": {}, "sellingGeneralAdministrative": 1389567000, "nonRecurring": {}, "otherOperatingExpenses": 2422071000, "totalOperatingExpenses": 44043678000, "operatingIncome": 9147894000, "totalOtherIncomeExpenseNet": -5426624000, "ebit": 9147894000, "interestExpense": -4952012000, "incomeBeforeTax": 3721270000, "incomeTaxExpense": 144454000, "minorityInterest": 245000, "netIncomeFromContinuingOps": 3576816000, "discontinuedOperations": {}, "extraordinaryItems": {}, "effectOfAccountingCharges": {}, "otherItems": {}, "netIncome": 3576816000, "netIncomeApplicableToCommonShares": 3576816000}], "maxAge": 86400}, "fundOwnership": {"ownershipList": [{"maxAge": 1, "reportDate": "2020-07-31", "organization": "Vanguard International Stock Index-Total Intl Stock Indx", "pctHeld": 0.0404, "position": 552291, "value": 154337719}, {"maxAge": 1, "reportDate": "2020-07-31", "organization": "Vanguard International Stock Index-Emerging Markets Stk", "pctHeld": 0.0322, "position": 440610, "value": 123128464}, {"maxAge": 1, "reportDate": "2020-07-31", "organization": "iShares Core MSCI Emerging Markets ETF", "pctHeld": 0.0218, "position": 298522, "value": 83421972}, {"maxAge": 1, "reportDate": "2020-07-31", "organization": "DFA Emerging Markets Core Equity Portfolio", "pctHeld": 0.0217, "position": 296563, "value": 82874530}, {"maxAge": 1, "reportDate": "2020-07-31", "organization": "DFA Emerging Markets Small Cap Series", "pctHeld": 0.0148, "position": 201879, "value": 56415086}, {"maxAge": 1, "reportDate": "2020-07-31", "organization": "DFA Investment Dimensions-DFA Emerging Mkts Value", "pctHeld": 0.007900001, "position": 108385, "value": 30288188}, {"maxAge": 1, "reportDate": "2020-07-31", "organization": "Vanguard Intl Equity Index Fds-FTSE All World ex U.S.Small Cap Index", "pctHeld": 0.0068, "position": 93203, "value": 26045578}, {"maxAge": 1, "reportDate": "2020-08-31", "organization": "iShares MSCI India Small Cap ETF", "pctHeld": 0.0054, "position": 74229, "value": 27472152}, {"maxAge": 1, "reportDate": "2020-08-31", "organization": "WisdomTree Tr-WisdomTree India Earnings Fd", "pctHeld": 0.0046, "position": 63196, "value": 23388839}, {"maxAge": 1, "reportDate": "2020-06-30", "organization": "College Retirement Equities Fund-Stock Account", "pctHeld": 0.0046, "position": 62937, "value": 17144038}], "maxAge": 1}, "summaryDetail": {"maxAge": 1, "priceHint": 2, "previousClose": 545.5, "open": 545.5, "dayLow": 539.0, "dayHigh": 554.0, "regularMarketPreviousClose": 545.5, "regularMarketOpen": 545.5, "regularMarketDayLow": 539.0, "regularMarketDayHigh": 554.0, "trailingPE": 20.124535, "forwardPE": 9.594238, "volume": 35391, "regularMarketVolume": 35391, "averageVolume": 20356, "averageVolume10days": 13579, "averageDailyVolume10Day": 13579, "bid": 542.2, "ask": 546.0, "bidSize": 0, "askSize": 0, "marketCap": 74692304896, "fiftyTwoWeekLow": 193.4, "fiftyTwoWeekHigh": 554.0, "fiftyDayAverage": 406.8076, "twoHundredDayAverage": 363.26138, "trailingAnnualDividendRate": 1.0, "trailingAnnualDividendYield": 0.0018331805, "currency": "INR", "fromCurrency": null, "lastMarket": null, "algorithm": null, "tradeable": false}, "sectorTrend": {"maxAge": 1, "symbol": null, "estimates": []}, "incomeStatementHistoryQuarterly": {"incomeStatementHistory": [{"maxAge": 1, "endDate": "2020-06-30", "totalRevenue": 20999459000, "costOfRevenue": 15449658000, "grossProfit": 5549801000, "researchDevelopment": {}, "sellingGeneralAdministrative": 497905000, "nonRecurring": {}, "otherOperatingExpenses": 440589000, "totalOperatingExpenses": 17584217000, "operatingIncome": 3415242000, "totalOtherIncomeExpenseNet": -2675456000, "ebit": 3415242000, "interestExpense": -3040071000, "incomeBeforeTax": 739786000, "incomeTaxExpense": 232357000, "minorityInterest": {}, "netIncomeFromContinuingOps": 507429000, "discontinuedOperations": {}, "extraordinaryItems": {}, "effectOfAccountingCharges": {}, "otherItems": {}, "netIncome": 270510000, "netIncomeApplicableToCommonShares": 270510000}, {"maxAge": 1, "endDate": "2020-03-31", "totalRevenue": 27296607000, "costOfRevenue": 19985301000, "grossProfit": 7311306000, "researchDevelopment": {}, "sellingGeneralAdministrative": 800004000, "nonRecurring": {}, "otherOperatingExpenses": 671442000, "totalOperatingExpenses": 22618374000, "operatingIncome": 4678233000, "totalOtherIncomeExpenseNet": -2085861000, "ebit": 4678233000, "interestExpense": -1379198000, "incomeBeforeTax": 2592372000, "incomeTaxExpense": 681802000, "minorityInterest": 1145835000, "netIncomeFromContinuingOps": 1910570000, "discontinuedOperations": {}, "extraordinaryItems": {}, "effectOfAccountingCharges": {}, "otherItems": {}, "netIncome": 1668021000, "netIncomeApplicableToCommonShares": 1668021000}, {"maxAge": 1, "endDate": "2019-12-31", "totalRevenue": 25643857000, "costOfRevenue": 18597520000, "grossProfit": 7046337000, "researchDevelopment": {}, "sellingGeneralAdministrative": 539221000, "nonRecurring": {}, "otherOperatingExpenses": 1091379000, "totalOperatingExpenses": 21427878000, "operatingIncome": 4215979000, "totalOtherIncomeExpenseNet": -2836513000, "ebit": 4215979000, "interestExpense": -2965711000, "incomeBeforeTax": 1379466000, "incomeTaxExpense": 498766000, "minorityInterest": 1145835000, "netIncomeFromContinuingOps": 880700000, "discontinuedOperations": {}, "extraordinaryItems": {}, "effectOfAccountingCharges": {}, "otherItems": {}, "netIncome": 598613000, "netIncomeApplicableToCommonShares": 598613000}, {"maxAge": 1, "endDate": "2019-09-30", "totalRevenue": 19943983000, "costOfRevenue": 14534375000, "grossProfit": 5409608000, "researchDevelopment": {}, "sellingGeneralAdministrative": 503233000, "nonRecurring": {}, "otherOperatingExpenses": 533684000, "totalOperatingExpenses": 16748007000, "operatingIncome": 3195976000, "totalOtherIncomeExpenseNet": -2757156000, "ebit": 3195976000, "interestExpense": -2788673000, "incomeBeforeTax": 438820000, "incomeTaxExpense": 180169000, "minorityInterest": 327964000, "netIncomeFromContinuingOps": 258651000, "discontinuedOperations": {}, "extraordinaryItems": {}, "effectOfAccountingCharges": {}, "otherItems": {}, "netIncome": 286133000, "netIncomeApplicableToCommonShares": 286133000}], "maxAge": 86400}, "cashflowStatementHistoryQuarterly": {"cashflowStatements": [{"maxAge": 1, "endDate": "2020-06-30", "netIncome": 270510000, "changeToLiabilities": 0}, {"maxAge": 1, "endDate": "2020-03-31", "netIncome": 1668021000, "changeToLiabilities": 0}, {"maxAge": 1, "endDate": "2019-12-31", "netIncome": 598613000, "changeToLiabilities": 0}, {"maxAge": 1, "endDate": "2019-09-30", "netIncome": 286133000, "changeToLiabilities": 0}], "maxAge": 86400}, "insiderHolders": {"holders": [{"maxAge": 1, "name": "Jain (Devendra)", "relation": "Chief Executive Officer", "url": "", "transactionDescription": "Sale", "latestTransDate": "2019-08-09", "positionDirect": 35565030, "positionDirectDate": "2019-08-09"}, {"maxAge": 1, "name": "Suryavanshi (Dilip)", "relation": "Chairman of the Board", "url": "", "transactionDescription": "Sale", "latestTransDate": "2019-08-09", "positionDirect": 55107987, "positionDirectDate": "2019-08-09"}], "maxAge": 1}, "earnings": {"maxAge": 86400, "earningsChart": {"quarterly": [{"date": "4Q2017", "actual": 12.04, "estimate": 9.86}, {"date": "1Q2018", "actual": 17.0, "estimate": 15.72}, {"date": "2Q2018", "actual": 18.64, "estimate": 12.55}, {"date": "3Q2018", "actual": 5.86, "estimate": 11.5}], "currentQuarterEstimateDate": "4Q", "currentQuarterEstimateYear": 2018, "earningsDate": ["2020-10-30 05:30:S", "2020-10-31 05:30:S"]}, "financialsChart": {"yearly": [{"date": 2017, "revenue": 53191572000, "earnings": 3576816000}, {"date": 2018, "revenue": 79374792000, "earnings": 5776438000}, {"date": 2019, "revenue": 94158430000, "earnings": 5523085000}, {"date": 2020, "revenue": 97248865000, "earnings": 3577619000}], "quarterly": [{"date": "3Q2019", "revenue": 19943983000, "earnings": 286133000}, {"date": "4Q2019", "revenue": 25643857000, "earnings": 598613000}, {"date": "1Q2020", "revenue": 27296607000, "earnings": 1668021000}, {"date": "2Q2020", "revenue": 20999459000, "earnings": 270510000}]}, "financialCurrency": "INR"}, "calendarEvents": {"maxAge": 1, "earnings": {"earningsDate": ["2020-10-30 05:30:S", "2020-10-31 05:30:S"], "revenueAverage": 19160000000, "revenueLow": 19160000000, "revenueHigh": 19160000000}}, "upgradeDowngradeHistory": {"history": [], "maxAge": 86400}, "price": {"maxAge": 1, "regularMarketChangePercent": 0.0012832488, "regularMarketChange": 0.7000122, "regularMarketTime": "2021-04-30 15:29:50", "priceHint": 2, "regularMarketPrice": 546.2, "regularMarketDayHigh": 554.0, "regularMarketDayLow": 539.0, "regularMarketVolume": 35391, "averageDailyVolume10Day": 13579, "averageDailyVolume3Month": 20356, "regularMarketPreviousClose": 545.5, "regularMarketSource": "FREE_REALTIME", "regularMarketOpen": 545.5, "exchange": "BSE", "exchangeName": "BSE", "exchangeDataDelayedBy": 0, "marketState": "CLOSED", "quoteType": "EQUITY", "symbol": "DBL.BO", "underlyingSymbol": null, "shortName": "Dilip Buildcon Limited", "longName": "Dilip Buildcon Limited", "currency": "INR", "quoteSourceName": "Delayed Quote", "currencySymbol": "\u20b9", "fromCurrency": null, "lastMarket": null, "marketCap": 74692304896}, "balanceSheetHistory": {"balanceSheetStatements": [{"maxAge": 1, "endDate": "2020-03-31", "cash": 7885902000, "netReceivables": 20496257000, "inventory": 26454883000, "otherCurrentAssets": 20951725000, "totalCurrentAssets": 76346263000, "longTermInvestments": 1351366000, "propertyPlantEquipment": 48610241000, "goodWill": 58814000, "intangibleAssets": 8808171000, "otherAssets": 32153404000, "deferredLongTermAssetCharges": 156203000, "totalAssets": 167328259000, "accountsPayable": 16542426000, "shortLongTermDebt": 7114755000, "otherCurrentLiab": 14651687000, "longTermDebt": 59854999000, "otherLiab": 9483250000, "minorityInterest": 1145835000, "totalCurrentLiabilities": 64603389000, "totalLiab": 134292906000, "commonStock": 1367698000, "retainedEarnings": 24510687000, "treasuryStock": 1781779000, "capitalSurplus": 4229354000, "otherStockholderEquity": 1781779000, "totalStockholderEquity": 31889518000, "netTangibleAssets": 23022533000}, {"maxAge": 1, "endDate": "2019-03-31", "cash": 5210934000, "netReceivables": 16791342000, "inventory": 25044332000, "otherCurrentAssets": 20264488000, "totalCurrentAssets": 68111728000, "longTermInvestments": 921736000, "propertyPlantEquipment": 47972252000, "intangibleAssets": 9695336000, "otherAssets": 17686540000, "totalAssets": 144387592000, "accountsPayable": 17411106000, "shortLongTermDebt": 4557695000, "otherCurrentLiab": 12846337000, "longTermDebt": 48201925000, "otherLiab": 8877729000, "minorityInterest": 288223000, "totalCurrentLiabilities": 58959979000, "totalLiab": 116039633000, "commonStock": 1367698000, "retainedEarnings": 20962684000, "treasuryStock": 1500000000, "capitalSurplus": 4229354000, "otherStockholderEquity": 1500000000, "totalStockholderEquity": 28059736000, "netTangibleAssets": 18364400000}, {"maxAge": 1, "endDate": "2018-03-31", "cash": 2945519000, "netReceivables": 12473188000, "inventory": 20262340000, "otherCurrentAssets": 16233763000, "totalCurrentAssets": 52222509000, "longTermInvestments": 654873000, "propertyPlantEquipment": 26906950000, "intangibleAssets": 9761112000, "otherAssets": 16208104000, "totalAssets": 105753548000, "accountsPayable": 15215864000, "shortLongTermDebt": 2121970000, "otherCurrentLiab": 11936416000, "longTermDebt": 29385648000, "otherLiab": 4797613000, "minorityInterest": 143544000, "totalCurrentLiabilities": 48665681000, "totalLiab": 82848942000, "commonStock": 1367698000, "retainedEarnings": 15664010000, "treasuryStock": 1500000000, "capitalSurplus": 4229354000, "otherStockholderEquity": 1500000000, "totalStockholderEquity": 22761062000, "netTangibleAssets": 12999950000}, {"maxAge": 1, "endDate": "2017-03-31", "cash": 1630327000, "netReceivables": 9968923000, "inventory": 16638500000, "otherCurrentAssets": 9106677000, "totalCurrentAssets": 37690218000, "longTermInvestments": 577429000, "propertyPlantEquipment": 17854992000, "intangibleAssets": 6416415000, "otherAssets": 17653941000, "totalAssets": 80192995000, "accountsPayable": 8885916000, "shortLongTermDebt": 4497314000, "otherCurrentLiab": 5688013000, "longTermDebt": 22719840000, "otherLiab": 3134783000, "minorityInterest": 245000, "totalCurrentLiabilities": 37148315000, "totalLiab": 63002938000, "commonStock": 1367698000, "retainedEarnings": 11592760000, "capitalSurplus": 4229354000, "totalStockholderEquity": 17189812000, "netTangibleAssets": 10773397000}], "maxAge": 86400}, "earningsTrend": {"trend": [{"maxAge": 1, "period": "0q", "endDate": "2018-12-31", "growth": {}, "earningsEstimate": {"avg": 0.0, "low": 0.0, "high": 0.0, "yearAgoEps": 12.04, "numberOfAnalysts": 0, "growth": {}}, "revenueEstimate": {"avg": 19160000000, "low": 19160000000, "high": 19160000000, "numberOfAnalysts": 1, "yearAgoRevenue": 19421200000, "growth": -0.012999999}, "epsTrend": {"current": 0.0, "7daysAgo": 9.56, "30daysAgo": 9.56, "60daysAgo": 9.56, "90daysAgo": 9.56}, "epsRevisions": {"upLast7days": 0, "upLast30days": 0, "downLast30days": 0, "downLast90days": {}}}, {"maxAge": 1, "period": "+1q", "endDate": "2019-03-31", "growth": {}, "earningsEstimate": {"avg": 0.0, "low": 0.0, "high": 0.0, "yearAgoEps": 17.0, "numberOfAnalysts": 0, "growth": {}}, "revenueEstimate": {"avg": 0, "low": 0, "high": 0, "numberOfAnalysts": 0, "yearAgoRevenue": {}, "growth": {}}, "epsTrend": {"current": 0.0, "7daysAgo": 21.96, "30daysAgo": 21.96, "60daysAgo": 21.96, "90daysAgo": 21.96}, "epsRevisions": {"upLast7days": 0, "upLast30days": 0, "downLast30days": 0, "downLast90days": {}}}, {"maxAge": 1, "period": "0y", "endDate": "2019-03-31", "growth": {}, "earningsEstimate": {"avg": 0.0, "low": 0.0, "high": 0.0, "yearAgoEps": {}, "numberOfAnalysts": 0, "growth": {}}, "revenueEstimate": {"avg": 95323900000, "low": 89409000000, "high": 100412000000, "numberOfAnalysts": 3, "yearAgoRevenue": 77458800000, "growth": 0.231}, "epsTrend": {"current": 0.0, "7daysAgo": 49.87, "30daysAgo": 49.87, "60daysAgo": 49.87, "90daysAgo": 49.87}, "epsRevisions": {"upLast7days": 0, "upLast30days": 0, "downLast30days": 0, "downLast90days": {}}}, {"maxAge": 1, "period": "+1y", "endDate": "2020-03-31", "growth": {}, "earningsEstimate": {"avg": 0.0, "low": 0.0, "high": 0.0, "yearAgoEps": {}, "numberOfAnalysts": 0, "growth": {}}, "revenueEstimate": {"avg": 111750000000, "low": 99013000000, "high": 125560000000, "numberOfAnalysts": 3, "yearAgoRevenue": 95323900000, "growth": 0.172}, "epsTrend": {"current": 0.0, "7daysAgo": 56.93, "30daysAgo": 56.93, "60daysAgo": 56.93, "90daysAgo": 56.93}, "epsRevisions": {"upLast7days": 0, "upLast30days": 0, "downLast30days": 0, "downLast90days": {}}}, {"maxAge": 1, "period": "+5y", "endDate": null, "growth": 0.3341, "earningsEstimate": {"avg": {}, "low": {}, "high": {}, "yearAgoEps": {}, "numberOfAnalysts": {}, "growth": {}}, "revenueEstimate": {"avg": {}, "low": {}, "high": {}, "numberOfAnalysts": {}, "yearAgoRevenue": {}, "growth": {}}, "epsTrend": {"current": {}, "7daysAgo": {}, "30daysAgo": {}, "60daysAgo": {}, "90daysAgo": {}}, "epsRevisions": {"upLast7days": {}, "upLast30days": {}, "downLast30days": {}, "downLast90days": {}}}, {"maxAge": 1, "period": "-5y", "endDate": null, "growth": {}, "earningsEstimate": {"avg": {}, "low": {}, "high": {}, "yearAgoEps": {}, "numberOfAnalysts": {}, "growth": {}}, "revenueEstimate": {"avg": {}, "low": {}, "high": {}, "numberOfAnalysts": {}, "yearAgoRevenue": {}, "growth": {}}, "epsTrend": {"current": {}, "7daysAgo": {}, "30daysAgo": {}, "60daysAgo": {}, "90daysAgo": {}}, "epsRevisions": {"upLast7days": {}, "upLast30days": {}, "downLast30days": {}, "downLast90days": {}}}], "maxAge": 1}, "financialData": {"maxAge": 86400, "currentPrice": 546.2, "targetHighPrice": 1400.0, "targetLowPrice": 483.0, "targetMeanPrice": 867.21, "targetMedianPrice": 844.5, "recommendationKey": "none", "numberOfAnalystOpinions": 14, "grossProfits": 25732645000, "financialCurrency": "INR"}}}