{"DBSTOCKBRO.NS": {"assetProfile": {"address1": "114, New Delhi House", "address2": "27, Barakhamba Road", "city": "New Delhi", "zip": "110001", "country": "India", "phone": "91 11 4360 6162", "fax": "91 11 2373 6162", "website": "http://www.dbonline.in", "industry": "Capital Markets", "sector": "Financial Services", "longBusinessSummary": "DB (International) Stock Brokers Limited provides stock broking and depository participant services in India. It also offers non-resident Indian services, such as equity and derivative trading, mutual fund and initial public offering investment, and procurement of permanent account number cards and RBI permissions. DB (International) Stock Brokers Limited was founded in 1992 and is based in New Delhi, India.", "companyOfficers": [{"maxAge": 1, "name": "Mr. Shiv Narayan Daga", "age": 66, "title": "MD & Chairman", "yearBorn": 1954, "fiscalYear": 2020, "totalPay": 2100000, "exercisedValue": 0, "unexercisedValue": 0}, {"maxAge": 1, "name": "Mr. Sanjeev Kumar Rawal", "title": "Chief Financial Officer", "fiscalYear": 2017, "exercisedValue": 0, "unexercisedValue": 0}, {"maxAge": 1, "name": "Ms. Divya  Saluja", "title": "Company Sec. & Compliance Officer", "exercisedValue": 0, "unexercisedValue": 0}, {"maxAge": 1, "name": "Ms. Shikha  Dagaf", "title": "Sr. VP", "exercisedValue": 0, "unexercisedValue": 0}, {"maxAge": 1, "name": "Ms. Sheetal  Periwal", "title": "Exec. VP", "fiscalYear": 2019, "exercisedValue": 0, "unexercisedValue": 0}, {"maxAge": 1, "name": "Mr. Mukesh Chander Agarwal", "age": 55, "title": "Exec. Director of Fin. & Exec. Director", "yearBorn": 1965, "exercisedValue": 0, "unexercisedValue": 0}], "compensationAsOfEpochDate": "2020-12-31 05:30:00", "maxAge": 86400}, "cashflowStatementHistory": {"cashflowStatements": [{"maxAge": 1, "endDate": "2020-03-31", "netIncome": 26512137, "depreciation": 3005316, "changeToNetincome": -7577810, "changeToAccountReceivables": -16880717, "changeToLiabilities": 50269740, "changeToOperatingActivities": 48381300, "totalCashFromOperatingActivities": 103895373, "capitalExpenditures": -2651399, "otherCashflowsFromInvestingActivities": -25637928, "totalCashflowsFromInvestingActivities": -28289327, "netBorrowings": 8444184, "otherCashflowsFromFinancingActivities": -354024, "totalCashFromFinancingActivities": 8090160, "changeInCash": 83696206}, {"maxAge": 1, "endDate": "2019-03-31", "netIncome": -26010566, "depreciation": 2605321, "changeToNetincome": -10035742, "changeToAccountReceivables": -11088804, "changeToLiabilities": 59103770, "changeToOperatingActivities": -42131189, "totalCashFromOperatingActivities": -27380252, "capitalExpenditures": -2651399, "investments": 1575000, "otherCashflowsFromInvestingActivities": -83585473, "totalCashflowsFromInvestingActivities": -31922006, "netBorrowings": 8444184, "otherCashflowsFromFinancingActivities": -169111, "totalCashFromFinancingActivities": -169111, "changeInCash": -59471369}, {"maxAge": 1, "endDate": "2018-03-31", "netIncome": 5693730, "depreciation": 790818, "changeToNetincome": 980692, "changeToAccountReceivables": 462412, "changeToLiabilities": 28363928, "changeToOperatingActivities": -6440973, "totalCashFromOperatingActivities": 30021362, "capitalExpenditures": -2651399, "investments": 1575000, "otherCashflowsFromInvestingActivities": -93844980, "totalCashflowsFromInvestingActivities": -35154482, "netBorrowings": 8444184, "otherCashflowsFromFinancingActivities": -35610, "totalCashFromFinancingActivities": -35610, "changeInCash": -5168730}, {"maxAge": 1, "endDate": "2017-03-31", "netIncome": 3590460, "depreciation": 1004522, "changeToNetincome": -7452184, "changeToAccountReceivables": -1171679, "changeToLiabilities": -69698652, "changeToOperatingActivities": 4596810, "totalCashFromOperatingActivities": -69067700, "capitalExpenditures": -41731727, "investments": 1575000, "otherCashflowsFromInvestingActivities": 116900931, "totalCashflowsFromInvestingActivities": 75169204, "netBorrowings": 8444184, "otherCashflowsFromFinancingActivities": -29166, "totalCashFromFinancingActivities": -29166, "changeInCash": 6072338}], "maxAge": 86400}, "institutionOwnership": {"ownershipList": [], "maxAge": 1}, "majorHoldersBreakdown": {"maxAge": 1, "insidersPercentHeld": 0.78223, "institutionsPercentHeld": 0.0, "institutionsFloatPercentHeld": 0.0, "institutionsCount": 0}, "balanceSheetHistoryQuarterly": {"balanceSheetStatements": [{"maxAge": 1, "endDate": "2020-12-31", "cash": 624932697, "netReceivables": 20154567, "inventory": 57018528, "otherCurrentAssets": 8560765, "totalCurrentAssets": 710666557, "longTermInvestments": 63089224, "propertyPlantEquipment": 4345860, "intangibleAssets": 279839, "otherAssets": 45459894, "deferredLongTermAssetCharges": 2487020, "totalAssets": 823841374, "accountsPayable": 344570896, "otherCurrentLiab": 35415217, "longTermDebt": 14673380, "otherLiab": 3513910, "totalCurrentLiabilities": 385707395, "totalLiab": 405593612, "commonStock": 70000000, "treasuryStock": 348247762, "otherStockholderEquity": 348247762, "totalStockholderEquity": 418247762, "netTangibleAssets": 417967923}, {"maxAge": 1, "endDate": "2020-06-30", "totalStockholderEquity": 416378000, "netTangibleAssets": 415898000}, {"maxAge": 1, "endDate": "2020-03-31", "cash": 119736503, "netReceivables": 34746125, "otherCurrentAssets": 357322427, "totalCurrentAssets": 512974410, "longTermInvestments": 10349551, "propertyPlantEquipment": 5312519, "intangibleAssets": 479700, "otherAssets": 67457661, "deferredLongTermAssetCharges": 2029975, "totalAssets": 596573841, "accountsPayable": 162065425, "otherCurrentLiab": 3355014, "longTermDebt": 7538590, "otherLiab": 2990200, "totalCurrentLiabilities": 167907313, "totalLiab": 180195636, "commonStock": 70000000, "retainedEarnings": 268213044, "treasuryStock": 2165161, "capitalSurplus": 76000000, "otherStockholderEquity": 2165161, "totalStockholderEquity": 416378205, "netTangibleAssets": 415898505}, {"maxAge": 1, "endDate": "2019-12-31", "totalStockholderEquity": 400409000, "netTangibleAssets": 400239000}], "maxAge": 86400}, "indexTrend": {"maxAge": 1, "symbol": "SP5", "peRatio": 19.7411, "pegRatio": 1.34172, "estimates": [{"period": "0q", "growth": 0.549}, {"period": "+1q", "growth": 0.431}, {"period": "0y", "growth": 0.305}, {"period": "+1y", "growth": 0.109}, {"period": "+5y", "growth": 0.120865}, {"period": "-5y"}]}, "defaultKeyStatistics": {"maxAge": 1, "priceHint": 2, "enterpriseValue": -316977536, "profitMargins": 0.08283, "floatShares": 16454645, "sharesOutstanding": 35000000, "heldPercentInsiders": 0.78223, "heldPercentInstitutions": 0.0, "beta": 0.082686, "category": null, "bookValue": 12.049, "priceToBook": 0.6805544, "fundFamily": null, "legalType": null, "lastFiscalYearEnd": "2020-03-31 05:30:00", "nextFiscalYearEnd": "2022-03-31 05:30:00", "mostRecentQuarter": "2020-12-31 05:30:00", "netIncomeToCommon": 12201793, "trailingEps": 0.355, "lastSplitFactor": null, "enterpriseToRevenue": -2.152}, "summaryProfile": {"address1": "114, New Delhi House", "address2": "27, Barakhamba Road", "city": "New Delhi", "zip": "110001", "country": "India", "phone": "91 11 4360 6162", "fax": "91 11 2373 6162", "website": "http://www.dbonline.in", "industry": "Capital Markets", "sector": "Financial Services", "longBusinessSummary": "DB (International) Stock Brokers Limited provides stock broking and depository participant services in India. It also offers non-resident Indian services, such as equity and derivative trading, mutual fund and initial public offering investment, and procurement of permanent account number cards and RBI permissions. DB (International) Stock Brokers Limited was founded in 1992 and is based in New Delhi, India.", "companyOfficers": [], "maxAge": 86400}, "netSharePurchaseActivity": {"maxAge": 1, "period": "6m", "buyInfoCount": 0, "buyInfoShares": 0, "sellInfoCount": 0, "netInfoCount": 0, "netInfoShares": 0, "netPercentInsiderShares": 0.0, "totalInsiderShares": 27152960}, "insiderTransactions": {"transactions": [{"maxAge": 1, "shares": 1123126, "value": 154879, "filerUrl": "", "transactionText": "Sale at price 0.14 per share.", "filerName": "New KMS Finance Pvt. Ltd.", "filerRelation": "Promoter", "moneyText": "", "startDate": "2020-12-03", "ownership": "D"}, {"maxAge": 1, "shares": 766561, "filerUrl": "", "transactionText": "", "filerName": "Sharma Gandhi Hire Purchase Ltd", "filerRelation": "Promoter", "moneyText": "", "startDate": "2019-01-16", "ownership": "D"}, {"maxAge": 1, "shares": 1365779, "filerUrl": "", "transactionText": "", "filerName": "Guru Kirpa Finvest Ltd", "filerRelation": "Promoter", "moneyText": "", "startDate": "2018-12-13", "ownership": "D"}, {"maxAge": 1, "shares": 1670759, "filerUrl": "", "transactionText": "", "filerName": "Guru Kirpa Finvest Ltd", "filerRelation": "Promoter", "moneyText": "", "startDate": "2018-11-15", "ownership": "D"}, {"maxAge": 1, "shares": 1214545, "filerUrl": "", "transactionText": "", "filerName": "Sharma Gandhi Hire Purchase Ltd", "filerRelation": "Promoter", "moneyText": "", "startDate": "2018-11-13", "ownership": "D"}, {"maxAge": 1, "shares": 1350000, "filerUrl": "", "transactionText": "", "filerName": "Sharma Gandhi Hire Purchase Ltd", "filerRelation": "Promoter", "moneyText": "", "startDate": "2018-11-09", "ownership": "D"}, {"maxAge": 1, "shares": 700000, "filerUrl": "", "transactionText": "", "filerName": "Guru Kirpa Finvest Ltd", "filerRelation": "UNREPORTED", "moneyText": "", "startDate": "2018-08-13", "ownership": "D"}], "maxAge": 1}, "quoteType": {"exchange": "NSI", "quoteType": "EQUITY", "symbol": "DBSTOCKBRO.NS", "underlyingSymbol": "DBSTOCKBRO.NS", "shortName": "DB INTL STOCK BROK", "longName": "DB (International) Stock Brokers Limited", "firstTradeDateEpochUtc": "2012-02-29 09:15:00", "timeZoneFullName": "Asia/Kolkata", "timeZoneShortName": "IST", "uuid": "01c090e0-c750-3d89-8114-14b2153dd2e8", "gmtOffSetMilliseconds": 19800000, "maxAge": 1}, "incomeStatementHistory": {"incomeStatementHistory": [{"maxAge": 1, "endDate": "2020-03-31", "totalRevenue": 105113282, "costOfRevenue": 2389353, "grossProfit": 102723929, "researchDevelopment": {}, "sellingGeneralAdministrative": 24797508, "nonRecurring": {}, "otherOperatingExpenses": 35811994, "totalOperatingExpenses": 66189578, "operatingIncome": 38923704, "totalOtherIncomeExpenseNet": 150375, "ebit": 0, "interestExpense": {}, "incomeBeforeTax": 39074079, "incomeTaxExpense": 12561942, "minorityInterest": {}, "netIncomeFromContinuingOps": 26512137, "discontinuedOperations": {}, "extraordinaryItems": {}, "effectOfAccountingCharges": {}, "otherItems": {}, "netIncome": 26512137, "netIncomeApplicableToCommonShares": 26512137}, {"maxAge": 1, "endDate": "2019-03-31", "totalRevenue": 19556989, "costOfRevenue": 1776844, "grossProfit": 17780145, "researchDevelopment": {}, "sellingGeneralAdministrative": 24840289, "nonRecurring": {}, "otherOperatingExpenses": 22406171, "totalOperatingExpenses": 51805583, "operatingIncome": -32248594, "totalOtherIncomeExpenseNet": -5565199, "ebit": 0, "interestExpense": {}, "incomeBeforeTax": -37813793, "incomeTaxExpense": -11803227, "minorityInterest": {}, "netIncomeFromContinuingOps": -26010566, "discontinuedOperations": {}, "extraordinaryItems": {}, "effectOfAccountingCharges": {}, "otherItems": {}, "netIncome": -26010566, "netIncomeApplicableToCommonShares": -26010566}, {"maxAge": 1, "endDate": "2018-03-31", "totalRevenue": 58699024, "costOfRevenue": 2048854, "grossProfit": 56650170, "researchDevelopment": {}, "sellingGeneralAdministrative": 26913989, "nonRecurring": {}, "otherOperatingExpenses": 20481222, "totalOperatingExpenses": 50405638, "operatingIncome": 8293386, "totalOtherIncomeExpenseNet": 75110, "ebit": 0, "interestExpense": {}, "incomeBeforeTax": 8368496, "incomeTaxExpense": 2674766, "minorityInterest": {}, "netIncomeFromContinuingOps": 5693730, "discontinuedOperations": {}, "extraordinaryItems": {}, "effectOfAccountingCharges": {}, "otherItems": {}, "netIncome": 5693730, "netIncomeApplicableToCommonShares": 5693730}, {"maxAge": 1, "endDate": "2017-03-31", "totalRevenue": 46966131, "costOfRevenue": 1363159, "grossProfit": 45602972, "researchDevelopment": {}, "sellingGeneralAdministrative": 27621632, "nonRecurring": {}, "otherOperatingExpenses": 12379500, "totalOperatingExpenses": 42431836, "operatingIncome": 4534295, "totalOtherIncomeExpenseNet": 257, "ebit": 0, "interestExpense": {}, "incomeBeforeTax": 4534552, "incomeTaxExpense": 944092, "minorityInterest": {}, "netIncomeFromContinuingOps": 3590460, "discontinuedOperations": {}, "extraordinaryItems": {}, "effectOfAccountingCharges": {}, "otherItems": {}, "netIncome": 3590460, "netIncomeApplicableToCommonShares": 3590460}], "maxAge": 86400}, "fundOwnership": {"ownershipList": [], "maxAge": 1}, "summaryDetail": {"maxAge": 1, "priceHint": 2, "previousClose": 8.4, "open": 8.45, "dayLow": 8.2, "dayHigh": 8.5, "regularMarketPreviousClose": 8.4, "regularMarketOpen": 8.45, "regularMarketDayLow": 8.2, "regularMarketDayHigh": 8.5, "exDividendDate": "2012-08-08 05:30:00", "payoutRatio": 0.0, "beta": 0.082686, "trailingPE": 23.09859, "volume": 6113, "regularMarketVolume": 6113, "averageVolume": 6681, "averageVolume10days": 1496, "averageDailyVolume10Day": 1496, "bid": 0.0, "ask": 0.0, "bidSize": 0, "askSize": 0, "marketCap": 284266944, "fiftyTwoWeekLow": 6.65, "fiftyTwoWeekHigh": 12.1, "priceToSalesTrailing12Months": 1.9297379, "fiftyDayAverage": 9.15606, "twoHundredDayAverage": 9.582143, "currency": "INR", "fromCurrency": null, "lastMarket": null, "algorithm": null, "tradeable": false}, "incomeStatementHistoryQuarterly": {"incomeStatementHistory": [{"maxAge": 1, "endDate": "2020-12-31", "totalRevenue": 46335000, "costOfRevenue": 0, "grossProfit": 46335000, "researchDevelopment": {}, "sellingGeneralAdministrative": 5539000, "nonRecurring": {}, "otherOperatingExpenses": 20202000, "totalOperatingExpenses": 26695000, "operatingIncome": 19640000, "totalOtherIncomeExpenseNet": 10000, "ebit": 0, "interestExpense": {}, "incomeBeforeTax": 19650000, "incomeTaxExpense": 36659000, "minorityInterest": {}, "netIncomeFromContinuingOps": -17009000, "discontinuedOperations": {}, "extraordinaryItems": {}, "effectOfAccountingCharges": {}, "otherItems": {}, "netIncome": -17009000, "netIncomeApplicableToCommonShares": -17009000}, {"maxAge": 1, "endDate": "2020-06-30", "totalRevenue": 24975000, "costOfRevenue": 0, "grossProfit": 24975000, "researchDevelopment": {}, "sellingGeneralAdministrative": 5568000, "nonRecurring": {}, "otherOperatingExpenses": 10137000, "totalOperatingExpenses": 16549000, "operatingIncome": 8426000, "totalOtherIncomeExpenseNet": 1000, "ebit": 0, "interestExpense": {}, "incomeBeforeTax": 8427000, "incomeTaxExpense": 1805000, "minorityInterest": {}, "netIncomeFromContinuingOps": 6622000, "discontinuedOperations": {}, "extraordinaryItems": {}, "effectOfAccountingCharges": {}, "otherItems": {}, "netIncome": 6622000, "netIncomeApplicableToCommonShares": 6622000}, {"maxAge": 1, "endDate": "2020-03-31", "totalRevenue": 35318282, "costOfRevenue": 2389353, "grossProfit": 32928929, "researchDevelopment": {}, "sellingGeneralAdministrative": 6857508, "nonRecurring": {}, "otherOperatingExpenses": 10077994, "totalOperatingExpenses": 20177578, "operatingIncome": 15140704, "totalOtherIncomeExpenseNet": 160375, "ebit": 0, "interestExpense": {}, "incomeBeforeTax": 15301079, "incomeTaxExpense": 5467942, "minorityInterest": {}, "netIncomeFromContinuingOps": 9833137, "discontinuedOperations": {}, "extraordinaryItems": {}, "effectOfAccountingCharges": {}, "otherItems": {}, "netIncome": 9833137, "netIncomeApplicableToCommonShares": 9833137}, {"maxAge": 1, "endDate": "2019-12-31", "totalRevenue": 22990000, "costOfRevenue": 0, "grossProfit": 22990000, "researchDevelopment": {}, "sellingGeneralAdministrative": 6150000, "nonRecurring": {}, "otherOperatingExpenses": 8930000, "totalOperatingExpenses": 15860000, "operatingIncome": 7130000, "totalOtherIncomeExpenseNet": -10000, "ebit": 0, "interestExpense": {}, "incomeBeforeTax": 7120000, "incomeTaxExpense": 2300000, "minorityInterest": {}, "netIncomeFromContinuingOps": 4820000, "discontinuedOperations": {}, "extraordinaryItems": {}, "effectOfAccountingCharges": {}, "otherItems": {}, "netIncome": 4820000, "netIncomeApplicableToCommonShares": 4820000}], "maxAge": 86400}, "cashflowStatementHistoryQuarterly": {"cashflowStatements": [{"maxAge": 1, "endDate": "2020-12-31", "netIncome": -17009000, "changeToLiabilities": 0}, {"maxAge": 1, "endDate": "2020-06-30", "netIncome": 6622000, "changeToLiabilities": 0}, {"maxAge": 1, "endDate": "2020-03-31", "netIncome": 9833137, "changeToLiabilities": 0}, {"maxAge": 1, "endDate": "2019-12-31", "netIncome": 4820000, "changeToLiabilities": 0}], "maxAge": 86400}, "insiderHolders": {"holders": [{"maxAge": 1, "name": "Guru Kirpa Finvest Ltd", "relation": "Promoter", "url": "", "transactionDescription": "Sale", "latestTransDate": "2018-12-13", "positionDirect": 722777, "positionDirectDate": "2018-12-13"}, {"maxAge": 1, "name": "New KMS Finance Pvt. Ltd.", "relation": "Promoter", "url": "", "transactionDescription": "Sale", "latestTransDate": "2020-12-03", "positionDirect": 4723418, "positionDirectDate": "2020-12-03"}, {"maxAge": 1, "name": "Sharma Gandhi Hire Purchase Ltd", "relation": "Promoter", "url": "", "transactionDescription": "Sale", "latestTransDate": "2019-01-16", "positionDirect": 0, "positionDirectDate": "2019-01-16"}], "maxAge": 1}, "calendarEvents": {"maxAge": 1, "earnings": {"earningsDate": []}, "exDividendDate": "2012-08-08 05:30:00"}, "upgradeDowngradeHistory": {"history": [], "maxAge": 86400}, "price": {"maxAge": 1, "regularMarketChangePercent": -0.023809502, "regularMarketChange": -0.19999981, "regularMarketTime": "2021-04-30 15:22:59", "priceHint": 2, "regularMarketPrice": 8.2, "regularMarketDayHigh": 8.5, "regularMarketDayLow": 8.2, "regularMarketVolume": 6113, "averageDailyVolume10Day": 1496, "averageDailyVolume3Month": 6681, "regularMarketPreviousClose": 8.4, "regularMarketSource": "FREE_REALTIME", "regularMarketOpen": 8.45, "exchange": "NSI", "exchangeName": "NSE", "exchangeDataDelayedBy": 15, "marketState": "CLOSED", "quoteType": "EQUITY", "symbol": "DBSTOCKBRO.NS", "underlyingSymbol": null, "shortName": "DB INTL STOCK BROK", "longName": "DB (International) Stock Brokers Limited", "currency": "INR", "quoteSourceName": "Delayed Quote", "currencySymbol": "\u20b9", "fromCurrency": null, "lastMarket": null, "marketCap": 284266944}, "balanceSheetHistory": {"balanceSheetStatements": [{"maxAge": 1, "endDate": "2020-03-31", "cash": 119736503, "netReceivables": 34746125, "otherCurrentAssets": 357322427, "totalCurrentAssets": 512974410, "longTermInvestments": 10349551, "propertyPlantEquipment": 5312519, "intangibleAssets": 479700, "otherAssets": 67457661, "deferredLongTermAssetCharges": 2029975, "totalAssets": 596573841, "accountsPayable": 162065425, "otherCurrentLiab": 3355014, "longTermDebt": 7538590, "otherLiab": 2990200, "totalCurrentLiabilities": 167907313, "totalLiab": 180195636, "commonStock": 70000000, "retainedEarnings": 268213044, "treasuryStock": 2165161, "capitalSurplus": 76000000, "otherStockholderEquity": 2165161, "totalStockholderEquity": 416378205, "netTangibleAssets": 415898505}, {"maxAge": 1, "endDate": "2019-03-31", "cash": 36040297, "netReceivables": 15833216, "otherCurrentAssets": 356307231, "totalCurrentAssets": 464792256, "longTermInvestments": 5927400, "propertyPlantEquipment": 6086436, "intangibleAssets": 245107, "otherAssets": 40082484, "deferredLongTermAssetCharges": 13378940, "totalAssets": 517133683, "accountsPayable": 111795685, "otherCurrentLiab": 2604290, "otherLiab": 3122418, "totalCurrentLiabilities": 126541386, "totalLiab": 129663804, "commonStock": 70000000, "retainedEarnings": 241469879, "treasuryStock": 317470000, "capitalSurplus": 76000000, "otherStockholderEquity": 317470000, "totalStockholderEquity": 387469879, "netTangibleAssets": 387224772}, {"maxAge": 1, "endDate": "2018-03-31", "cash": 95511666, "netReceivables": 4300827, "otherCurrentAssets": 273737442, "totalCurrentAssets": 373549935, "longTermInvestments": 6193554, "propertyPlantEquipment": 35110639, "intangibleAssets": 656848, "otherAssets": 56353715, "deferredLongTermAssetCharges": 1550171, "totalAssets": 471864691, "accountsPayable": 52691915, "otherCurrentLiab": 2815966, "otherLiab": 2562016, "totalCurrentLiabilities": 55909821, "totalLiab": 58471837, "commonStock": 70000000, "retainedEarnings": 267392854, "capitalSurplus": 76000000, "totalStockholderEquity": 413392854, "netTangibleAssets": 412736006}, {"maxAge": 1, "endDate": "2017-03-31", "cash": 100680395, "netReceivables": 3864961, "otherCurrentAssets": 173824166, "totalCurrentAssets": 278369522, "longTermInvestments": 6193277, "propertyPlantEquipment": 2446758, "intangibleAssets": 517820, "otherAssets": 149768840, "deferredLongTermAssetCharges": 2625338, "totalAssets": 437296217, "accountsPayable": 24327987, "otherCurrentLiab": 3216308, "otherLiab": 2014950, "totalCurrentLiabilities": 27623599, "totalLiab": 29638549, "commonStock": 70000000, "retainedEarnings": 261657668, "capitalSurplus": 76000000, "totalStockholderEquity": 407657668, "netTangibleAssets": 407139848}], "maxAge": 86400}, "financialData": {"maxAge": 86400, "currentPrice": 8.2, "recommendationKey": "none", "totalCash": 624932672, "totalCashPerShare": 18.003, "totalDebt": 16372307, "quickRatio": 1.672, "currentRatio": 1.843, "totalRevenue": 147308576, "debtToEquity": 3.914, "revenuePerShare": 4.291, "returnOnEquity": 0.02981, "grossProfits": 102723929, "revenueGrowth": 1.015, "grossMargins": 0.98377997, "ebitdaMargins": 0.0, "operatingMargins": 0.41037998, "profitMargins": 0.08283, "financialCurrency": "INR"}}}