{"DBSTOCKBRO.BO": {"cashflowStatementHistory": {"cashflowStatements": [{"maxAge": 1, "endDate": "2020-03-31", "netIncome": 26512137, "depreciation": 3005316, "changeToNetincome": -7577810, "changeToAccountReceivables": -16880717, "changeToLiabilities": 50269740, "changeToOperatingActivities": 48381300, "totalCashFromOperatingActivities": 103895373, "capitalExpenditures": -2651399, "otherCashflowsFromInvestingActivities": -25637928, "totalCashflowsFromInvestingActivities": -28289327, "netBorrowings": 8444184, "otherCashflowsFromFinancingActivities": -354024, "totalCashFromFinancingActivities": 8090160, "changeInCash": 83696206}, {"maxAge": 1, "endDate": "2019-03-31", "netIncome": -26010566, "depreciation": 2605321, "changeToNetincome": -10035742, "changeToAccountReceivables": -11088804, "changeToLiabilities": 59103770, "changeToOperatingActivities": -42131189, "totalCashFromOperatingActivities": -27380252, "capitalExpenditures": -2651399, "investments": 1575000, "otherCashflowsFromInvestingActivities": -83585473, "totalCashflowsFromInvestingActivities": -31922006, "netBorrowings": 8444184, "otherCashflowsFromFinancingActivities": -169111, "totalCashFromFinancingActivities": -169111, "changeInCash": -59471369}, {"maxAge": 1, "endDate": "2018-03-31", "netIncome": 5693730, "depreciation": 790818, "changeToNetincome": 980692, "changeToAccountReceivables": 462412, "changeToLiabilities": 28363928, "changeToOperatingActivities": -6440973, "totalCashFromOperatingActivities": 30021362, "capitalExpenditures": -2651399, "investments": 1575000, "otherCashflowsFromInvestingActivities": -93844980, "totalCashflowsFromInvestingActivities": -35154482, "netBorrowings": 8444184, "otherCashflowsFromFinancingActivities": -35610, "totalCashFromFinancingActivities": -35610, "changeInCash": -5168730}, {"maxAge": 1, "endDate": "2017-03-31", "netIncome": 3590460, "depreciation": 1004522, "changeToNetincome": -7452184, "changeToAccountReceivables": -1171679, "changeToLiabilities": -69698652, "changeToOperatingActivities": 4596810, "totalCashFromOperatingActivities": -69067700, "capitalExpenditures": -41731727, "investments": 1575000, "otherCashflowsFromInvestingActivities": 116900931, "totalCashflowsFromInvestingActivities": 75169204, "netBorrowings": 8444184, "otherCashflowsFromFinancingActivities": -29166, "totalCashFromFinancingActivities": -29166, "changeInCash": 6072338}], "maxAge": 86400}, "institutionOwnership": {"ownershipList": [], "maxAge": 1}, "balanceSheetHistoryQuarterly": {"balanceSheetStatements": [{"maxAge": 1, "endDate": "2020-06-30", "totalStockholderEquity": 416378000, "netTangibleAssets": 415898000}, {"maxAge": 1, "endDate": "2020-03-31", "cash": 119736503, "netReceivables": 34746125, "otherCurrentAssets": 357322427, "totalCurrentAssets": 512974410, "longTermInvestments": 10349551, "propertyPlantEquipment": 5312519, "intangibleAssets": 479700, "otherAssets": 67457661, "deferredLongTermAssetCharges": 2029975, "totalAssets": 596573841, "accountsPayable": 162065425, "otherCurrentLiab": 3355014, "longTermDebt": 7538590, "otherLiab": 2990200, "totalCurrentLiabilities": 167907313, "totalLiab": 180195636, "commonStock": 70000000, "retainedEarnings": 268213044, "treasuryStock": 2165161, "capitalSurplus": 76000000, "otherStockholderEquity": 2165161, "totalStockholderEquity": 416378205, "netTangibleAssets": 415898505}, {"maxAge": 1, "endDate": "2019-12-31", "totalStockholderEquity": 400409000, "netTangibleAssets": 400239000}, {"maxAge": 1, "endDate": "2019-09-30", "cash": 424227000, "netReceivables": 27886000, "inventory": 25199000, "otherCurrentAssets": 7947000, "totalCurrentAssets": 485259000, "longTermInvestments": 78633000, "propertyPlantEquipment": 4896000, "intangibleAssets": 170000, "otherAssets": 58647000, "deferredLongTermAssetCharges": 11943000, "totalAssets": 627605000, "accountsPayable": 198861000, "otherLiab": 3122000, "totalCurrentLiabilities": 224074000, "totalLiab": 227196000, "commonStock": 70000000, "treasuryStock": 330409000, "otherStockholderEquity": 330409000, "totalStockholderEquity": 400409000, "netTangibleAssets": 400239000}], "maxAge": 86400}, "indexTrend": {"maxAge": 1, "symbol": "SP5", "peRatio": 19.7411, "pegRatio": 1.34172, "estimates": [{"period": "0q", "growth": 0.549}, {"period": "+1q", "growth": 0.431}, {"period": "0y", "growth": 0.305}, {"period": "+1y", "growth": 0.109}, {"period": "+5y", "growth": 0.120865}, {"period": "-5y"}]}, "insiderTransactions": {"transactions": [{"maxAge": 1, "shares": 766561, "filerUrl": "", "transactionText": "", "filerName": "Sharma Gandhi Hire Purchase Ltd", "filerRelation": "Promoter", "moneyText": "", "startDate": "2019-01-16", "ownership": "D"}, {"maxAge": 1, "shares": 1365779, "filerUrl": "", "transactionText": "", "filerName": "Guru Kirpa Finvest Ltd", "filerRelation": "Promoter", "moneyText": "", "startDate": "2018-12-13", "ownership": "D"}, {"maxAge": 1, "shares": 1670759, "filerUrl": "", "transactionText": "", "filerName": "Guru Kirpa Finvest Ltd", "filerRelation": "Promoter", "moneyText": "", "startDate": "2018-11-15", "ownership": "D"}, {"maxAge": 1, "shares": 1214545, "filerUrl": "", "transactionText": "", "filerName": "Sharma Gandhi Hire Purchase Ltd", "filerRelation": "Promoter", "moneyText": "", "startDate": "2018-11-13", "ownership": "D"}, {"maxAge": 1, "shares": 1350000, "filerUrl": "", "transactionText": "", "filerName": "Sharma Gandhi Hire Purchase Ltd", "filerRelation": "Promoter", "moneyText": "", "startDate": "2018-11-09", "ownership": "D"}, {"maxAge": 1, "shares": 700000, "filerUrl": "", "transactionText": "", "filerName": "Guru Kirpa Finvest Ltd", "filerRelation": "UNREPORTED", "moneyText": "", "startDate": "2018-08-13", "ownership": "D"}], "maxAge": 1}, "quoteType": {"exchange": "BSE", "quoteType": "EQUITY", "symbol": "DBSTOCKBRO.BO", "underlyingSymbol": "DBSTOCKBRO.BO", "shortName": "DB (INTERNATIONAL) STOCK BROKE", "longName": "DB (International) Stock Brokers Limited", "firstTradeDateEpochUtc": "2002-04-11 09:15:00", "timeZoneFullName": "Asia/Kolkata", "timeZoneShortName": "IST", "uuid": "de509a5d-7244-34d5-9f55-21c34aed855a", "gmtOffSetMilliseconds": 19800000, "maxAge": 1}, "incomeStatementHistory": {"incomeStatementHistory": [{"maxAge": 1, "endDate": "2020-03-31", "totalRevenue": 105113282, "costOfRevenue": 2389353, "grossProfit": 102723929, "researchDevelopment": {}, "sellingGeneralAdministrative": 24797508, "nonRecurring": {}, "otherOperatingExpenses": 35811994, "totalOperatingExpenses": 66189578, "operatingIncome": 38923704, "totalOtherIncomeExpenseNet": 150375, "ebit": 0, "interestExpense": {}, "incomeBeforeTax": 39074079, "incomeTaxExpense": 12561942, "minorityInterest": {}, "netIncomeFromContinuingOps": 26512137, "discontinuedOperations": {}, "extraordinaryItems": {}, "effectOfAccountingCharges": {}, "otherItems": {}, "netIncome": 26512137, "netIncomeApplicableToCommonShares": 26512137}, {"maxAge": 1, "endDate": "2019-03-31", "totalRevenue": 19556989, "costOfRevenue": 1776844, "grossProfit": 17780145, "researchDevelopment": {}, "sellingGeneralAdministrative": 24840289, "nonRecurring": {}, "otherOperatingExpenses": 22406171, "totalOperatingExpenses": 51805583, "operatingIncome": -32248594, "totalOtherIncomeExpenseNet": -5565199, "ebit": 0, "interestExpense": {}, "incomeBeforeTax": -37813793, "incomeTaxExpense": -11803227, "minorityInterest": {}, "netIncomeFromContinuingOps": -26010566, "discontinuedOperations": {}, "extraordinaryItems": {}, "effectOfAccountingCharges": {}, "otherItems": {}, "netIncome": -26010566, "netIncomeApplicableToCommonShares": -26010566}, {"maxAge": 1, "endDate": "2018-03-31", "totalRevenue": 58699024, "costOfRevenue": 2048854, "grossProfit": 56650170, "researchDevelopment": {}, "sellingGeneralAdministrative": 26913989, "nonRecurring": {}, "otherOperatingExpenses": 20481222, "totalOperatingExpenses": 50405638, "operatingIncome": 8293386, "totalOtherIncomeExpenseNet": 75110, "ebit": 0, "interestExpense": {}, "incomeBeforeTax": 8368496, "incomeTaxExpense": 2674766, "minorityInterest": {}, "netIncomeFromContinuingOps": 5693730, "discontinuedOperations": {}, "extraordinaryItems": {}, "effectOfAccountingCharges": {}, "otherItems": {}, "netIncome": 5693730, "netIncomeApplicableToCommonShares": 5693730}, {"maxAge": 1, "endDate": "2017-03-31", "totalRevenue": 46966131, "costOfRevenue": 1363159, "grossProfit": 45602972, "researchDevelopment": {}, "sellingGeneralAdministrative": 27621632, "nonRecurring": {}, "otherOperatingExpenses": 12379500, "totalOperatingExpenses": 42431836, "operatingIncome": 4534295, "totalOtherIncomeExpenseNet": 257, "ebit": 0, "interestExpense": {}, "incomeBeforeTax": 4534552, "incomeTaxExpense": 944092, "minorityInterest": {}, "netIncomeFromContinuingOps": 3590460, "discontinuedOperations": {}, "extraordinaryItems": {}, "effectOfAccountingCharges": {}, "otherItems": {}, "netIncome": 3590460, "netIncomeApplicableToCommonShares": 3590460}], "maxAge": 86400}, "fundOwnership": {"ownershipList": [], "maxAge": 1}, "summaryDetail": {"maxAge": 1, "priceHint": 2, "previousClose": 8.32, "open": 8.25, "dayLow": 8.18, "dayHigh": 8.42, "regularMarketPreviousClose": 8.32, "regularMarketOpen": 8.25, "regularMarketDayLow": 8.18, "regularMarketDayHigh": 8.42, "trailingPE": 9.879228, "volume": 494, "regularMarketVolume": 494, "averageVolume": 21468, "averageVolume10days": 70, "averageDailyVolume10Day": 70, "bid": 8.2, "ask": 9.5, "bidSize": 0, "askSize": 0, "marketCap": 286300000, "fiftyTwoWeekLow": 7.35, "fiftyTwoWeekHigh": 11.67, "fiftyDayAverage": 10.155758, "twoHundredDayAverage": 9.145147, "currency": "INR", "fromCurrency": null, "lastMarket": null, "algorithm": null, "tradeable": false}, "incomeStatementHistoryQuarterly": {"incomeStatementHistory": [{"maxAge": 1, "endDate": "2020-06-30", "totalRevenue": 24975000, "costOfRevenue": 0, "grossProfit": 24975000, "researchDevelopment": {}, "sellingGeneralAdministrative": 5568000, "nonRecurring": {}, "otherOperatingExpenses": 10137000, "totalOperatingExpenses": 16549000, "operatingIncome": 8426000, "totalOtherIncomeExpenseNet": 1000, "ebit": 0, "interestExpense": {}, "incomeBeforeTax": 8427000, "incomeTaxExpense": 1805000, "minorityInterest": {}, "netIncomeFromContinuingOps": 6622000, "discontinuedOperations": {}, "extraordinaryItems": {}, "effectOfAccountingCharges": {}, "otherItems": {}, "netIncome": 6622000, "netIncomeApplicableToCommonShares": 6622000}, {"maxAge": 1, "endDate": "2020-03-31", "totalRevenue": 35318282, "costOfRevenue": 2389353, "grossProfit": 32928929, "researchDevelopment": {}, "sellingGeneralAdministrative": 6857508, "nonRecurring": {}, "otherOperatingExpenses": 10077994, "totalOperatingExpenses": 20177578, "operatingIncome": 15140704, "totalOtherIncomeExpenseNet": 160375, "ebit": 0, "interestExpense": {}, "incomeBeforeTax": 15301079, "incomeTaxExpense": 5467942, "minorityInterest": {}, "netIncomeFromContinuingOps": 9833137, "discontinuedOperations": {}, "extraordinaryItems": {}, "effectOfAccountingCharges": {}, "otherItems": {}, "netIncome": 9833137, "netIncomeApplicableToCommonShares": 9833137}, {"maxAge": 1, "endDate": "2019-12-31", "totalRevenue": 22990000, "costOfRevenue": 0, "grossProfit": 22990000, "researchDevelopment": {}, "sellingGeneralAdministrative": 6150000, "nonRecurring": {}, "otherOperatingExpenses": 8930000, "totalOperatingExpenses": 15860000, "operatingIncome": 7130000, "totalOtherIncomeExpenseNet": -10000, "ebit": 0, "interestExpense": {}, "incomeBeforeTax": 7120000, "incomeTaxExpense": 2300000, "minorityInterest": {}, "netIncomeFromContinuingOps": 4820000, "discontinuedOperations": {}, "extraordinaryItems": {}, "effectOfAccountingCharges": {}, "otherItems": {}, "netIncome": 4820000, "netIncomeApplicableToCommonShares": 4820000}, {"maxAge": 1, "endDate": "2019-09-30", "totalRevenue": 27647000, "costOfRevenue": 0, "grossProfit": 27647000, "researchDevelopment": {}, "sellingGeneralAdministrative": 5831000, "nonRecurring": {}, "otherOperatingExpenses": 10419000, "totalOperatingExpenses": 17043000, "operatingIncome": 10604000, "totalOtherIncomeExpenseNet": -1000, "ebit": 0, "interestExpense": {}, "incomeBeforeTax": 10603000, "incomeTaxExpense": 2833000, "minorityInterest": {}, "netIncomeFromContinuingOps": 7770000, "discontinuedOperations": {}, "extraordinaryItems": {}, "effectOfAccountingCharges": {}, "otherItems": {}, "netIncome": 7770000, "netIncomeApplicableToCommonShares": 7770000}], "maxAge": 86400}, "cashflowStatementHistoryQuarterly": {"cashflowStatements": [{"maxAge": 1, "endDate": "2020-06-30", "netIncome": 6622000, "changeToLiabilities": 0}, {"maxAge": 1, "endDate": "2020-03-31", "netIncome": 9833137, "changeToLiabilities": 0}, {"maxAge": 1, "endDate": "2019-12-31", "netIncome": 4820000, "changeToLiabilities": 0}, {"maxAge": 1, "endDate": "2019-09-30", "netIncome": 7770000, "changeToLiabilities": 0}], "maxAge": 86400}, "insiderHolders": {"holders": [{"maxAge": 1, "name": "Guru Kirpa Finvest Ltd", "relation": "Promoter", "url": "", "transactionDescription": "Sale", "latestTransDate": "2018-12-13", "positionDirect": 722777, "positionDirectDate": "2018-12-13"}, {"maxAge": 1, "name": "Sharma Gandhi Hire Purchase Ltd", "relation": "Promoter", "url": "", "transactionDescription": "Sale", "latestTransDate": "2019-01-16", "positionDirect": 0, "positionDirectDate": "2019-01-16"}], "maxAge": 1}, "calendarEvents": {"maxAge": 1, "earnings": {"earningsDate": []}}, "upgradeDowngradeHistory": {"history": [], "maxAge": 86400}, "price": {"maxAge": 1, "regularMarketChangePercent": -0.01682685, "regularMarketChange": -0.13999939, "regularMarketTime": "2021-04-30 14:46:24", "priceHint": 2, "regularMarketPrice": 8.18, "regularMarketDayHigh": 8.42, "regularMarketDayLow": 8.18, "regularMarketVolume": 494, "averageDailyVolume10Day": 70, "averageDailyVolume3Month": 21468, "regularMarketPreviousClose": 8.32, "regularMarketSource": "FREE_REALTIME", "regularMarketOpen": 8.25, "exchange": "BSE", "exchangeName": "BSE", "exchangeDataDelayedBy": 0, "marketState": "CLOSED", "quoteType": "EQUITY", "symbol": "DBSTOCKBRO.BO", "underlyingSymbol": null, "shortName": "DB (INTERNATIONAL) STOCK BROKE", "longName": "DB (International) Stock Brokers Limited", "currency": "INR", "quoteSourceName": "Delayed Quote", "currencySymbol": "\u20b9", "fromCurrency": null, "lastMarket": null, "marketCap": 286300000}, "balanceSheetHistory": {"balanceSheetStatements": [{"maxAge": 1, "endDate": "2020-03-31", "cash": 119736503, "netReceivables": 34746125, "otherCurrentAssets": 357322427, "totalCurrentAssets": 512974410, "longTermInvestments": 10349551, "propertyPlantEquipment": 5312519, "intangibleAssets": 479700, "otherAssets": 67457661, "deferredLongTermAssetCharges": 2029975, "totalAssets": 596573841, "accountsPayable": 162065425, "otherCurrentLiab": 3355014, "longTermDebt": 7538590, "otherLiab": 2990200, "totalCurrentLiabilities": 167907313, "totalLiab": 180195636, "commonStock": 70000000, "retainedEarnings": 268213044, "treasuryStock": 2165161, "capitalSurplus": 76000000, "otherStockholderEquity": 2165161, "totalStockholderEquity": 416378205, "netTangibleAssets": 415898505}, {"maxAge": 1, "endDate": "2019-03-31", "cash": 36040297, "netReceivables": 15833216, "otherCurrentAssets": 356307231, "totalCurrentAssets": 464792256, "longTermInvestments": 5927400, "propertyPlantEquipment": 6086436, "intangibleAssets": 245107, "otherAssets": 40082484, "deferredLongTermAssetCharges": 13378940, "totalAssets": 517133683, "accountsPayable": 111795685, "otherCurrentLiab": 2604290, "otherLiab": 3122418, "totalCurrentLiabilities": 126541386, "totalLiab": 129663804, "commonStock": 70000000, "retainedEarnings": 241469879, "treasuryStock": 317470000, "capitalSurplus": 76000000, "otherStockholderEquity": 317470000, "totalStockholderEquity": 387469879, "netTangibleAssets": 387224772}, {"maxAge": 1, "endDate": "2018-03-31", "cash": 95511666, "netReceivables": 4300827, "otherCurrentAssets": 273737442, "totalCurrentAssets": 373549935, "longTermInvestments": 6193554, "propertyPlantEquipment": 35110639, "intangibleAssets": 656848, "otherAssets": 56353715, "deferredLongTermAssetCharges": 1550171, "totalAssets": 471864691, "accountsPayable": 52691915, "otherCurrentLiab": 2815966, "otherLiab": 2562016, "totalCurrentLiabilities": 55909821, "totalLiab": 58471837, "commonStock": 70000000, "retainedEarnings": 267392854, "capitalSurplus": 76000000, "totalStockholderEquity": 413392854, "netTangibleAssets": 412736006}, {"maxAge": 1, "endDate": "2017-03-31", "cash": 100680395, "netReceivables": 3864961, "otherCurrentAssets": 173824166, "totalCurrentAssets": 278369522, "longTermInvestments": 6193277, "propertyPlantEquipment": 2446758, "intangibleAssets": 517820, "otherAssets": 149768840, "deferredLongTermAssetCharges": 2625338, "totalAssets": 437296217, "accountsPayable": 24327987, "otherCurrentLiab": 3216308, "otherLiab": 2014950, "totalCurrentLiabilities": 27623599, "totalLiab": 29638549, "commonStock": 70000000, "retainedEarnings": 261657668, "capitalSurplus": 76000000, "totalStockholderEquity": 407657668, "netTangibleAssets": 407139848}], "maxAge": 86400}, "financialData": {"maxAge": 86400, "currentPrice": 8.18, "recommendationKey": "none", "grossProfits": 102723929, "financialCurrency": "INR"}}}