{"DCAL.NS": {"assetProfile": {"address1": "Dishman Corporate House", "address2": "Opposite Jayantilal Park BRTS Iscon\u00e2\u0080\u0093Bopal Road Ambli", "city": "Ahmedabad", "zip": "380058", "country": "India", "phone": "91 27 1742 0100", "website": "http://www.dishmangroup.com", "industry": "Biotechnology", "sector": "Healthcare", "longBusinessSummary": "Dishman Carbogen Amcis Limited provides contract research and manufacturing services to the pharmaceutical industry worldwide. It also manufactures and supplies marketable molecules, such as bulk drugs, intermediates, quaternary ammonium compounds, specialty chemicals, vitamins and chemicals, and disinfectants. The company was incorporated in 1983 and is headquartered in Ahmedabad, India. Dishman Carbogen Amcis Limited is a subsidiary of Adimans Technologies LLP.", "fullTimeEmployees": 1280, "companyOfficers": [{"maxAge": 1, "name": "Mr. Arpit Janmejay Vyas", "age": 34, "title": "Global MD & Director", "yearBorn": 1986, "fiscalYear": 2020, "totalPay": 12000000, "exercisedValue": 0, "unexercisedValue": 0}, {"maxAge": 1, "name": "Mr. Harshil R. Dalal", "title": "Global Chief Financial Officer", "fiscalYear": 2020, "totalPay": 10068000, "exercisedValue": 0, "unexercisedValue": 0}, {"maxAge": 1, "name": "Ms. Shrima G. Dave", "title": "Compliance Officer & Company Sec.", "fiscalYear": 2020, "totalPay": 792000, "exercisedValue": 0, "unexercisedValue": 0}, {"maxAge": 1, "name": "Mr. Mark Christopher Griffiths", "age": 56, "title": "Director of Global Marketing & Strategy and Director", "yearBorn": 1964, "fiscalYear": 2020, "totalPay": 0, "exercisedValue": 0, "unexercisedValue": 0}, {"maxAge": 1, "name": "Ms. Deohooti Janmejay Vyas", "age": 69, "title": "Whole Time Director", "yearBorn": 1951, "fiscalYear": 2020, "totalPay": 12000000, "exercisedValue": 0, "unexercisedValue": 0}, {"maxAge": 1, "name": "Dr. Stephan  Fritschi", "title": "VP of Operations", "exercisedValue": 0, "unexercisedValue": 0}, {"maxAge": 1, "name": "Dr. Alan  Fischer", "title": "Global Chief Information Officer", "exercisedValue": 0, "unexercisedValue": 0}, {"maxAge": 1, "name": "Mr. Dharmesh  Desai", "title": "GM of Secretarial & Legal", "exercisedValue": 0, "unexercisedValue": 0}, {"maxAge": 1, "name": "Mr. Dieter  Thueer", "title": "Global Head of HR", "exercisedValue": 0, "unexercisedValue": 0}, {"maxAge": 1, "name": "Dr. Martin  Schneider", "age": 61, "title": "Global Chief Quality Officer", "yearBorn": 1959, "exercisedValue": 0, "unexercisedValue": 0}], "compensationAsOfEpochDate": "2020-12-31 05:30:00", "maxAge": 86400}, "recommendationTrend": {"trend": [{"period": "0m", "strongBuy": 0, "buy": 0, "hold": 0, "sell": 0, "strongSell": 0}, {"period": "-1m", "strongBuy": 0, "buy": 0, "hold": 0, "sell": 0, "strongSell": 0}, {"period": "-2m", "strongBuy": 0, "buy": 0, "hold": 0, "sell": 0, "strongSell": 0}, {"period": "-3m", "strongBuy": 0, "buy": 0, "hold": 0, "sell": 0, "strongSell": 0}], "maxAge": 86400}, "cashflowStatementHistory": {"cashflowStatements": [{"maxAge": 1, "endDate": "2020-03-31", "netIncome": 1803000000, "depreciation": 1940900000, "changeToNetincome": 1030800000, "changeToAccountReceivables": -1255600000, "changeToLiabilities": 867500000, "changeToInventory": -582500000, "changeToOperatingActivities": 2044100000, "totalCashFromOperatingActivities": 5851400000, "capitalExpenditures": -4085600000, "investments": -276700000, "otherCashflowsFromInvestingActivities": -12800000, "totalCashflowsFromInvestingActivities": -4417500000, "dividendsPaid": -32300000, "netBorrowings": 32400000, "otherCashflowsFromFinancingActivities": -611400000, "totalCashFromFinancingActivities": -977800000, "changeInCash": 456100000, "repurchaseOfStock": -366500000}, {"maxAge": 1, "endDate": "2019-03-31", "netIncome": 2103300000, "depreciation": 1515400000, "changeToNetincome": 942500000, "changeToAccountReceivables": -9000000, "changeToLiabilities": 86500000, "changeToInventory": -640600000, "changeToOperatingActivities": -1181600000, "totalCashFromOperatingActivities": 2820300000, "capitalExpenditures": -3081100000, "investments": 678400000, "otherCashflowsFromInvestingActivities": -5100000, "totalCashflowsFromInvestingActivities": -1690200000, "dividendsPaid": -32300000, "netBorrowings": -450000000, "otherCashflowsFromFinancingActivities": -572000000, "totalCashFromFinancingActivities": -1022000000, "changeInCash": 108000000, "repurchaseOfStock": -366500000}, {"maxAge": 1, "endDate": "2018-03-31", "netIncome": 1545700000, "depreciation": 1189700000, "changeToNetincome": 1551800000, "changeToAccountReceivables": -1588500000, "changeToLiabilities": 1013200000, "changeToInventory": -579800000, "changeToOperatingActivities": -907500000, "totalCashFromOperatingActivities": 2264500000, "capitalExpenditures": -2164500000, "investments": -1483900000, "otherCashflowsFromInvestingActivities": 386300000, "totalCashflowsFromInvestingActivities": -2971600000, "dividendsPaid": -32300000, "netBorrowings": 1264700000, "otherCashflowsFromFinancingActivities": -488400000, "totalCashFromFinancingActivities": 776300000, "changeInCash": 69100000, "repurchaseOfStock": -366500000}, {"maxAge": 1, "endDate": "2017-03-31", "netIncome": 1454300000, "depreciation": 1223400000, "changeToNetincome": 616000000, "changeToAccountReceivables": -1332200000, "changeToLiabilities": -13300000, "changeToInventory": 565300000, "changeToOperatingActivities": 485900000, "totalCashFromOperatingActivities": 3026400000, "capitalExpenditures": -1479600000, "investments": 26300000, "otherCashflowsFromInvestingActivities": 115200000, "totalCashflowsFromInvestingActivities": -1424100000, "dividendsPaid": -193700000, "netBorrowings": -649100000, "otherCashflowsFromFinancingActivities": -528000000, "totalCashFromFinancingActivities": -1370800000, "effectOfExchangeRate": 6600000, "changeInCash": 238100000, "repurchaseOfStock": -366500000}], "maxAge": 86400}, "indexTrend": {"maxAge": 1, "symbol": "SP5", "peRatio": 19.7411, "pegRatio": 1.34172, "estimates": [{"period": "0q", "growth": 0.549}, {"period": "+1q", "growth": 0.431}, {"period": "0y", "growth": 0.305}, {"period": "+1y", "growth": 0.109}, {"period": "+5y", "growth": 0.120865}, {"period": "-5y"}]}, "defaultKeyStatistics": {"maxAge": 1, "priceHint": 2, "enterpriseValue": 33583003648, "profitMargins": 0.02211, "floatShares": 56679835, "sharesOutstanding": 156783008, "heldPercentInsiders": 0.63914, "heldPercentInstitutions": 0.13875, "beta": 1.653571, "category": null, "bookValue": 372.09, "priceToBook": 0.42368782, "fundFamily": null, "legalType": null, "lastFiscalYearEnd": "2020-03-31 05:30:00", "nextFiscalYearEnd": "2022-03-31 05:30:00", "mostRecentQuarter": "2020-12-31 05:30:00", "netIncomeToCommon": 418900000, "trailingEps": 2.66, "lastSplitFactor": "2:1", "lastSplitDate": "2016-05-02 05:30:00", "enterpriseToRevenue": 1.773, "enterpriseToEbitda": 12.053}, "industryTrend": {"maxAge": 1, "symbol": null, "estimates": []}, "quoteType": {"exchange": "NSI", "quoteType": "EQUITY", "symbol": "DCAL.NS", "underlyingSymbol": "DCAL.NS", "shortName": "DISHMAN CARBOGEN", "longName": "Dishman Carbogen Amcis Limited", "firstTradeDateEpochUtc": "2004-04-22 09:15:00", "timeZoneFullName": "Asia/Kolkata", "timeZoneShortName": "IST", "uuid": "be2aacf9-4aad-3a05-8546-e1d57b448332", "gmtOffSetMilliseconds": 19800000, "maxAge": 1}, "incomeStatementHistory": {"incomeStatementHistory": [{"maxAge": 1, "endDate": "2020-03-31", "totalRevenue": 20436000000, "costOfRevenue": 5242200000, "grossProfit": 15193800000, "researchDevelopment": {}, "sellingGeneralAdministrative": 7720000000, "nonRecurring": {}, "otherOperatingExpenses": 2066700000, "totalOperatingExpenses": 16973000000, "operatingIncome": 3463000000, "totalOtherIncomeExpenseNet": -1242200000, "ebit": 3463000000, "interestExpense": -487700000, "incomeBeforeTax": 2220800000, "incomeTaxExpense": 417800000, "minorityInterest": {}, "netIncomeFromContinuingOps": 1803000000, "discontinuedOperations": {}, "extraordinaryItems": {}, "effectOfAccountingCharges": {}, "otherItems": {}, "netIncome": 1803000000, "netIncomeApplicableToCommonShares": 1803000000}, {"maxAge": 1, "endDate": "2019-03-31", "totalRevenue": 20586000000, "costOfRevenue": 4907000000, "grossProfit": 15679000000, "researchDevelopment": {}, "sellingGeneralAdministrative": 7718000000, "nonRecurring": {}, "otherOperatingExpenses": 2206200000, "totalOperatingExpenses": 16350400000, "operatingIncome": 4235600000, "totalOtherIncomeExpenseNet": -1147700000, "ebit": 4235600000, "interestExpense": -476200000, "incomeBeforeTax": 3087900000, "incomeTaxExpense": 984600000, "minorityInterest": {}, "netIncomeFromContinuingOps": 2103300000, "discontinuedOperations": {}, "extraordinaryItems": {}, "effectOfAccountingCharges": {}, "otherItems": {}, "netIncome": 2103300000, "netIncomeApplicableToCommonShares": 2103300000}, {"maxAge": 1, "endDate": "2018-03-31", "totalRevenue": 16947900000, "costOfRevenue": 3999200000, "grossProfit": 12948700000, "researchDevelopment": {}, "sellingGeneralAdministrative": 6766100000, "nonRecurring": {}, "otherOperatingExpenses": 1553300000, "totalOperatingExpenses": 13548200000, "operatingIncome": 3399700000, "totalOtherIncomeExpenseNet": -1091800000, "ebit": 3399700000, "interestExpense": -425600000, "incomeBeforeTax": 2307900000, "incomeTaxExpense": 762200000, "minorityInterest": {}, "netIncomeFromContinuingOps": 1545700000, "discontinuedOperations": {}, "extraordinaryItems": {}, "effectOfAccountingCharges": {}, "otherItems": {}, "netIncome": 1545700000, "netIncomeApplicableToCommonShares": 1545700000}, {"maxAge": 1, "endDate": "2017-03-31", "totalRevenue": 17193700000, "costOfRevenue": 4114800000, "grossProfit": 13078900000, "researchDevelopment": {}, "sellingGeneralAdministrative": 6495900000, "nonRecurring": {}, "otherOperatingExpenses": 1894300000, "totalOperatingExpenses": 14640000000, "operatingIncome": 2553700000, "totalOtherIncomeExpenseNet": -392900000, "ebit": 2553700000, "interestExpense": -384600000, "incomeBeforeTax": 2160800000, "incomeTaxExpense": 706500000, "minorityInterest": {}, "netIncomeFromContinuingOps": 1454300000, "discontinuedOperations": {}, "extraordinaryItems": {}, "effectOfAccountingCharges": {}, "otherItems": {}, "netIncome": 1454300000, "netIncomeApplicableToCommonShares": 1454300000}], "maxAge": 86400}, "fundOwnership": {"ownershipList": [{"maxAge": 1, "reportDate": "2021-01-31", "organization": "DFA Emerging Markets Core Equity Portfolio", "pctHeld": 0.0038, "position": 603308, "value": 73935395}, {"maxAge": 1, "reportDate": "2021-01-31", "organization": "DFA Investment Dimensions-DFA Emerging Mkts Value", "pctHeld": 0.0031, "position": 492048, "value": 60300482}, {"maxAge": 1, "reportDate": "2021-01-31", "organization": "DFA Emerging Markets Small Cap Series", "pctHeld": 0.0023, "position": 355419, "value": 43556598}, {"maxAge": 1, "reportDate": "2021-03-31", "organization": "SPDR Portfolio Emerging Markets ETF", "pctHeld": 0.00029999999, "position": 41996, "value": 4577564}, {"maxAge": 1, "reportDate": "2021-03-31", "organization": "SPDR (R) Idx Shares-SPDR (R) Emerging Markets Small Cap ETF", "pctHeld": 0.00029999999, "position": 40288, "value": 4391392}, {"maxAge": 1, "reportDate": "2021-01-31", "organization": "DFA T.A. World Ex U.S. Core Equity Portfolio", "pctHeld": 0.0002, "position": 31108, "value": 3812285}, {"maxAge": 1, "reportDate": "2021-01-31", "organization": "DFA Investment Dimensions-Emerging Markets Social Core Equity", "pctHeld": 0.0002, "position": 29525, "value": 3618288}, {"maxAge": 1, "reportDate": "2021-01-31", "organization": "DFA Investment Dimensions-World Ex U.S. Core Equity Port", "pctHeld": 0.0002, "position": 27694, "value": 3393899}, {"maxAge": 1, "reportDate": "2021-02-28", "organization": "Avantis Emerging Markets Equity ETF", "pctHeld": 0.0001, "position": 9405, "value": 1107438}, {"maxAge": 1, "reportDate": "2021-01-31", "organization": "DFA Investment Dimensions-DFA World Ex U.S. Targeted Value Port", "pctHeld": 0.0001, "position": 9244, "value": 1132852}], "maxAge": 1}, "summaryDetail": {"maxAge": 1, "priceHint": 2, "previousClose": 158.95, "open": 157.5, "dayLow": 155.5, "dayHigh": 162.75, "regularMarketPreviousClose": 158.95, "regularMarketOpen": 157.5, "regularMarketDayLow": 155.5, "regularMarketDayHigh": 162.75, "exDividendDate": "2019-09-12 05:30:00", "payoutRatio": 0.0, "beta": 1.653571, "trailingPE": 59.266914, "volume": 613034, "regularMarketVolume": 613034, "averageVolume": 804743, "averageVolume10days": 461179, "averageDailyVolume10Day": 461179, "bid": 0.0, "ask": 0.0, "bidSize": 0, "askSize": 0, "marketCap": 24693508096, "fiftyTwoWeekLow": 61.7, "fiftyTwoWeekHigh": 216.8, "priceToSalesTrailing12Months": 1.3033832, "fiftyDayAverage": 119.05147, "twoHundredDayAverage": 139.6578, "trailingAnnualDividendRate": 0.2, "trailingAnnualDividendYield": 0.0012582573, "currency": "INR", "fromCurrency": null, "lastMarket": null, "algorithm": null, "tradeable": false}, "insiderHolders": {"holders": [{"maxAge": 1, "name": "Adimans Technologies Pvt. Ltd.", "relation": "Promoter", "url": "", "transactionDescription": "Sale", "latestTransDate": "2021-01-13", "positionDirect": 93002442, "positionDirectDate": "2021-01-13"}, {"maxAge": 1, "name": "Bhadra Raj Holdings Pvt Ltd", "relation": "Promoter", "url": "", "transactionDescription": "Other", "latestTransDate": "2018-12-01", "positionDirect": 0, "positionDirectDate": "2018-12-01"}, {"maxAge": 1, "name": "Dhotre (Himani Sanjay)", "relation": "UNREPORTED", "url": "", "transactionDescription": "Acquisition", "latestTransDate": "2020-03-26", "positionDirect": 33900, "positionDirectDate": "2020-03-26"}], "maxAge": 1}, "calendarEvents": {"maxAge": 1, "earnings": {"earningsDate": []}, "exDividendDate": "2019-09-12 05:30:00"}, "upgradeDowngradeHistory": {"history": [], "maxAge": 86400}, "price": {"maxAge": 1, "regularMarketChangePercent": -0.008178692, "regularMarketChange": -1.300003, "regularMarketTime": "2021-04-30 15:29:59", "priceHint": 2, "regularMarketPrice": 157.65, "regularMarketDayHigh": 162.75, "regularMarketDayLow": 155.5, "regularMarketVolume": 613034, "averageDailyVolume10Day": 461179, "averageDailyVolume3Month": 804743, "regularMarketPreviousClose": 158.95, "regularMarketSource": "FREE_REALTIME", "regularMarketOpen": 157.5, "exchange": "NSI", "exchangeName": "NSE", "exchangeDataDelayedBy": 15, "marketState": "CLOSED", "quoteType": "EQUITY", "symbol": "DCAL.NS", "underlyingSymbol": null, "shortName": "DISHMAN CARBOGEN", "longName": "Dishman Carbogen Amcis Limited", "currency": "INR", "quoteSourceName": "Delayed Quote", "currencySymbol": "\u20b9", "fromCurrency": null, "lastMarket": null, "marketCap": 24693508096}, "balanceSheetHistory": {"balanceSheetStatements": [{"maxAge": 1, "endDate": "2020-03-31", "cash": 1219400000, "shortTermInvestments": 1050100000, "netReceivables": 6343900000, "inventory": 6068700000, "otherCurrentAssets": 3351600000, "totalCurrentAssets": 18049700000, "longTermInvestments": 888700000, "propertyPlantEquipment": 20929600000, "goodWill": 36847100000, "intangibleAssets": 1293500000, "otherAssets": 4215600000, "deferredLongTermAssetCharges": 30200000, "totalAssets": 82224200000, "accountsPayable": 2835200000, "shortLongTermDebt": 1266300000, "otherCurrentLiab": 2908800000, "longTermDebt": 2413000000, "otherLiab": 4385400000, "totalCurrentLiabilities": 15689400000, "totalLiab": 24847400000, "commonStock": 313800000, "retainedEarnings": 5368600000, "treasuryStock": 4283700000, "capitalSurplus": 47410700000, "otherStockholderEquity": 4283700000, "totalStockholderEquity": 57376800000, "netTangibleAssets": 19236200000}, {"maxAge": 1, "endDate": "2019-03-31", "cash": 763200000, "shortTermInvestments": 111300000, "netReceivables": 4976200000, "inventory": 5486200000, "otherCurrentAssets": 4104700000, "totalCurrentAssets": 15535700000, "longTermInvestments": 1476200000, "propertyPlantEquipment": 16763600000, "goodWill": 34702900000, "intangibleAssets": 1209700000, "otherAssets": 3596500000, "deferredLongTermAssetCharges": 79500000, "totalAssets": 73284600000, "accountsPayable": 1945700000, "shortLongTermDebt": 1389900000, "otherCurrentLiab": 2251500000, "longTermDebt": 3290700000, "otherLiab": 3886600000, "totalCurrentLiabilities": 11983000000, "totalLiab": 19493700000, "commonStock": 322800000, "retainedEarnings": 3997500000, "treasuryStock": 1693400000, "capitalSurplus": 47777200000, "otherStockholderEquity": 1693400000, "totalStockholderEquity": 53790900000, "netTangibleAssets": 17878300000}, {"maxAge": 1, "endDate": "2018-03-31", "cash": 655200000, "shortTermInvestments": 264200000, "netReceivables": 5441300000, "inventory": 4845600000, "otherCurrentAssets": 3573800000, "totalCurrentAssets": 15461500000, "longTermInvestments": 1060400000, "propertyPlantEquipment": 16223300000, "goodWill": 35329500000, "intangibleAssets": 561300000, "otherAssets": 3128800000, "deferredLongTermAssetCharges": 74700000, "totalAssets": 71764800000, "accountsPayable": 1859200000, "shortLongTermDebt": 1585000000, "otherCurrentLiab": 4127000000, "longTermDebt": 4901900000, "otherLiab": 3664500000, "totalCurrentLiabilities": 11777200000, "totalLiab": 20691500000, "commonStock": 322800000, "retainedEarnings": 2018700000, "treasuryStock": 954600000, "capitalSurplus": 47777200000, "otherStockholderEquity": 954600000, "totalStockholderEquity": 51073300000, "netTangibleAssets": 15182500000}, {"maxAge": 1, "endDate": "2017-03-31", "cash": 586100000, "netReceivables": 5297400000, "inventory": 4265800000, "otherCurrentAssets": 2304800000, "totalCurrentAssets": 12454100000, "longTermInvestments": 400700000, "propertyPlantEquipment": 14648900000, "goodWill": 34551300000, "intangibleAssets": 601100000, "otherAssets": 3278200000, "deferredLongTermAssetCharges": 191300000, "totalAssets": 65934300000, "accountsPayable": 856400000, "shortLongTermDebt": 940600000, "otherCurrentLiab": 3975300000, "longTermDebt": 4332300000, "otherLiab": 3256700000, "totalCurrentLiabilities": 9936600000, "totalLiab": 17794500000, "retainedEarnings": 471600000, "treasuryStock": 47668200000, "otherStockholderEquity": 47668200000, "totalStockholderEquity": 48139800000, "netTangibleAssets": 12987400000}], "maxAge": 86400}, "earningsTrend": {"trend": [{"maxAge": 1, "period": "0q", "endDate": null, "growth": {}, "earningsEstimate": {"avg": 0.0, "low": 0.0, "high": 0.0, "yearAgoEps": {}, "numberOfAnalysts": 0, "growth": {}}, "revenueEstimate": {"avg": 0, "low": 0, "high": 0, "numberOfAnalysts": 0, "yearAgoRevenue": {}, "growth": {}}, "epsTrend": {"current": 0.0, "7daysAgo": 0.0, "30daysAgo": 0.0, "60daysAgo": 0.0, "90daysAgo": 0.0}, "epsRevisions": {"upLast7days": 0, "upLast30days": 0, "downLast30days": 0, "downLast90days": {}}}, {"maxAge": 1, "period": "+1q", "endDate": null, "growth": {}, "earningsEstimate": {"avg": 0.0, "low": 0.0, "high": 0.0, "yearAgoEps": {}, "numberOfAnalysts": 0, "growth": {}}, "revenueEstimate": {"avg": 0, "low": 0, "high": 0, "numberOfAnalysts": 0, "yearAgoRevenue": {}, "growth": {}}, "epsTrend": {"current": 0.0, "7daysAgo": 0.0, "30daysAgo": 0.0, "60daysAgo": 0.0, "90daysAgo": 0.0}, "epsRevisions": {"upLast7days": 0, "upLast30days": 0, "downLast30days": 0, "downLast90days": {}}}, {"maxAge": 1, "period": "0y", "endDate": null, "growth": {}, "earningsEstimate": {"avg": 0.0, "low": 0.0, "high": 0.0, "yearAgoEps": {}, "numberOfAnalysts": 0, "growth": {}}, "revenueEstimate": {"avg": 0, "low": 0, "high": 0, "numberOfAnalysts": 0, "yearAgoRevenue": {}, "growth": {}}, "epsTrend": {"current": 0.0, "7daysAgo": 0.0, "30daysAgo": 0.0, "60daysAgo": 0.0, "90daysAgo": 0.0}, "epsRevisions": {"upLast7days": 0, "upLast30days": 0, "downLast30days": 0, "downLast90days": {}}}, {"maxAge": 1, "period": "+1y", "endDate": null, "growth": {}, "earningsEstimate": {"avg": 0.0, "low": 0.0, "high": 0.0, "yearAgoEps": {}, "numberOfAnalysts": 0, "growth": {}}, "revenueEstimate": {"avg": 0, "low": 0, "high": 0, "numberOfAnalysts": 0, "yearAgoRevenue": {}, "growth": {}}, "epsTrend": {"current": 0.0, "7daysAgo": 0.0, "30daysAgo": 0.0, "60daysAgo": 0.0, "90daysAgo": 0.0}, "epsRevisions": {"upLast7days": 0, "upLast30days": 0, "downLast30days": 0, "downLast90days": {}}}, {"maxAge": 1, "period": "+5y", "endDate": null, "growth": {}, "earningsEstimate": {"avg": {}, "low": {}, "high": {}, "yearAgoEps": {}, "numberOfAnalysts": {}, "growth": {}}, "revenueEstimate": {"avg": {}, "low": {}, "high": {}, "numberOfAnalysts": {}, "yearAgoRevenue": {}, "growth": {}}, "epsTrend": {"current": {}, "7daysAgo": {}, "30daysAgo": {}, "60daysAgo": {}, "90daysAgo": {}}, "epsRevisions": {"upLast7days": {}, "upLast30days": {}, "downLast30days": {}, "downLast90days": {}}}, {"maxAge": 1, "period": "-5y", "endDate": null, "growth": {}, "earningsEstimate": {"avg": {}, "low": {}, "high": {}, "yearAgoEps": {}, "numberOfAnalysts": {}, "growth": {}}, "revenueEstimate": {"avg": {}, "low": {}, "high": {}, "numberOfAnalysts": {}, "yearAgoRevenue": {}, "growth": {}}, "epsTrend": {"current": {}, "7daysAgo": {}, "30daysAgo": {}, "60daysAgo": {}, "90daysAgo": {}}, "epsRevisions": {"upLast7days": {}, "upLast30days": {}, "downLast30days": {}, "downLast90days": {}}}], "maxAge": 1}, "institutionOwnership": {"ownershipList": [], "maxAge": 1}, "majorHoldersBreakdown": {"maxAge": 1, "insidersPercentHeld": 0.63914, "institutionsPercentHeld": 0.13875, "institutionsFloatPercentHeld": 0.38451, "institutionsCount": 14}, "balanceSheetHistoryQuarterly": {"balanceSheetStatements": [{"maxAge": 1, "endDate": "2020-12-31", "totalStockholderEquity": 58426000000, "netTangibleAssets": 20179400000}, {"maxAge": 1, "endDate": "2020-09-30", "cash": 1739600000, "shortTermInvestments": 1521100000, "netReceivables": 4730500000, "inventory": 5900000000, "otherCurrentAssets": 3147700000, "totalCurrentAssets": 17038900000, "longTermInvestments": 1326400000, "propertyPlantEquipment": 21227800000, "goodWill": 36905500000, "intangibleAssets": 1341100000, "otherAssets": 4314500000, "deferredLongTermAssetCharges": 59600000, "totalAssets": 82154200000, "accountsPayable": 1794300000, "otherCurrentLiab": 5755900000, "longTermDebt": 2441100000, "otherLiab": 4171900000, "totalCurrentLiabilities": 14890100000, "totalLiab": 23728200000, "commonStock": 313600000, "treasuryStock": 58112400000, "otherStockholderEquity": 58112400000, "totalStockholderEquity": 58426000000, "netTangibleAssets": 20179400000}, {"maxAge": 1, "endDate": "2020-06-30", "totalStockholderEquity": 57376800000, "netTangibleAssets": 19236200000}, {"maxAge": 1, "endDate": "2020-03-31", "cash": 1219400000, "shortTermInvestments": 1050100000, "netReceivables": 6343900000, "inventory": 6068700000, "otherCurrentAssets": 3351600000, "totalCurrentAssets": 18049700000, "longTermInvestments": 888700000, "propertyPlantEquipment": 20929600000, "goodWill": 36847100000, "intangibleAssets": 1293500000, "otherAssets": 4215600000, "deferredLongTermAssetCharges": 30200000, "totalAssets": 82224200000, "accountsPayable": 2835200000, "shortLongTermDebt": 1266300000, "otherCurrentLiab": 2908800000, "longTermDebt": 2413000000, "otherLiab": 4385400000, "totalCurrentLiabilities": 15689400000, "totalLiab": 24847400000, "commonStock": 313800000, "retainedEarnings": 5368600000, "treasuryStock": 4283700000, "capitalSurplus": 47410700000, "otherStockholderEquity": 4283700000, "totalStockholderEquity": 57376800000, "netTangibleAssets": 19236200000}], "maxAge": 86400}, "earningsHistory": {"history": [{"maxAge": 1, "epsActual": {}, "epsEstimate": {}, "epsDifference": {}, "surprisePercent": {}, "quarter": {}, "period": "-4q"}, {"maxAge": 1, "epsActual": {}, "epsEstimate": {}, "epsDifference": {}, "surprisePercent": {}, "quarter": {}, "period": "-3q"}, {"maxAge": 1, "epsActual": {}, "epsEstimate": {}, "epsDifference": {}, "surprisePercent": {}, "quarter": {}, "period": "-2q"}, {"maxAge": 1, "epsActual": {}, "epsEstimate": {}, "epsDifference": {}, "surprisePercent": {}, "quarter": {}, "period": "-1q"}], "maxAge": 86400}, "summaryProfile": {"address1": "Dishman Corporate House", "address2": "Opposite Jayantilal Park BRTS Iscon\u00e2\u0080\u0093Bopal Road Ambli", "city": "Ahmedabad", "zip": "380058", "country": "India", "phone": "91 27 1742 0100", "website": "http://www.dishmangroup.com", "industry": "Biotechnology", "sector": "Healthcare", "longBusinessSummary": "Dishman Carbogen Amcis Limited provides contract research and manufacturing services to the pharmaceutical industry worldwide. It also manufactures and supplies marketable molecules, such as bulk drugs, intermediates, quaternary ammonium compounds, specialty chemicals, vitamins and chemicals, and disinfectants. The company was incorporated in 1983 and is headquartered in Ahmedabad, India. Dishman Carbogen Amcis Limited is a subsidiary of Adimans Technologies LLP.", "fullTimeEmployees": 1280, "companyOfficers": [], "maxAge": 86400}, "netSharePurchaseActivity": {"maxAge": 1, "period": "6m", "buyInfoCount": 0, "buyInfoShares": 0, "sellInfoCount": 0, "netInfoCount": 0, "netInfoShares": 0, "netPercentInsiderShares": 0.0, "totalInsiderShares": 100695888}, "insiderTransactions": {"transactions": [{"maxAge": 1, "shares": 928572, "value": 1848879, "filerUrl": "", "transactionText": "Sale at price 1.99 per share.", "filerName": "Adimans Technologies Pvt. Ltd.", "filerRelation": "Promoter", "moneyText": "", "startDate": "2021-01-13", "ownership": "D"}, {"maxAge": 1, "shares": 3167294, "value": 6052698, "filerUrl": "", "transactionText": "Sale at price 1.91 per share.", "filerName": "Adimans Technologies Pvt. Ltd.", "filerRelation": "Promoter", "moneyText": "", "startDate": "2021-01-12", "ownership": "D"}, {"maxAge": 1, "shares": 18674, "value": 36742, "filerUrl": "", "transactionText": "Sale at price 1.97 per share.", "filerName": "Adimans Technologies Pvt. Ltd.", "filerRelation": "Promoter", "moneyText": "", "startDate": "2020-12-21", "ownership": "D"}, {"maxAge": 1, "shares": 1974916, "value": 3926922, "filerUrl": "", "transactionText": "Sale at price 1.99 per share.", "filerName": "Adimans Technologies Pvt. Ltd.", "filerRelation": "Promoter", "moneyText": "", "startDate": "2020-12-18", "ownership": "D"}, {"maxAge": 1, "shares": 20000, "filerUrl": "", "transactionText": "", "filerName": "Dhotre (Himani Sanjay)", "filerRelation": "UNREPORTED", "moneyText": "", "startDate": "2020-03-26", "ownership": "D"}, {"maxAge": 1, "shares": 13000, "value": 12390, "filerUrl": "", "transactionText": "Acquisition at price 0.95 per share.", "filerName": "Dhotre (Himani Sanjay)", "filerRelation": "UNREPORTED", "moneyText": "", "startDate": "2020-03-11", "ownership": "D"}, {"maxAge": 1, "shares": 99091898, "filerUrl": "", "transactionText": "", "filerName": "Adimans Technologies Pvt. Ltd.", "filerRelation": "Promoter", "moneyText": "", "startDate": "2019-01-28", "ownership": "D"}, {"maxAge": 1, "shares": 99091898, "filerUrl": "", "transactionText": "", "filerName": "Adimans Technologies Pvt. Ltd.", "filerRelation": "Promoter", "moneyText": "", "startDate": "2019-01-28", "ownership": "D"}, {"maxAge": 1, "shares": 99091898, "filerUrl": "", "transactionText": "", "filerName": "Bhadra Raj Holdings Pvt Ltd", "filerRelation": "Promoter", "moneyText": "", "startDate": "2018-12-01", "ownership": "D"}, {"maxAge": 1, "shares": 99091898, "filerUrl": "", "transactionText": "", "filerName": "Adimans Technologies Pvt. Ltd.", "filerRelation": "Promoter", "moneyText": "", "startDate": "2018-12-01", "ownership": "D"}], "maxAge": 1}, "sectorTrend": {"maxAge": 1, "symbol": null, "estimates": []}, "incomeStatementHistoryQuarterly": {"incomeStatementHistory": [{"maxAge": 1, "endDate": "2020-12-31", "totalRevenue": 4685600000, "costOfRevenue": 851300000, "grossProfit": 3834300000, "researchDevelopment": {}, "sellingGeneralAdministrative": 2244100000, "nonRecurring": {}, "otherOperatingExpenses": 964100000, "totalOperatingExpenses": 4850300000, "operatingIncome": -164700000, "totalOtherIncomeExpenseNet": -54100000, "ebit": -164700000, "interestExpense": -143600000, "incomeBeforeTax": -218800000, "incomeTaxExpense": -58100000, "minorityInterest": {}, "netIncomeFromContinuingOps": -160700000, "discontinuedOperations": {}, "extraordinaryItems": {}, "effectOfAccountingCharges": {}, "otherItems": {}, "netIncome": -160700000, "netIncomeApplicableToCommonShares": -160700000}, {"maxAge": 1, "endDate": "2020-09-30", "totalRevenue": 4394800000, "costOfRevenue": 678900000, "grossProfit": 3715900000, "researchDevelopment": {}, "sellingGeneralAdministrative": 2147200000, "nonRecurring": {}, "otherOperatingExpenses": 768200000, "totalOperatingExpenses": 4378300000, "operatingIncome": 16500000, "totalOtherIncomeExpenseNet": 23200000, "ebit": 16500000, "interestExpense": -126200000, "incomeBeforeTax": 39700000, "incomeTaxExpense": -34100000, "minorityInterest": {}, "netIncomeFromContinuingOps": 73800000, "discontinuedOperations": {}, "extraordinaryItems": {}, "effectOfAccountingCharges": {}, "otherItems": {}, "netIncome": 73800000, "netIncomeApplicableToCommonShares": 73800000}, {"maxAge": 1, "endDate": "2020-06-30", "totalRevenue": 4744100000, "costOfRevenue": 1487400000, "grossProfit": 3256700000, "researchDevelopment": {}, "sellingGeneralAdministrative": 2140200000, "nonRecurring": {}, "otherOperatingExpenses": 685900000, "totalOperatingExpenses": 5050500000, "operatingIncome": -306400000, "totalOtherIncomeExpenseNet": -29400000, "ebit": -306400000, "interestExpense": -115500000, "incomeBeforeTax": -335800000, "incomeTaxExpense": -121500000, "minorityInterest": {}, "netIncomeFromContinuingOps": -214300000, "discontinuedOperations": {}, "extraordinaryItems": {}, "effectOfAccountingCharges": {}, "otherItems": {}, "netIncome": -214300000, "netIncomeApplicableToCommonShares": -214300000}, {"maxAge": 1, "endDate": "2020-03-31", "totalRevenue": 5121100000, "costOfRevenue": 2016700000, "grossProfit": 3104400000, "researchDevelopment": {}, "sellingGeneralAdministrative": 2108200000, "nonRecurring": {}, "otherOperatingExpenses": -505400000, "totalOperatingExpenses": 3470200000, "operatingIncome": 1650900000, "totalOtherIncomeExpenseNet": -1052800000, "ebit": 1650900000, "interestExpense": -65600000, "incomeBeforeTax": 598100000, "incomeTaxExpense": -121700000, "minorityInterest": {}, "netIncomeFromContinuingOps": 719800000, "discontinuedOperations": {}, "extraordinaryItems": {}, "effectOfAccountingCharges": {}, "otherItems": {}, "netIncome": 719800000, "netIncomeApplicableToCommonShares": 719800000}], "maxAge": 86400}, "cashflowStatementHistoryQuarterly": {"cashflowStatements": [{"maxAge": 1, "endDate": "2020-12-31", "netIncome": -160700000, "changeToLiabilities": 0}, {"maxAge": 1, "endDate": "2020-09-30", "netIncome": 73800000, "changeToLiabilities": 0}, {"maxAge": 1, "endDate": "2020-06-30", "netIncome": -214300000, "changeToLiabilities": 0}, {"maxAge": 1, "endDate": "2020-03-31", "netIncome": 719800000, "changeToLiabilities": 0}], "maxAge": 86400}, "earnings": {"maxAge": 86400, "earningsChart": {"quarterly": [], "earningsDate": []}, "financialsChart": {"yearly": [{"date": 2017, "revenue": 17193700000, "earnings": 1454300000}, {"date": 2018, "revenue": 16947900000, "earnings": 1545700000}, {"date": 2019, "revenue": 20586000000, "earnings": 2103300000}, {"date": 2020, "revenue": 20436000000, "earnings": 1803000000}], "quarterly": [{"date": "1Q2020", "revenue": 5121100000, "earnings": 719800000}, {"date": "2Q2020", "revenue": 4744100000, "earnings": -214300000}, {"date": "3Q2020", "revenue": 4394800000, "earnings": 73800000}, {"date": "4Q2020", "revenue": 4685600000, "earnings": -160700000}]}, "financialCurrency": "INR"}, "financialData": {"maxAge": 86400, "currentPrice": 157.65, "targetHighPrice": 450.0, "targetLowPrice": 351.0, "targetMeanPrice": 398.14, "targetMedianPrice": 400.0, "recommendationMean": 2.3, "recommendationKey": "buy", "numberOfAnalystOpinions": 7, "totalCash": 3260699904, "totalCashPerShare": 20.696, "ebitda": 2786275072, "totalDebt": 12006099968, "totalRevenue": 18945699840, "debtToEquity": 20.549, "revenuePerShare": 120.317, "grossProfits": 15193800000, "revenueGrowth": -0.136, "grossMargins": 0.73428, "ebitdaMargins": 0.14706999, "operatingMargins": 0.06315, "profitMargins": 0.02211, "financialCurrency": "INR"}}}