{"DCAL.BO": {"recommendationTrend": {"trend": [{"period": "0m", "strongBuy": 0, "buy": 0, "hold": 0, "sell": 0, "strongSell": 0}, {"period": "-1m", "strongBuy": 0, "buy": 0, "hold": 0, "sell": 0, "strongSell": 0}, {"period": "-2m", "strongBuy": 0, "buy": 0, "hold": 0, "sell": 0, "strongSell": 0}, {"period": "-3m", "strongBuy": 0, "buy": 0, "hold": 0, "sell": 0, "strongSell": 0}], "maxAge": 86400}, "cashflowStatementHistory": {"cashflowStatements": [{"maxAge": 1, "endDate": "2020-03-31", "netIncome": 1803000000, "depreciation": 1940900000, "changeToNetincome": 1030800000, "changeToAccountReceivables": -1255600000, "changeToLiabilities": 867500000, "changeToInventory": -582500000, "changeToOperatingActivities": 2044100000, "totalCashFromOperatingActivities": 5851400000, "capitalExpenditures": -4085600000, "investments": -276700000, "otherCashflowsFromInvestingActivities": -12800000, "totalCashflowsFromInvestingActivities": -4417500000, "dividendsPaid": -32300000, "netBorrowings": 32400000, "otherCashflowsFromFinancingActivities": -611400000, "totalCashFromFinancingActivities": -977800000, "changeInCash": 456100000, "repurchaseOfStock": -366500000}, {"maxAge": 1, "endDate": "2019-03-31", "netIncome": 2103300000, "depreciation": 1515400000, "changeToNetincome": 942500000, "changeToAccountReceivables": -9000000, "changeToLiabilities": 86500000, "changeToInventory": -640600000, "changeToOperatingActivities": -1181600000, "totalCashFromOperatingActivities": 2820300000, "capitalExpenditures": -3081100000, "investments": 678400000, "otherCashflowsFromInvestingActivities": -5100000, "totalCashflowsFromInvestingActivities": -1690200000, "dividendsPaid": -32300000, "netBorrowings": -450000000, "otherCashflowsFromFinancingActivities": -572000000, "totalCashFromFinancingActivities": -1022000000, "changeInCash": 108000000, "repurchaseOfStock": -366500000}, {"maxAge": 1, "endDate": "2018-03-31", "netIncome": 1545700000, "depreciation": 1189700000, "changeToNetincome": 1551800000, "changeToAccountReceivables": -1588500000, "changeToLiabilities": 1013200000, "changeToInventory": -579800000, "changeToOperatingActivities": -907500000, "totalCashFromOperatingActivities": 2264500000, "capitalExpenditures": -2164500000, "investments": -1483900000, "otherCashflowsFromInvestingActivities": 386300000, "totalCashflowsFromInvestingActivities": -2971600000, "dividendsPaid": -32300000, "netBorrowings": 1264700000, "otherCashflowsFromFinancingActivities": -488400000, "totalCashFromFinancingActivities": 776300000, "changeInCash": 69100000, "repurchaseOfStock": -366500000}, {"maxAge": 1, "endDate": "2017-03-31", "netIncome": 1454300000, "depreciation": 1223400000, "changeToNetincome": 616000000, "changeToAccountReceivables": -1332200000, "changeToLiabilities": -13300000, "changeToInventory": 565300000, "changeToOperatingActivities": 485900000, "totalCashFromOperatingActivities": 3026400000, "capitalExpenditures": -1479600000, "investments": 26300000, "otherCashflowsFromInvestingActivities": 115200000, "totalCashflowsFromInvestingActivities": -1424100000, "dividendsPaid": -193700000, "netBorrowings": -649100000, "otherCashflowsFromFinancingActivities": -528000000, "totalCashFromFinancingActivities": -1370800000, "effectOfExchangeRate": 6600000, "changeInCash": 238100000, "repurchaseOfStock": -366500000}], "maxAge": 86400}, "institutionOwnership": {"ownershipList": [], "maxAge": 1}, "balanceSheetHistoryQuarterly": {"balanceSheetStatements": [{"maxAge": 1, "endDate": "2020-06-30", "totalStockholderEquity": 57376800000, "netTangibleAssets": 19236200000}, {"maxAge": 1, "endDate": "2020-03-31", "cash": 1219400000, "shortTermInvestments": 1050100000, "netReceivables": 6343900000, "inventory": 6068700000, "otherCurrentAssets": 3351600000, "totalCurrentAssets": 18049700000, "longTermInvestments": 888700000, "propertyPlantEquipment": 20929600000, "goodWill": 36847100000, "intangibleAssets": 1293500000, "otherAssets": 4215600000, "deferredLongTermAssetCharges": 30200000, "totalAssets": 82224200000, "accountsPayable": 2835200000, "shortLongTermDebt": 1266300000, "otherCurrentLiab": 2908800000, "longTermDebt": 2413000000, "otherLiab": 4385400000, "totalCurrentLiabilities": 15689400000, "totalLiab": 24847400000, "commonStock": 313800000, "retainedEarnings": 5368600000, "treasuryStock": 4283700000, "capitalSurplus": 47410700000, "otherStockholderEquity": 4283700000, "totalStockholderEquity": 57376800000, "netTangibleAssets": 19236200000}, {"maxAge": 1, "endDate": "2019-12-31", "totalStockholderEquity": 54812300000, "netTangibleAssets": 18978300000}, {"maxAge": 1, "endDate": "2019-09-30", "cash": 1161800000, "shortTermInvestments": 1212200000, "netReceivables": 4444600000, "inventory": 6213000000, "otherCurrentAssets": 3514600000, "totalCurrentAssets": 16546200000, "longTermInvestments": 1345400000, "propertyPlantEquipment": 19692000000, "goodWill": 34640700000, "intangibleAssets": 1193300000, "otherAssets": 4328300000, "deferredLongTermAssetCharges": 76300000, "totalAssets": 77745900000, "accountsPayable": 2076400000, "otherCurrentLiab": 5551400000, "longTermDebt": 3647200000, "otherLiab": 3929800000, "totalCurrentLiabilities": 14053600000, "totalLiab": 22933600000, "commonStock": 322800000, "treasuryStock": 54489500000, "otherStockholderEquity": 54489500000, "totalStockholderEquity": 54812300000, "netTangibleAssets": 18978300000}], "maxAge": 86400}, "earningsHistory": {"history": [{"maxAge": 1, "epsActual": {}, "epsEstimate": {}, "epsDifference": {}, "surprisePercent": {}, "quarter": {}, "period": "-4q"}, {"maxAge": 1, "epsActual": {}, "epsEstimate": {}, "epsDifference": {}, "surprisePercent": {}, "quarter": {}, "period": "-3q"}, {"maxAge": 1, "epsActual": 2.46, "epsEstimate": 3.15, "epsDifference": -0.69, "surprisePercent": -0.219, "quarter": "2018-06-30", "period": "-2q"}, {"maxAge": 1, "epsActual": 2.73, "epsEstimate": 2.7, "epsDifference": 0.03, "surprisePercent": 0.011, "quarter": "2018-09-30", "period": "-1q"}], "maxAge": 86400}, "indexTrend": {"maxAge": 1, "symbol": "SP5", "peRatio": 19.7411, "pegRatio": 1.34172, "estimates": [{"period": "0q", "growth": 0.549}, {"period": "+1q", "growth": 0.431}, {"period": "0y", "growth": 0.305}, {"period": "+1y", "growth": 0.109}, {"period": "+5y", "growth": 0.120865}, {"period": "-5y"}]}, "industryTrend": {"maxAge": 1, "symbol": null, "estimates": []}, "insiderTransactions": {"transactions": [{"maxAge": 1, "shares": 20000, "filerUrl": "", "transactionText": "", "filerName": "Dhotre (Himani Sanjay)", "filerRelation": "UNREPORTED", "moneyText": "", "startDate": "2020-03-26", "ownership": "D"}, {"maxAge": 1, "shares": 13000, "value": 12390, "filerUrl": "", "transactionText": "Acquisition at price 0.95 per share.", "filerName": "Dhotre (Himani Sanjay)", "filerRelation": "UNREPORTED", "moneyText": "", "startDate": "2020-03-11", "ownership": "D"}, {"maxAge": 1, "shares": 99091898, "filerUrl": "", "transactionText": "", "filerName": "Adimans Technologies Pvt. Ltd.", "filerRelation": "Promoter", "moneyText": "", "startDate": "2019-01-28", "ownership": "D"}, {"maxAge": 1, "shares": 99091898, "filerUrl": "", "transactionText": "", "filerName": "Adimans Technologies Pvt. Ltd.", "filerRelation": "Promoter", "moneyText": "", "startDate": "2019-01-28", "ownership": "D"}, {"maxAge": 1, "shares": 99091898, "filerUrl": "", "transactionText": "", "filerName": "Adimans Technologies Pvt. Ltd.", "filerRelation": "Promoter", "moneyText": "", "startDate": "2018-12-01", "ownership": "D"}, {"maxAge": 1, "shares": 99091898, "filerUrl": "", "transactionText": "", "filerName": "Bhadra Raj Holdings Pvt Ltd", "filerRelation": "Promoter", "moneyText": "", "startDate": "2018-12-01", "ownership": "D"}], "maxAge": 1}, "quoteType": {"exchange": "BSE", "quoteType": "EQUITY", "symbol": "DCAL.BO", "underlyingSymbol": "DCAL.BO", "shortName": "Dishman Carbogen Amcis Limited", "longName": "Dishman Carbogen Amcis Limited", "firstTradeDateEpochUtc": "2004-04-22 09:15:00", "timeZoneFullName": "Asia/Kolkata", "timeZoneShortName": "IST", "uuid": "f1816d80-9878-3734-80e6-d86face26891", "gmtOffSetMilliseconds": 19800000, "maxAge": 1}, "incomeStatementHistory": {"incomeStatementHistory": [{"maxAge": 1, "endDate": "2020-03-31", "totalRevenue": 20436000000, "costOfRevenue": 5242200000, "grossProfit": 15193800000, "researchDevelopment": {}, "sellingGeneralAdministrative": 7720000000, "nonRecurring": {}, "otherOperatingExpenses": 2066700000, "totalOperatingExpenses": 16973000000, "operatingIncome": 3463000000, "totalOtherIncomeExpenseNet": -1242200000, "ebit": 3463000000, "interestExpense": -487700000, "incomeBeforeTax": 2220800000, "incomeTaxExpense": 417800000, "minorityInterest": {}, "netIncomeFromContinuingOps": 1803000000, "discontinuedOperations": {}, "extraordinaryItems": {}, "effectOfAccountingCharges": {}, "otherItems": {}, "netIncome": 1803000000, "netIncomeApplicableToCommonShares": 1803000000}, {"maxAge": 1, "endDate": "2019-03-31", "totalRevenue": 20586000000, "costOfRevenue": 4907000000, "grossProfit": 15679000000, "researchDevelopment": {}, "sellingGeneralAdministrative": 7718000000, "nonRecurring": {}, "otherOperatingExpenses": 2206200000, "totalOperatingExpenses": 16350400000, "operatingIncome": 4235600000, "totalOtherIncomeExpenseNet": -1147700000, "ebit": 4235600000, "interestExpense": -476200000, "incomeBeforeTax": 3087900000, "incomeTaxExpense": 984600000, "minorityInterest": {}, "netIncomeFromContinuingOps": 2103300000, "discontinuedOperations": {}, "extraordinaryItems": {}, "effectOfAccountingCharges": {}, "otherItems": {}, "netIncome": 2103300000, "netIncomeApplicableToCommonShares": 2103300000}, {"maxAge": 1, "endDate": "2018-03-31", "totalRevenue": 16947900000, "costOfRevenue": 3999200000, "grossProfit": 12948700000, "researchDevelopment": {}, "sellingGeneralAdministrative": 6766100000, "nonRecurring": {}, "otherOperatingExpenses": 1553300000, "totalOperatingExpenses": 13548200000, "operatingIncome": 3399700000, "totalOtherIncomeExpenseNet": -1091800000, "ebit": 3399700000, "interestExpense": -425600000, "incomeBeforeTax": 2307900000, "incomeTaxExpense": 762200000, "minorityInterest": {}, "netIncomeFromContinuingOps": 1545700000, "discontinuedOperations": {}, "extraordinaryItems": {}, "effectOfAccountingCharges": {}, "otherItems": {}, "netIncome": 1545700000, "netIncomeApplicableToCommonShares": 1545700000}, {"maxAge": 1, "endDate": "2017-03-31", "totalRevenue": 17193700000, "costOfRevenue": 4114800000, "grossProfit": 13078900000, "researchDevelopment": {}, "sellingGeneralAdministrative": 6495900000, "nonRecurring": {}, "otherOperatingExpenses": 1894300000, "totalOperatingExpenses": 14640000000, "operatingIncome": 2553700000, "totalOtherIncomeExpenseNet": -392900000, "ebit": 2553700000, "interestExpense": -384600000, "incomeBeforeTax": 2160800000, "incomeTaxExpense": 706500000, "minorityInterest": {}, "netIncomeFromContinuingOps": 1454300000, "discontinuedOperations": {}, "extraordinaryItems": {}, "effectOfAccountingCharges": {}, "otherItems": {}, "netIncome": 1454300000, "netIncomeApplicableToCommonShares": 1454300000}], "maxAge": 86400}, "fundOwnership": {"ownershipList": [{"maxAge": 1, "reportDate": "2020-07-31", "organization": "DFA Investment Dimensions-DFA Emerging Mkts Value", "pctHeld": 0.0043, "position": 679543, "value": 133564176}, {"maxAge": 1, "reportDate": "2020-07-31", "organization": "DFA Emerging Markets Core Equity Portfolio", "pctHeld": 0.0041, "position": 643441, "value": 126468328}, {"maxAge": 1, "reportDate": "2020-07-31", "organization": "DFA Emerging Markets Small Cap Series", "pctHeld": 0.0031, "position": 493781, "value": 97052655}, {"maxAge": 1, "reportDate": "2020-08-31", "organization": "WisdomTree Tr-WisdomTree India Earnings Fd", "pctHeld": 0.00059999997, "position": 88836, "value": 15648461}, {"maxAge": 1, "reportDate": "2020-06-30", "organization": "KP Fds-KP International Equity Fd", "pctHeld": 0.00029999999, "position": 47376, "value": 5772765}, {"maxAge": 1, "reportDate": "2020-08-31", "organization": "SPDR (R) Idx Shares-SPDR (R) Emerging Markets Small Cap ETF", "pctHeld": 0.00029999999, "position": 41024, "value": 7226377}, {"maxAge": 1, "reportDate": "2020-08-31", "organization": "SPDR Portfolio Emerging Markets ETF", "pctHeld": 0.00029999999, "position": 39724, "value": 6997382}, {"maxAge": 1, "reportDate": "2020-07-31", "organization": "DFA T.A. World Ex U.S. Core Equity Portfolio", "pctHeld": 0.0002, "position": 31108, "value": 6114277}, {"maxAge": 1, "reportDate": "2020-07-31", "organization": "DFA Investment Dimensions-Emerging Markets Social Core Equity", "pctHeld": 0.0002, "position": 29525, "value": 5803138}, {"maxAge": 1, "reportDate": "2020-07-31", "organization": "DFA Investment Dimensions-World Ex U.S. Core Equity Port", "pctHeld": 0.0002, "position": 27694, "value": 5443255}], "maxAge": 1}, "summaryDetail": {"maxAge": 1, "priceHint": 2, "previousClose": 158.8, "open": 157.5, "dayLow": 156.0, "dayHigh": 162.85, "regularMarketPreviousClose": 158.8, "regularMarketOpen": 157.5, "regularMarketDayLow": 156.0, "regularMarketDayHigh": 162.85, "trailingPE": 20.210445, "forwardPE": 9.046525, "volume": 58101, "regularMarketVolume": 58101, "averageVolume": 72809, "averageVolume10days": 39402, "averageDailyVolume10Day": 39402, "bid": 158.3, "ask": 159.0, "bidSize": 0, "askSize": 0, "marketCap": 25419554816, "fiftyTwoWeekLow": 46.45, "fiftyTwoWeekHigh": 216.65, "fiftyDayAverage": 141.22424, "twoHundredDayAverage": 159.97206, "trailingAnnualDividendRate": 0.2, "trailingAnnualDividendYield": 0.0012594458, "currency": "INR", "fromCurrency": null, "lastMarket": null, "algorithm": null, "tradeable": false}, "sectorTrend": {"maxAge": 1, "symbol": null, "estimates": []}, "incomeStatementHistoryQuarterly": {"incomeStatementHistory": [{"maxAge": 1, "endDate": "2020-06-30", "totalRevenue": 4744100000, "costOfRevenue": 1487400000, "grossProfit": 3256700000, "researchDevelopment": {}, "sellingGeneralAdministrative": 2140200000, "nonRecurring": {}, "otherOperatingExpenses": 685900000, "totalOperatingExpenses": 5050500000, "operatingIncome": -306400000, "totalOtherIncomeExpenseNet": -29400000, "ebit": -306400000, "interestExpense": -115500000, "incomeBeforeTax": -335800000, "incomeTaxExpense": -121500000, "minorityInterest": {}, "netIncomeFromContinuingOps": -214300000, "discontinuedOperations": {}, "extraordinaryItems": {}, "effectOfAccountingCharges": {}, "otherItems": {}, "netIncome": -214300000, "netIncomeApplicableToCommonShares": -214300000}, {"maxAge": 1, "endDate": "2020-03-31", "totalRevenue": 5121100000, "costOfRevenue": 2016700000, "grossProfit": 3104400000, "researchDevelopment": {}, "sellingGeneralAdministrative": 2108200000, "nonRecurring": {}, "otherOperatingExpenses": -505400000, "totalOperatingExpenses": 3470200000, "operatingIncome": 1650900000, "totalOtherIncomeExpenseNet": -1052800000, "ebit": 1650900000, "interestExpense": -65600000, "incomeBeforeTax": 598100000, "incomeTaxExpense": -121700000, "minorityInterest": {}, "netIncomeFromContinuingOps": 719800000, "discontinuedOperations": {}, "extraordinaryItems": {}, "effectOfAccountingCharges": {}, "otherItems": {}, "netIncome": 719800000, "netIncomeApplicableToCommonShares": 719800000}, {"maxAge": 1, "endDate": "2019-12-31", "totalRevenue": 5422800000, "costOfRevenue": 1296200000, "grossProfit": 4126600000, "researchDevelopment": {}, "sellingGeneralAdministrative": 1926000000, "nonRecurring": {}, "otherOperatingExpenses": 947000000, "totalOperatingExpenses": 4890000000, "operatingIncome": 532800000, "totalOtherIncomeExpenseNet": -26000000, "ebit": 532800000, "interestExpense": -114400000, "incomeBeforeTax": 506800000, "incomeTaxExpense": 178300000, "minorityInterest": {}, "netIncomeFromContinuingOps": 328500000, "discontinuedOperations": {}, "extraordinaryItems": {}, "effectOfAccountingCharges": {}, "otherItems": {}, "netIncome": 328500000, "netIncomeApplicableToCommonShares": 328500000}, {"maxAge": 1, "endDate": "2019-09-30", "totalRevenue": 4673100000, "costOfRevenue": 626700000, "grossProfit": 4046400000, "researchDevelopment": {}, "sellingGeneralAdministrative": 1750100000, "nonRecurring": {}, "otherOperatingExpenses": 838500000, "totalOperatingExpenses": 3915300000, "operatingIncome": 757800000, "totalOtherIncomeExpenseNet": -103900000, "ebit": 757800000, "interestExpense": -169900000, "incomeBeforeTax": 653900000, "incomeTaxExpense": 242300000, "minorityInterest": {}, "netIncomeFromContinuingOps": 411600000, "discontinuedOperations": {}, "extraordinaryItems": {}, "effectOfAccountingCharges": {}, "otherItems": {}, "netIncome": 411600000, "netIncomeApplicableToCommonShares": 411600000}], "maxAge": 86400}, "cashflowStatementHistoryQuarterly": {"cashflowStatements": [{"maxAge": 1, "endDate": "2020-06-30", "netIncome": -214300000, "changeToLiabilities": 0}, {"maxAge": 1, "endDate": "2020-03-31", "netIncome": 719800000, "changeToLiabilities": 0}, {"maxAge": 1, "endDate": "2019-12-31", "netIncome": 328500000, "changeToLiabilities": 0}, {"maxAge": 1, "endDate": "2019-09-30", "netIncome": 411600000, "changeToLiabilities": 0}], "maxAge": 86400}, "insiderHolders": {"holders": [{"maxAge": 1, "name": "Adimans Technologies Pvt. Ltd.", "relation": "Promoter", "url": "", "transactionDescription": "Other", "latestTransDate": "2019-01-28", "positionDirect": 0, "positionDirectDate": "2019-01-28"}, {"maxAge": 1, "name": "Bhadra Raj Holdings Pvt Ltd", "relation": "Promoter", "url": "", "transactionDescription": "Other", "latestTransDate": "2018-12-01", "positionDirect": 0, "positionDirectDate": "2018-12-01"}, {"maxAge": 1, "name": "Dhotre (Himani Sanjay)", "relation": "UNREPORTED", "url": "", "transactionDescription": "Acquisition", "latestTransDate": "2020-03-26", "positionDirect": 33900, "positionDirectDate": "2020-03-26"}], "maxAge": 1}, "earnings": {"maxAge": 86400, "earningsChart": {"quarterly": [{"date": "2Q2018", "actual": 2.46, "estimate": 3.15}, {"date": "3Q2018", "actual": 2.73, "estimate": 2.7}], "currentQuarterEstimateDate": "4Q", "currentQuarterEstimateYear": 2018, "earningsDate": ["2020-09-08 05:30:S"]}, "financialsChart": {"yearly": [{"date": 2017, "revenue": 17193700000, "earnings": 1454300000}, {"date": 2018, "revenue": 16947900000, "earnings": 1545700000}, {"date": 2019, "revenue": 20586000000, "earnings": 2103300000}, {"date": 2020, "revenue": 20436000000, "earnings": 1803000000}], "quarterly": [{"date": "3Q2019", "revenue": 4673100000, "earnings": 411600000}, {"date": "4Q2019", "revenue": 5422800000, "earnings": 328500000}, {"date": "1Q2020", "revenue": 5121100000, "earnings": 719800000}, {"date": "2Q2020", "revenue": 4744100000, "earnings": -214300000}]}, "financialCurrency": "INR"}, "calendarEvents": {"maxAge": 1, "earnings": {"earningsDate": ["2020-09-08 05:30:S"], "revenueAverage": 4700960000, "revenueLow": 4700960000, "revenueHigh": 4700960000}}, "upgradeDowngradeHistory": {"history": [], "maxAge": 86400}, "price": {"maxAge": 1, "regularMarketChangePercent": -0.008186417, "regularMarketChange": -1.300003, "regularMarketTime": "2021-04-30 15:40:23", "priceHint": 2, "regularMarketPrice": 157.5, "regularMarketDayHigh": 162.85, "regularMarketDayLow": 156.0, "regularMarketVolume": 58101, "averageDailyVolume10Day": 39402, "averageDailyVolume3Month": 72809, "regularMarketPreviousClose": 158.8, "regularMarketSource": "FREE_REALTIME", "regularMarketOpen": 157.5, "exchange": "BSE", "exchangeName": "BSE", "exchangeDataDelayedBy": 0, "marketState": "CLOSED", "quoteType": "EQUITY", "symbol": "DCAL.BO", "underlyingSymbol": null, "shortName": "Dishman Carbogen Amcis Limited", "longName": "Dishman Carbogen Amcis Limited", "currency": "INR", "quoteSourceName": "Delayed Quote", "currencySymbol": "\u20b9", "fromCurrency": null, "lastMarket": null, "marketCap": 25419554816}, "balanceSheetHistory": {"balanceSheetStatements": [{"maxAge": 1, "endDate": "2020-03-31", "cash": 1219400000, "shortTermInvestments": 1050100000, "netReceivables": 6343900000, "inventory": 6068700000, "otherCurrentAssets": 3351600000, "totalCurrentAssets": 18049700000, "longTermInvestments": 888700000, "propertyPlantEquipment": 20929600000, "goodWill": 36847100000, "intangibleAssets": 1293500000, "otherAssets": 4215600000, "deferredLongTermAssetCharges": 30200000, "totalAssets": 82224200000, "accountsPayable": 2835200000, "shortLongTermDebt": 1266300000, "otherCurrentLiab": 2908800000, "longTermDebt": 2413000000, "otherLiab": 4385400000, "totalCurrentLiabilities": 15689400000, "totalLiab": 24847400000, "commonStock": 313800000, "retainedEarnings": 5368600000, "treasuryStock": 4283700000, "capitalSurplus": 47410700000, "otherStockholderEquity": 4283700000, "totalStockholderEquity": 57376800000, "netTangibleAssets": 19236200000}, {"maxAge": 1, "endDate": "2019-03-31", "cash": 763200000, "shortTermInvestments": 111300000, "netReceivables": 4976200000, "inventory": 5486200000, "otherCurrentAssets": 4104700000, "totalCurrentAssets": 15535700000, "longTermInvestments": 1476200000, "propertyPlantEquipment": 16763600000, "goodWill": 34702900000, "intangibleAssets": 1209700000, "otherAssets": 3596500000, "deferredLongTermAssetCharges": 79500000, "totalAssets": 73284600000, "accountsPayable": 1945700000, "shortLongTermDebt": 1389900000, "otherCurrentLiab": 2251500000, "longTermDebt": 3290700000, "otherLiab": 3886600000, "totalCurrentLiabilities": 11983000000, "totalLiab": 19493700000, "commonStock": 322800000, "retainedEarnings": 3997500000, "treasuryStock": 1693400000, "capitalSurplus": 47777200000, "otherStockholderEquity": 1693400000, "totalStockholderEquity": 53790900000, "netTangibleAssets": 17878300000}, {"maxAge": 1, "endDate": "2018-03-31", "cash": 655200000, "shortTermInvestments": 264200000, "netReceivables": 5441300000, "inventory": 4845600000, "otherCurrentAssets": 3573800000, "totalCurrentAssets": 15461500000, "longTermInvestments": 1060400000, "propertyPlantEquipment": 16223300000, "goodWill": 35329500000, "intangibleAssets": 561300000, "otherAssets": 3128800000, "deferredLongTermAssetCharges": 74700000, "totalAssets": 71764800000, "accountsPayable": 1859200000, "shortLongTermDebt": 1585000000, "otherCurrentLiab": 4127000000, "longTermDebt": 4901900000, "otherLiab": 3664500000, "totalCurrentLiabilities": 11777200000, "totalLiab": 20691500000, "commonStock": 322800000, "retainedEarnings": 2018700000, "treasuryStock": 954600000, "capitalSurplus": 47777200000, "otherStockholderEquity": 954600000, "totalStockholderEquity": 51073300000, "netTangibleAssets": 15182500000}, {"maxAge": 1, "endDate": "2017-03-31", "cash": 586100000, "netReceivables": 5297400000, "inventory": 4265800000, "otherCurrentAssets": 2304800000, "totalCurrentAssets": 12454100000, "longTermInvestments": 400700000, "propertyPlantEquipment": 14648900000, "goodWill": 34551300000, "intangibleAssets": 601100000, "otherAssets": 3278200000, "deferredLongTermAssetCharges": 191300000, "totalAssets": 65934300000, "accountsPayable": 856400000, "shortLongTermDebt": 940600000, "otherCurrentLiab": 3975300000, "longTermDebt": 4332300000, "otherLiab": 3256700000, "totalCurrentLiabilities": 9936600000, "totalLiab": 17794500000, "retainedEarnings": 471600000, "treasuryStock": 47668200000, "otherStockholderEquity": 47668200000, "totalStockholderEquity": 48139800000, "netTangibleAssets": 12987400000}], "maxAge": 86400}, "earningsTrend": {"trend": [{"maxAge": 1, "period": "0q", "endDate": "2018-12-31", "growth": {}, "earningsEstimate": {"avg": 0.0, "low": 0.0, "high": 0.0, "yearAgoEps": {}, "numberOfAnalysts": 0, "growth": {}}, "revenueEstimate": {"avg": 4700960000, "low": 4700960000, "high": 4700960000, "numberOfAnalysts": 1, "yearAgoRevenue": {}, "growth": {}}, "epsTrend": {"current": 0.0, "7daysAgo": 2.83, "30daysAgo": 2.83, "60daysAgo": 2.83, "90daysAgo": 2.83}, "epsRevisions": {"upLast7days": 0, "upLast30days": 0, "downLast30days": 0, "downLast90days": {}}}, {"maxAge": 1, "period": "+1q", "endDate": "2019-03-31", "growth": {}, "earningsEstimate": {"avg": 0.0, "low": 0.0, "high": 0.0, "yearAgoEps": {}, "numberOfAnalysts": 0, "growth": {}}, "revenueEstimate": {"avg": 0, "low": 0, "high": 0, "numberOfAnalysts": 0, "yearAgoRevenue": {}, "growth": {}}, "epsTrend": {"current": 0.0, "7daysAgo": 0.0, "30daysAgo": 0.0, "60daysAgo": 0.0, "90daysAgo": 0.0}, "epsRevisions": {"upLast7days": 0, "upLast30days": 0, "downLast30days": 0, "downLast90days": {}}}, {"maxAge": 1, "period": "0y", "endDate": "2019-03-31", "growth": {}, "earningsEstimate": {"avg": 0.0, "low": 0.0, "high": 0.0, "yearAgoEps": {}, "numberOfAnalysts": 0, "growth": {}}, "revenueEstimate": {"avg": 18755600000, "low": 18270000000, "high": 19277000000, "numberOfAnalysts": 7, "yearAgoRevenue": 16527100000, "growth": 0.135}, "epsTrend": {"current": 0.0, "7daysAgo": 13.71, "30daysAgo": 13.71, "60daysAgo": 13.71, "90daysAgo": 13.71}, "epsRevisions": {"upLast7days": 0, "upLast30days": 0, "downLast30days": 0, "downLast90days": {}}}, {"maxAge": 1, "period": "+1y", "endDate": "2020-03-31", "growth": {}, "earningsEstimate": {"avg": 0.0, "low": 0.0, "high": 0.0, "yearAgoEps": {}, "numberOfAnalysts": 0, "growth": {}}, "revenueEstimate": {"avg": 21109500000, "low": 20252000000, "high": 22043000000, "numberOfAnalysts": 7, "yearAgoRevenue": 18755600000, "growth": 0.126}, "epsTrend": {"current": 0.0, "7daysAgo": 17.41, "30daysAgo": 17.41, "60daysAgo": 17.41, "90daysAgo": 17.41}, "epsRevisions": {"upLast7days": 0, "upLast30days": 0, "downLast30days": 0, "downLast90days": {}}}, {"maxAge": 1, "period": "+5y", "endDate": null, "growth": 0.20899999, "earningsEstimate": {"avg": {}, "low": {}, "high": {}, "yearAgoEps": {}, "numberOfAnalysts": {}, "growth": {}}, "revenueEstimate": {"avg": {}, "low": {}, "high": {}, "numberOfAnalysts": {}, "yearAgoRevenue": {}, "growth": {}}, "epsTrend": {"current": {}, "7daysAgo": {}, "30daysAgo": {}, "60daysAgo": {}, "90daysAgo": {}}, "epsRevisions": {"upLast7days": {}, "upLast30days": {}, "downLast30days": {}, "downLast90days": {}}}, {"maxAge": 1, "period": "-5y", "endDate": null, "growth": {}, "earningsEstimate": {"avg": {}, "low": {}, "high": {}, "yearAgoEps": {}, "numberOfAnalysts": {}, "growth": {}}, "revenueEstimate": {"avg": {}, "low": {}, "high": {}, "numberOfAnalysts": {}, "yearAgoRevenue": {}, "growth": {}}, "epsTrend": {"current": {}, "7daysAgo": {}, "30daysAgo": {}, "60daysAgo": {}, "90daysAgo": {}}, "epsRevisions": {"upLast7days": {}, "upLast30days": {}, "downLast30days": {}, "downLast90days": {}}}], "maxAge": 1}, "financialData": {"maxAge": 86400, "currentPrice": 157.5, "targetHighPrice": 429.0, "targetLowPrice": 303.0, "targetMeanPrice": 361.43, "targetMedianPrice": 350.0, "recommendationKey": "none", "numberOfAnalystOpinions": 7, "grossProfits": 15193800000, "financialCurrency": "INR"}}}