{"DCM.NS": {"assetProfile": {"address1": "Plaza-Il, Central Square", "address2": "2nd Floor, Unit Nos. 2050 to 2052 20, Manohal Lal Khurana Marg Bara Hindu Rao", "city": "Delhi", "zip": "110006", "country": "India", "phone": "91 11 4153 9170", "fax": "91 11 2576 5214", "website": "http://www.dcm.in", "industry": "Metal Fabrication", "sector": "Industrials", "longBusinessSummary": "DCM Limited, together with its subsidiaries, primarily engages in the grey iron casting and real estate businesses in India and internationally. The company manufactures and supplies grey iron castings for automotive market, such as cars, multi-utility vehicles, tractors, light commercial vehicles, heavy commercial vehicles, and earth moving equipment; and develops a real estate site located at Bara Hindu Rao/Kishan Ganj, Delhi. It is also involved in the yarn manufacturing and IT infrastructure services. The company was formerly known as Delhi Cloth & General Mills Co. Limited and changed its name to DCM Limited in October 1983. DCM Limited was founded in 1889 and is based in Delhi, India.", "fullTimeEmployees": 1849, "companyOfficers": [{"maxAge": 1, "name": "Mr. Jitendra  Tuli", "age": 81, "title": "MD & Exec. Director", "yearBorn": 1939, "fiscalYear": 2020, "totalPay": 240000, "exercisedValue": 0, "unexercisedValue": 0}, {"maxAge": 1, "name": "Mr. Ashwani Kumar Singhal", "age": 64, "title": "Chief Financial Officer", "yearBorn": 1956, "fiscalYear": 2020, "totalPay": 6102400, "exercisedValue": 0, "unexercisedValue": 0}, {"maxAge": 1, "name": "Mr. Vimal Prasad Gupta", "title": "Company Sec. & Compliance Officer", "fiscalYear": 2020, "totalPay": 1904712, "exercisedValue": 0, "unexercisedValue": 0}, {"maxAge": 1, "name": "Mr. Ramendra  Agarwal", "age": 60, "title": "COO & Head of HR - IT Division", "yearBorn": 1960, "fiscalYear": 2018, "exercisedValue": 0, "unexercisedValue": 0}, {"maxAge": 1, "name": "Mr. Mukesh  Sharma", "title": "Assistant Company Sec. & Chief Compliance Officer", "fiscalYear": 2015, "exercisedValue": 0, "unexercisedValue": 0}], "compensationAsOfEpochDate": "2020-12-31 05:30:00", "maxAge": 86400}, "recommendationTrend": {"trend": [{"period": "0m", "strongBuy": 0, "buy": 0, "hold": 0, "sell": 0, "strongSell": 0}, {"period": "-1m", "strongBuy": 0, "buy": 0, "hold": 0, "sell": 0, "strongSell": 0}, {"period": "-2m", "strongBuy": 0, "buy": 0, "hold": 0, "sell": 0, "strongSell": 0}, {"period": "-3m", "strongBuy": 0, "buy": 0, "hold": 0, "sell": 0, "strongSell": 0}], "maxAge": 86400}, "cashflowStatementHistory": {"cashflowStatements": [{"maxAge": 1, "endDate": "2020-03-31", "netIncome": -293149000, "depreciation": 124395000, "changeToNetincome": -82422000, "changeToAccountReceivables": 221954000, "changeToLiabilities": -126509000, "changeToInventory": 285889000, "changeToOperatingActivities": 5946000, "totalCashFromOperatingActivities": 137994000, "capitalExpenditures": -5142000, "investments": 9859000, "otherCashflowsFromInvestingActivities": 3687000, "totalCashflowsFromInvestingActivities": 425634000, "netBorrowings": -455202000, "otherCashflowsFromFinancingActivities": -102075000, "totalCashFromFinancingActivities": -557277000, "changeInCash": -95231000}, {"maxAge": 1, "endDate": "2019-03-31", "netIncome": -2635000, "depreciation": 342280000, "changeToNetincome": 338467000, "changeToAccountReceivables": 192868000, "changeToLiabilities": -247211000, "changeToInventory": -32162000, "changeToOperatingActivities": 175107000, "totalCashFromOperatingActivities": 768819000, "capitalExpenditures": -90286000, "investments": 22666000, "otherCashflowsFromInvestingActivities": 27529000, "totalCashflowsFromInvestingActivities": -37676000, "netBorrowings": -399234000, "otherCashflowsFromFinancingActivities": -271661000, "totalCashFromFinancingActivities": -670895000, "effectOfExchangeRate": 1919000, "changeInCash": 62204000}, {"maxAge": 1, "endDate": "2018-03-31", "netIncome": -402408000, "depreciation": 359831000, "changeToNetincome": 295876000, "changeToAccountReceivables": -119689000, "changeToLiabilities": 660923000, "changeToInventory": -101894000, "changeToOperatingActivities": 184973000, "totalCashFromOperatingActivities": 880216000, "capitalExpenditures": -57054000, "investments": -11944000, "otherCashflowsFromInvestingActivities": 126251000, "totalCashflowsFromInvestingActivities": 58428000, "netBorrowings": -729092000, "otherCashflowsFromFinancingActivities": -262561000, "totalCashFromFinancingActivities": -991653000, "effectOfExchangeRate": -7000, "changeInCash": -53016000}, {"maxAge": 1, "endDate": "2017-03-31", "netIncome": -71157000, "depreciation": 360064000, "changeToNetincome": 284772000, "changeToAccountReceivables": 237340000, "changeToLiabilities": 49322000, "changeToInventory": -496056000, "changeToOperatingActivities": -101888000, "totalCashFromOperatingActivities": 266055000, "capitalExpenditures": -250867000, "investments": 94569000, "otherCashflowsFromInvestingActivities": 54486000, "totalCashflowsFromInvestingActivities": -101005000, "netBorrowings": 131522000, "otherCashflowsFromFinancingActivities": -284889000, "totalCashFromFinancingActivities": -153367000, "effectOfExchangeRate": -1641000, "changeInCash": 10042000}], "maxAge": 86400}, "indexTrend": {"maxAge": 1, "symbol": "SP5", "peRatio": 19.7411, "pegRatio": 1.34172, "estimates": [{"period": "0q", "growth": 0.549}, {"period": "+1q", "growth": 0.431}, {"period": "0y", "growth": 0.305}, {"period": "+1y", "growth": 0.109}, {"period": "+5y", "growth": 0.120865}, {"period": "-5y"}]}, "defaultKeyStatistics": {"maxAge": 1, "priceHint": 2, "enterpriseValue": 582683584, "profitMargins": -0.51698, "floatShares": 7459278, "sharesOutstanding": 18677700, "heldPercentInsiders": 0.55917, "heldPercentInstitutions": 0.060650002, "beta": 1.102786, "category": null, "bookValue": -7.696, "fundFamily": null, "legalType": null, "lastFiscalYearEnd": "2020-03-31 05:30:00", "nextFiscalYearEnd": "2022-03-31 05:30:00", "mostRecentQuarter": "2020-12-31 05:30:00", "netIncomeToCommon": -234048992, "trailingEps": -12.534, "lastSplitFactor": null, "enterpriseToRevenue": 1.287, "enterpriseToEbitda": -3.223}, "industryTrend": {"maxAge": 1, "symbol": null, "estimates": []}, "quoteType": {"exchange": "NSI", "quoteType": "EQUITY", "symbol": "DCM.NS", "underlyingSymbol": "DCM.NS", "shortName": "D.C.M", "longName": "DCM Limited", "firstTradeDateEpochUtc": "2002-07-01 09:15:00", "timeZoneFullName": "Asia/Kolkata", "timeZoneShortName": "IST", "uuid": "b5d920af-fbae-336b-a74f-4b29bef5ac56", "gmtOffSetMilliseconds": 19800000, "maxAge": 1}, "incomeStatementHistory": {"incomeStatementHistory": [{"maxAge": 1, "endDate": "2020-03-31", "totalRevenue": 1860923000, "costOfRevenue": 726785000, "grossProfit": 1134138000, "researchDevelopment": {}, "sellingGeneralAdministrative": 669919000, "nonRecurring": {}, "otherOperatingExpenses": 722915000, "totalOperatingExpenses": 2245904000, "operatingIncome": -384981000, "totalOtherIncomeExpenseNet": 110354000, "ebit": -384981000, "interestExpense": -104403000, "incomeBeforeTax": -274627000, "incomeTaxExpense": 18522000, "minorityInterest": {}, "netIncomeFromContinuingOps": -293149000, "discontinuedOperations": {}, "extraordinaryItems": {}, "effectOfAccountingCharges": {}, "otherItems": {}, "netIncome": -293149000, "netIncomeApplicableToCommonShares": -293149000}, {"maxAge": 1, "endDate": "2019-03-31", "totalRevenue": 4325445000, "costOfRevenue": 1560001000, "grossProfit": 2765444000, "researchDevelopment": {}, "sellingGeneralAdministrative": 1067160000, "nonRecurring": {}, "otherOperatingExpenses": 1863544000, "totalOperatingExpenses": 4665017000, "operatingIncome": -339572000, "totalOtherIncomeExpenseNet": -119041000, "ebit": -339572000, "interestExpense": -101722000, "incomeBeforeTax": -458613000, "incomeTaxExpense": 48000, "minorityInterest": {}, "netIncomeFromContinuingOps": -458661000, "discontinuedOperations": 456026000, "extraordinaryItems": {}, "effectOfAccountingCharges": {}, "otherItems": {}, "netIncome": -2635000, "netIncomeApplicableToCommonShares": -2635000}, {"maxAge": 1, "endDate": "2018-03-31", "totalRevenue": 9593272000, "costOfRevenue": 5567377000, "grossProfit": 4025895000, "researchDevelopment": {}, "sellingGeneralAdministrative": 1333649000, "nonRecurring": {}, "otherOperatingExpenses": 2511706000, "totalOperatingExpenses": 9775167000, "operatingIncome": -181895000, "totalOtherIncomeExpenseNet": -220554000, "ebit": -181895000, "interestExpense": -222653000, "incomeBeforeTax": -402449000, "incomeTaxExpense": -41000, "minorityInterest": {}, "netIncomeFromContinuingOps": -402408000, "discontinuedOperations": 456026000, "extraordinaryItems": {}, "effectOfAccountingCharges": {}, "otherItems": {}, "netIncome": -402408000, "netIncomeApplicableToCommonShares": -402408000}, {"maxAge": 1, "endDate": "2017-03-31", "totalRevenue": 9506539000, "costOfRevenue": 5095942000, "grossProfit": 4410597000, "researchDevelopment": {}, "sellingGeneralAdministrative": 1377336000, "nonRecurring": {}, "otherOperatingExpenses": 2548311000, "totalOperatingExpenses": 9385311000, "operatingIncome": 121228000, "totalOtherIncomeExpenseNet": -190926000, "ebit": 121228000, "interestExpense": -257276000, "incomeBeforeTax": -69698000, "incomeTaxExpense": 1459000, "minorityInterest": {}, "netIncomeFromContinuingOps": -71157000, "discontinuedOperations": 456026000, "extraordinaryItems": {}, "effectOfAccountingCharges": {}, "otherItems": {}, "netIncome": -71157000, "netIncomeApplicableToCommonShares": -71157000}], "maxAge": 86400}, "fundOwnership": {"ownershipList": [], "maxAge": 1}, "summaryDetail": {"maxAge": 1, "priceHint": 2, "previousClose": 24.35, "open": 25.85, "dayLow": 23.25, "dayHigh": 25.85, "regularMarketPreviousClose": 24.35, "regularMarketOpen": 25.85, "regularMarketDayLow": 23.25, "regularMarketDayHigh": 25.85, "exDividendDate": "2015-11-20 05:30:00", "payoutRatio": 0.0, "beta": 1.102786, "volume": 20213, "regularMarketVolume": 20213, "averageVolume": 37490, "averageVolume10days": 13862, "averageDailyVolume10Day": 13862, "bid": 0.0, "ask": 0.0, "bidSize": 0, "askSize": 0, "marketCap": 481259616, "fiftyTwoWeekLow": 13.65, "fiftyTwoWeekHigh": 40.8, "priceToSalesTrailing12Months": 1.0630332, "fiftyDayAverage": 26.363636, "twoHundredDayAverage": 24.131786, "trailingAnnualDividendRate": 0.0, "trailingAnnualDividendYield": 0.0, "currency": "INR", "fromCurrency": null, "lastMarket": null, "algorithm": null, "tradeable": false}, "insiderHolders": {"holders": [{"maxAge": 1, "name": "Aggresar Leasing & Finance Pvt Ltd", "relation": "Promoter", "url": "", "transactionDescription": "Other", "latestTransDate": "2017-03-23", "positionDirect": 0, "positionDirectDate": "2017-03-23"}, {"maxAge": 1, "name": "Betterways Finance & Leasing Pvt Ltd", "relation": "Promoter", "url": "", "transactionDescription": "Acquisition", "latestTransDate": "2011-09-13", "positionDirect": 1606139, "positionDirectDate": "2011-09-13"}, {"maxAge": 1, "name": "Crescita Enterprises Pvt. Ltd.", "relation": "Institution- Corporation", "url": "", "transactionDescription": "Other", "latestTransDate": "2017-03-23", "positionDirect": 9030495, "positionDirectDate": "2017-03-23"}, {"maxAge": 1, "name": "Midopa Holding Pvt Ltd", "relation": "Promoter", "url": "", "transactionDescription": "Other", "latestTransDate": "2016-05-30", "positionDirect": 895480, "positionDirectDate": "2016-05-30"}, {"maxAge": 1, "name": "Ram (Amina Bharat)", "relation": "UNREPORTED", "url": "", "transactionDescription": "Sale", "latestTransDate": "2010-11-12", "positionDirect": 0, "positionDirectDate": "2010-11-12"}, {"maxAge": 1, "name": "Ram (Hemant Bharat)", "relation": "Chief Operating Officer", "url": "", "transactionDescription": "Sale", "latestTransDate": "2010-08-16", "positionDirect": 0, "positionDirectDate": "2010-08-16"}, {"maxAge": 1, "name": "Ram (Panna Bharat)", "relation": "UNREPORTED", "url": "", "transactionDescription": "Sale", "latestTransDate": "2010-08-16", "positionDirect": 7912, "positionDirectDate": "2010-08-16"}, {"maxAge": 1, "name": "Ram (Rahil Bharat)", "relation": "UNREPORTED", "url": "", "transactionDescription": "Acquisition", "latestTransDate": "2011-08-29", "positionDirect": 4852, "positionDirectDate": "2011-08-29"}, {"maxAge": 1, "name": "Ram (Sumant Bharat)", "relation": "Promoter", "url": "", "transactionDescription": "Other", "latestTransDate": "2020-02-28", "positionDirect": 9056932, "positionDirectDate": "2020-02-28"}, {"maxAge": 1, "name": "Ram (Yuv Bharat)", "relation": "UNREPORTED", "url": "", "transactionDescription": "Acquisition", "latestTransDate": "2011-08-29", "positionDirect": 4800, "positionDirectDate": "2011-08-29"}], "maxAge": 1}, "calendarEvents": {"maxAge": 1, "earnings": {"earningsDate": []}, "exDividendDate": "2015-11-20 05:30:00"}, "upgradeDowngradeHistory": {"history": [], "maxAge": 86400}, "price": {"maxAge": 1, "regularMarketChangePercent": 0.041067764, "regularMarketChange": 1.0, "regularMarketTime": "2021-04-30 15:30:00", "priceHint": 2, "regularMarketPrice": 25.35, "regularMarketDayHigh": 25.85, "regularMarketDayLow": 23.25, "regularMarketVolume": 20213, "averageDailyVolume10Day": 13862, "averageDailyVolume3Month": 37490, "regularMarketPreviousClose": 24.35, "regularMarketSource": "FREE_REALTIME", "regularMarketOpen": 25.85, "exchange": "NSI", "exchangeName": "NSE", "exchangeDataDelayedBy": 15, "marketState": "CLOSED", "quoteType": "EQUITY", "symbol": "DCM.NS", "underlyingSymbol": null, "shortName": "D.C.M", "longName": "DCM Limited", "currency": "INR", "quoteSourceName": "Delayed Quote", "currencySymbol": "\u20b9", "fromCurrency": null, "lastMarket": null, "marketCap": 481259616}, "balanceSheetHistory": {"balanceSheetStatements": [{"maxAge": 1, "endDate": "2020-03-31", "cash": 48602000, "shortTermInvestments": 5745000, "netReceivables": 127151000, "inventory": 135059000, "otherCurrentAssets": 36723000, "totalCurrentAssets": 359642000, "longTermInvestments": 74750000, "propertyPlantEquipment": 613132000, "intangibleAssets": 3368000, "otherAssets": 171246000, "deferredLongTermAssetCharges": 873000, "totalAssets": 1222138000, "accountsPayable": 567462000, "shortLongTermDebt": 53855000, "otherCurrentLiab": 49511000, "longTermDebt": 10197000, "otherLiab": 153302000, "deferredLongTermLiab": 274000, "totalCurrentLiabilities": 1065410000, "totalLiab": 1241637000, "commonStock": 186777000, "retainedEarnings": -358035000, "treasuryStock": 45640000, "capitalSurplus": 106119000, "otherStockholderEquity": 45640000, "totalStockholderEquity": -19499000, "netTangibleAssets": -22867000}, {"maxAge": 1, "endDate": "2019-03-31", "cash": 140922000, "shortTermInvestments": 12780000, "netReceivables": 1048495000, "inventory": 2115367000, "otherCurrentAssets": 146573000, "totalCurrentAssets": 3481886000, "longTermInvestments": 120429000, "propertyPlantEquipment": 1730771000, "intangibleAssets": 3939000, "otherAssets": 373571000, "deferredLongTermAssetCharges": 42000, "totalAssets": 5710596000, "accountsPayable": 801126000, "shortLongTermDebt": 370914000, "otherCurrentLiab": 92157000, "longTermDebt": 599400000, "otherLiab": 258690000, "deferredLongTermLiab": 1017000, "totalCurrentLiabilities": 3086073000, "totalLiab": 3944163000, "commonStock": 186746000, "retainedEarnings": 801458000, "treasuryStock": 41529000, "capitalSurplus": 736700000, "otherStockholderEquity": 41529000, "totalStockholderEquity": 1766433000, "netTangibleAssets": 1762494000}, {"maxAge": 1, "endDate": "2018-03-31", "cash": 77260000, "shortTermInvestments": 28166000, "netReceivables": 1295152000, "inventory": 2112494000, "otherCurrentAssets": 205800000, "totalCurrentAssets": 3737753000, "longTermInvestments": 142053000, "propertyPlantEquipment": 1983135000, "intangibleAssets": 5832000, "otherAssets": 404857000, "deferredLongTermAssetCharges": 42000, "totalAssets": 6273630000, "accountsPayable": 1050597000, "shortLongTermDebt": 261552000, "otherCurrentLiab": 68019000, "longTermDebt": 934914000, "otherLiab": 259147000, "deferredLongTermLiab": 70000, "totalCurrentLiabilities": 3313360000, "totalLiab": 4507421000, "commonStock": 186746000, "retainedEarnings": 805726000, "treasuryStock": 37037000, "capitalSurplus": 736700000, "otherStockholderEquity": 37037000, "totalStockholderEquity": 1766209000, "netTangibleAssets": 1760377000}, {"maxAge": 1, "endDate": "2017-03-31", "cash": 130271000, "shortTermInvestments": 21133000, "netReceivables": 1157775000, "inventory": 2010600000, "otherCurrentAssets": 336291000, "totalCurrentAssets": 3671427000, "longTermInvestments": 188424000, "propertyPlantEquipment": 2319543000, "intangibleAssets": 6493000, "otherAssets": 523660000, "deferredLongTermAssetCharges": 42000, "totalAssets": 6709547000, "accountsPayable": 392583000, "shortLongTermDebt": 255750000, "otherCurrentLiab": 87626000, "longTermDebt": 1120432000, "otherLiab": 270697000, "deferredLongTermLiab": 217000, "totalCurrentLiabilities": 3154477000, "totalLiab": 4545606000, "commonStock": 186746000, "retainedEarnings": 1203293000, "treasuryStock": 37202000, "capitalSurplus": 736700000, "otherStockholderEquity": 37202000, "totalStockholderEquity": 2163941000, "netTangibleAssets": 2157448000}], "maxAge": 86400}, "earningsTrend": {"trend": [{"maxAge": 1, "period": "0q", "endDate": null, "growth": {}, "earningsEstimate": {"avg": 0.0, "low": 0.0, "high": 0.0, "yearAgoEps": {}, "numberOfAnalysts": 0, "growth": {}}, "revenueEstimate": {"avg": 0, "low": 0, "high": 0, "numberOfAnalysts": 0, "yearAgoRevenue": {}, "growth": {}}, "epsTrend": {"current": 0.0, "7daysAgo": 0.0, "30daysAgo": 0.0, "60daysAgo": 0.0, "90daysAgo": 0.0}, "epsRevisions": {"upLast7days": 0, "upLast30days": 0, "downLast30days": 0, "downLast90days": {}}}, {"maxAge": 1, "period": "+1q", "endDate": null, "growth": {}, "earningsEstimate": {"avg": 0.0, "low": 0.0, "high": 0.0, "yearAgoEps": {}, "numberOfAnalysts": 0, "growth": {}}, "revenueEstimate": {"avg": 0, "low": 0, "high": 0, "numberOfAnalysts": 0, "yearAgoRevenue": {}, "growth": {}}, "epsTrend": {"current": 0.0, "7daysAgo": 0.0, "30daysAgo": 0.0, "60daysAgo": 0.0, "90daysAgo": 0.0}, "epsRevisions": {"upLast7days": 0, "upLast30days": 0, "downLast30days": 0, "downLast90days": {}}}, {"maxAge": 1, "period": "0y", "endDate": null, "growth": {}, "earningsEstimate": {"avg": 0.0, "low": 0.0, "high": 0.0, "yearAgoEps": {}, "numberOfAnalysts": 0, "growth": {}}, "revenueEstimate": {"avg": 0, "low": 0, "high": 0, "numberOfAnalysts": 0, "yearAgoRevenue": {}, "growth": {}}, "epsTrend": {"current": 0.0, "7daysAgo": 0.0, "30daysAgo": 0.0, "60daysAgo": 0.0, "90daysAgo": 0.0}, "epsRevisions": {"upLast7days": 0, "upLast30days": 0, "downLast30days": 0, "downLast90days": {}}}, {"maxAge": 1, "period": "+1y", "endDate": null, "growth": {}, "earningsEstimate": {"avg": 0.0, "low": 0.0, "high": 0.0, "yearAgoEps": {}, "numberOfAnalysts": 0, "growth": {}}, "revenueEstimate": {"avg": 0, "low": 0, "high": 0, "numberOfAnalysts": 0, "yearAgoRevenue": {}, "growth": {}}, "epsTrend": {"current": 0.0, "7daysAgo": 0.0, "30daysAgo": 0.0, "60daysAgo": 0.0, "90daysAgo": 0.0}, "epsRevisions": {"upLast7days": 0, "upLast30days": 0, "downLast30days": 0, "downLast90days": {}}}, {"maxAge": 1, "period": "+5y", "endDate": null, "growth": {}, "earningsEstimate": {"avg": {}, "low": {}, "high": {}, "yearAgoEps": {}, "numberOfAnalysts": {}, "growth": {}}, "revenueEstimate": {"avg": {}, "low": {}, "high": {}, "numberOfAnalysts": {}, "yearAgoRevenue": {}, "growth": {}}, "epsTrend": {"current": {}, "7daysAgo": {}, "30daysAgo": {}, "60daysAgo": {}, "90daysAgo": {}}, "epsRevisions": {"upLast7days": {}, "upLast30days": {}, "downLast30days": {}, "downLast90days": {}}}, {"maxAge": 1, "period": "-5y", "endDate": null, "growth": 0.23858, "earningsEstimate": {"avg": {}, "low": {}, "high": {}, "yearAgoEps": {}, "numberOfAnalysts": {}, "growth": {}}, "revenueEstimate": {"avg": {}, "low": {}, "high": {}, "numberOfAnalysts": {}, "yearAgoRevenue": {}, "growth": {}}, "epsTrend": {"current": {}, "7daysAgo": {}, "30daysAgo": {}, "60daysAgo": {}, "90daysAgo": {}}, "epsRevisions": {"upLast7days": {}, "upLast30days": {}, "downLast30days": {}, "downLast90days": {}}}], "maxAge": 1}, "institutionOwnership": {"ownershipList": [], "maxAge": 1}, "majorHoldersBreakdown": {"maxAge": 1, "insidersPercentHeld": 0.55917, "institutionsPercentHeld": 0.060650002, "institutionsFloatPercentHeld": 0.13758999, "institutionsCount": 1}, "balanceSheetHistoryQuarterly": {"balanceSheetStatements": [{"maxAge": 1, "endDate": "2020-12-31", "totalStockholderEquity": -143600000, "netTangibleAssets": -146100000}, {"maxAge": 1, "endDate": "2020-09-30", "cash": 96800000, "shortTermInvestments": 24200000, "netReceivables": 78000000, "inventory": 134500000, "otherCurrentAssets": 38800000, "totalCurrentAssets": 372300000, "longTermInvestments": 54400000, "propertyPlantEquipment": 564900000, "intangibleAssets": 2500000, "otherAssets": 148900000, "deferredLongTermAssetCharges": 1500000, "totalAssets": 1143000000, "accountsPayable": 590600000, "otherCurrentLiab": 276000000, "longTermDebt": 10600000, "otherLiab": 154400000, "totalCurrentLiabilities": 1121600000, "totalLiab": 1286600000, "commonStock": 186800000, "treasuryStock": -330400000, "otherStockholderEquity": -330400000, "totalStockholderEquity": -143600000, "netTangibleAssets": -146100000}, {"maxAge": 1, "endDate": "2020-06-30", "totalStockholderEquity": -19500000, "netTangibleAssets": -22900000}, {"maxAge": 1, "endDate": "2020-03-31", "cash": 48602000, "shortTermInvestments": 5745000, "netReceivables": 127151000, "inventory": 135059000, "otherCurrentAssets": 36723000, "totalCurrentAssets": 359642000, "longTermInvestments": 74750000, "propertyPlantEquipment": 613132000, "intangibleAssets": 3368000, "otherAssets": 171246000, "deferredLongTermAssetCharges": 873000, "totalAssets": 1222138000, "accountsPayable": 567462000, "shortLongTermDebt": 53855000, "otherCurrentLiab": 49511000, "longTermDebt": 10197000, "otherLiab": 153302000, "deferredLongTermLiab": 274000, "totalCurrentLiabilities": 1065410000, "totalLiab": 1241637000, "commonStock": 186777000, "retainedEarnings": -358035000, "treasuryStock": 45640000, "capitalSurplus": 106119000, "otherStockholderEquity": 45640000, "totalStockholderEquity": -19499000, "netTangibleAssets": -22867000}], "maxAge": 86400}, "earningsHistory": {"history": [{"maxAge": 1, "epsActual": {}, "epsEstimate": {}, "epsDifference": {}, "surprisePercent": {}, "quarter": {}, "period": "-4q"}, {"maxAge": 1, "epsActual": {}, "epsEstimate": {}, "epsDifference": {}, "surprisePercent": {}, "quarter": {}, "period": "-3q"}, {"maxAge": 1, "epsActual": {}, "epsEstimate": {}, "epsDifference": {}, "surprisePercent": {}, "quarter": {}, "period": "-2q"}, {"maxAge": 1, "epsActual": {}, "epsEstimate": {}, "epsDifference": {}, "surprisePercent": {}, "quarter": {}, "period": "-1q"}], "maxAge": 86400}, "summaryProfile": {"address1": "Plaza-Il, Central Square", "address2": "2nd Floor, Unit Nos. 2050 to 2052 20, Manohal Lal Khurana Marg Bara Hindu Rao", "city": "Delhi", "zip": "110006", "country": "India", "phone": "91 11 4153 9170", "fax": "91 11 2576 5214", "website": "http://www.dcm.in", "industry": "Metal Fabrication", "sector": "Industrials", "longBusinessSummary": "DCM Limited, together with its subsidiaries, primarily engages in the grey iron casting and real estate businesses in India and internationally. The company manufactures and supplies grey iron castings for automotive market, such as cars, multi-utility vehicles, tractors, light commercial vehicles, heavy commercial vehicles, and earth moving equipment; and develops a real estate site located at Bara Hindu Rao/Kishan Ganj, Delhi. It is also involved in the yarn manufacturing and IT infrastructure services. The company was formerly known as Delhi Cloth & General Mills Co. Limited and changed its name to DCM Limited in October 1983. DCM Limited was founded in 1889 and is based in Delhi, India.", "fullTimeEmployees": 1849, "companyOfficers": [], "maxAge": 86400}, "netSharePurchaseActivity": {"maxAge": 1, "period": "6m", "buyInfoCount": 0, "buyInfoShares": 0, "sellInfoCount": 0, "netInfoCount": 0, "netInfoShares": 0, "netPercentInsiderShares": 0.0, "totalInsiderShares": 10438994}, "insiderTransactions": {"transactions": [{"maxAge": 1, "shares": 5700000, "filerUrl": "", "transactionText": "", "filerName": "Ram (Sumant Bharat)", "filerRelation": "Promoter", "moneyText": "", "startDate": "2020-02-28", "ownership": "D"}, {"maxAge": 1, "shares": 3343126, "filerUrl": "", "transactionText": "", "filerName": "Ram (Sumant Bharat)", "filerRelation": "Promoter", "moneyText": "", "startDate": "2019-12-19", "ownership": "D"}, {"maxAge": 1, "shares": 3806, "filerUrl": "", "transactionText": "", "filerName": "Ram (Sumant Bharat)", "filerRelation": "Chief Executive Officer", "moneyText": "", "startDate": "2019-02-11", "ownership": "D"}, {"maxAge": 1, "shares": 9030495, "filerUrl": "", "transactionText": "", "filerName": "Aggresar Leasing & Finance Pvt Ltd", "filerRelation": "Promoter", "moneyText": "", "startDate": "2017-03-23", "ownership": "D"}, {"maxAge": 1, "shares": 9030495, "filerUrl": "", "transactionText": "", "filerName": "Crescita Enterprises Pvt. Ltd.", "filerRelation": "Institution- Corporation", "moneyText": "", "startDate": "2017-03-23", "ownership": "D"}, {"maxAge": 1, "shares": 918065, "filerUrl": "", "transactionText": "", "filerName": "Aggresar Leasing & Finance Pvt Ltd", "filerRelation": "Promoter", "moneyText": "", "startDate": "2016-05-30", "ownership": "D"}, {"maxAge": 1, "shares": 363637, "filerUrl": "", "transactionText": "", "filerName": "Midopa Holding Pvt Ltd", "filerRelation": "Promoter", "moneyText": "", "startDate": "2016-05-30", "ownership": "D"}, {"maxAge": 1, "shares": 10000, "filerUrl": "", "transactionText": "", "filerName": "Ram (Sumant Bharat)", "filerRelation": "Chief Operating Officer", "moneyText": "", "startDate": "2011-12-22", "ownership": "D"}, {"maxAge": 1, "shares": 16996, "filerUrl": "", "transactionText": "", "filerName": "Betterways Finance & Leasing Pvt Ltd", "filerRelation": "Promoter", "moneyText": "", "startDate": "2011-09-13", "ownership": "D"}, {"maxAge": 1, "shares": 21717, "filerUrl": "", "transactionText": "", "filerName": "Betterways Finance & Leasing Pvt Ltd", "filerRelation": "Promoter", "moneyText": "", "startDate": "2011-09-13", "ownership": "D"}, {"maxAge": 1, "shares": 34501, "filerUrl": "", "transactionText": "", "filerName": "Betterways Finance & Leasing Pvt Ltd", "filerRelation": "Promoter", "moneyText": "", "startDate": "2011-08-30", "ownership": "D"}, {"maxAge": 1, "shares": 1300, "filerUrl": "", "transactionText": "", "filerName": "Ram (Yuv Bharat)", "filerRelation": "UNREPORTED", "moneyText": "", "startDate": "2011-08-29", "ownership": "D"}, {"maxAge": 1, "shares": 12025, "filerUrl": "", "transactionText": "", "filerName": "Betterways Finance & Leasing Pvt Ltd", "filerRelation": "Promoter", "moneyText": "", "startDate": "2011-08-29", "ownership": "D"}, {"maxAge": 1, "shares": 12163, "filerUrl": "", "transactionText": "", "filerName": "Betterways Finance & Leasing Pvt Ltd", "filerRelation": "Promoter", "moneyText": "", "startDate": "2011-08-29", "ownership": "D"}, {"maxAge": 1, "shares": 1700, "filerUrl": "", "transactionText": "", "filerName": "Ram (Rahil Bharat)", "filerRelation": "UNREPORTED", "moneyText": "", "startDate": "2011-08-29", "ownership": "D"}, {"maxAge": 1, "shares": 1500, "filerUrl": "", "transactionText": "", "filerName": "Ram (Rahil Bharat)", "filerRelation": "UNREPORTED", "moneyText": "", "startDate": "2011-08-26", "ownership": "D"}, {"maxAge": 1, "shares": 2000, "filerUrl": "", "transactionText": "", "filerName": "Ram (Yuv Bharat)", "filerRelation": "UNREPORTED", "moneyText": "", "startDate": "2011-08-26", "ownership": "D"}, {"maxAge": 1, "shares": 500, "filerUrl": "", "transactionText": "", "filerName": "Ram (Rahil Bharat)", "filerRelation": "UNREPORTED", "moneyText": "", "startDate": "2011-08-25", "ownership": "D"}, {"maxAge": 1, "shares": 500, "filerUrl": "", "transactionText": "", "filerName": "Ram (Rahil Bharat)", "filerRelation": "UNREPORTED", "moneyText": "", "startDate": "2011-08-25", "ownership": "D"}, {"maxAge": 1, "shares": 500, "filerUrl": "", "transactionText": "", "filerName": "Ram (Yuv Bharat)", "filerRelation": "UNREPORTED", "moneyText": "", "startDate": "2011-08-25", "ownership": "D"}, {"maxAge": 1, "shares": 16400, "filerUrl": "", "transactionText": "", "filerName": "Betterways Finance & Leasing Pvt Ltd", "filerRelation": "Promoter", "moneyText": "", "startDate": "2011-08-24", "ownership": "D"}, {"maxAge": 1, "shares": 652, "filerUrl": "", "transactionText": "", "filerName": "Ram (Rahil Bharat)", "filerRelation": "UNREPORTED", "moneyText": "", "startDate": "2011-08-24", "ownership": "D"}, {"maxAge": 1, "shares": 59151, "filerUrl": "", "transactionText": "", "filerName": "Aggresar Leasing & Finance Pvt Ltd", "filerRelation": "Institution- Corporation", "moneyText": "", "startDate": "2010-11-15", "ownership": "D"}, {"maxAge": 1, "shares": 17000, "filerUrl": "", "transactionText": "", "filerName": "Aggresar Leasing & Finance Pvt Ltd", "filerRelation": "Institution- Corporation", "moneyText": "", "startDate": "2010-11-15", "ownership": "D"}, {"maxAge": 1, "shares": 140, "filerUrl": "", "transactionText": "", "filerName": "Ram (Sumant Bharat)", "filerRelation": "President", "moneyText": "", "startDate": "2010-11-12", "ownership": "D"}, {"maxAge": 1, "shares": 92150, "filerUrl": "", "transactionText": "", "filerName": "Aggresar Leasing & Finance Pvt Ltd", "filerRelation": "Institution- Corporation", "moneyText": "", "startDate": "2010-11-12", "ownership": "D"}, {"maxAge": 1, "shares": 23150, "filerUrl": "", "transactionText": "", "filerName": "Aggresar Leasing & Finance Pvt Ltd", "filerRelation": "Institution- Corporation", "moneyText": "", "startDate": "2010-11-12", "ownership": "D"}, {"maxAge": 1, "shares": 7500, "filerUrl": "", "transactionText": "", "filerName": "Ram (Amina Bharat)", "filerRelation": "UNREPORTED", "moneyText": "", "startDate": "2010-11-12", "ownership": "D"}, {"maxAge": 1, "shares": 63000, "filerUrl": "", "transactionText": "", "filerName": "Aggresar Leasing & Finance Pvt Ltd", "filerRelation": "Institution- Corporation", "moneyText": "", "startDate": "2010-11-11", "ownership": "D"}, {"maxAge": 1, "shares": 2500, "filerUrl": "", "transactionText": "", "filerName": "Ram (Rahil Bharat)", "filerRelation": "UNREPORTED", "moneyText": "", "startDate": "2010-08-23", "ownership": "D"}, {"maxAge": 1, "shares": 3000, "filerUrl": "", "transactionText": "", "filerName": "Ram (Hemant Bharat)", "filerRelation": "Chief Operating Officer", "moneyText": "", "startDate": "2010-08-16", "ownership": "D"}, {"maxAge": 1, "shares": 1000, "filerUrl": "", "transactionText": "", "filerName": "Ram (Panna Bharat)", "filerRelation": "UNREPORTED", "moneyText": "", "startDate": "2010-08-16", "ownership": "D"}, {"maxAge": 1, "shares": 2500, "filerUrl": "", "transactionText": "", "filerName": "Ram (Yuv Bharat)", "filerRelation": "UNREPORTED", "moneyText": "", "startDate": "2010-08-13", "ownership": "D"}, {"maxAge": 1, "shares": 17000, "filerUrl": "", "transactionText": "", "filerName": "Ram (Sumant Bharat)", "filerRelation": "President", "moneyText": "", "startDate": "2010-08-13", "ownership": "D"}, {"maxAge": 1, "shares": 580, "filerUrl": "", "transactionText": "", "filerName": "Aggresar Leasing & Finance Pvt Ltd", "filerRelation": "Institution- Corporation", "moneyText": "", "startDate": "2009-11-27", "ownership": "D"}, {"maxAge": 1, "shares": 2500, "filerUrl": "", "transactionText": "", "filerName": "Aggresar Leasing & Finance Pvt Ltd", "filerRelation": "Institution- Corporation", "moneyText": "", "startDate": "2009-11-27", "ownership": "D"}], "maxAge": 1}, "sectorTrend": {"maxAge": 1, "symbol": null, "estimates": []}, "incomeStatementHistoryQuarterly": {"incomeStatementHistory": [{"maxAge": 1, "endDate": "2020-12-31", "totalRevenue": 123100000, "costOfRevenue": 0, "grossProfit": 123100000, "researchDevelopment": {}, "sellingGeneralAdministrative": 89900000, "nonRecurring": {}, "otherOperatingExpenses": 34800000, "totalOperatingExpenses": 147600000, "operatingIncome": -24500000, "totalOtherIncomeExpenseNet": -33200000, "ebit": -24500000, "interestExpense": -22300000, "incomeBeforeTax": -57700000, "incomeTaxExpense": 2600000, "minorityInterest": {}, "netIncomeFromContinuingOps": -60300000, "discontinuedOperations": {}, "extraordinaryItems": {}, "effectOfAccountingCharges": {}, "otherItems": {}, "netIncome": -60300000, "netIncomeApplicableToCommonShares": -60300000}, {"maxAge": 1, "endDate": "2020-09-30", "totalRevenue": 101000000, "costOfRevenue": 100000, "grossProfit": 100900000, "researchDevelopment": {}, "sellingGeneralAdministrative": 74100000, "nonRecurring": {}, "otherOperatingExpenses": 31500000, "totalOperatingExpenses": 128700000, "operatingIncome": -27700000, "totalOtherIncomeExpenseNet": -29700000, "ebit": -27700000, "interestExpense": -21800000, "incomeBeforeTax": -57400000, "incomeTaxExpense": 1000000, "minorityInterest": {}, "netIncomeFromContinuingOps": -58400000, "discontinuedOperations": {}, "extraordinaryItems": {}, "effectOfAccountingCharges": {}, "otherItems": {}, "netIncome": -58400000, "netIncomeApplicableToCommonShares": -58400000}, {"maxAge": 1, "endDate": "2020-06-30", "totalRevenue": 111800000, "costOfRevenue": -400000, "grossProfit": 112200000, "researchDevelopment": {}, "sellingGeneralAdministrative": 81100000, "nonRecurring": {}, "otherOperatingExpenses": 39000000, "totalOperatingExpenses": 143400000, "operatingIncome": -31600000, "totalOtherIncomeExpenseNet": -28800000, "ebit": -31600000, "interestExpense": -20400000, "incomeBeforeTax": -60400000, "incomeTaxExpense": 2600000, "minorityInterest": {}, "netIncomeFromContinuingOps": -63000000, "discontinuedOperations": {}, "extraordinaryItems": {}, "effectOfAccountingCharges": {}, "otherItems": {}, "netIncome": -63000000, "netIncomeApplicableToCommonShares": -63000000}, {"maxAge": 1, "endDate": "2020-03-31", "totalRevenue": 116823000, "costOfRevenue": 50985000, "grossProfit": 65838000, "researchDevelopment": {}, "sellingGeneralAdministrative": 89219000, "nonRecurring": {}, "otherOperatingExpenses": -2385000, "totalOperatingExpenses": 161704000, "operatingIncome": -44881000, "totalOtherIncomeExpenseNet": -4546000, "ebit": -44881000, "interestExpense": -14303000, "incomeBeforeTax": -49427000, "incomeTaxExpense": 2922000, "minorityInterest": {}, "netIncomeFromContinuingOps": -52349000, "discontinuedOperations": {}, "extraordinaryItems": {}, "effectOfAccountingCharges": {}, "otherItems": {}, "netIncome": -52349000, "netIncomeApplicableToCommonShares": -52349000}], "maxAge": 86400}, "cashflowStatementHistoryQuarterly": {"cashflowStatements": [{"maxAge": 1, "endDate": "2020-12-31", "netIncome": -60300000, "changeToLiabilities": 0}, {"maxAge": 1, "endDate": "2020-09-30", "netIncome": -58400000, "changeToLiabilities": 0}, {"maxAge": 1, "endDate": "2020-06-30", "netIncome": -63000000, "changeToLiabilities": 0}, {"maxAge": 1, "endDate": "2020-03-31", "netIncome": -52349000, "changeToLiabilities": 0}], "maxAge": 86400}, "earnings": {"maxAge": 86400, "earningsChart": {"quarterly": [], "earningsDate": []}, "financialsChart": {"yearly": [{"date": 2017, "revenue": 9506539000, "earnings": -71157000}, {"date": 2018, "revenue": 9593272000, "earnings": -402408000}, {"date": 2019, "revenue": 4325445000, "earnings": -2635000}, {"date": 2020, "revenue": 1860923000, "earnings": -293149000}], "quarterly": [{"date": "1Q2020", "revenue": 116823000, "earnings": -52349000}, {"date": "2Q2020", "revenue": 111800000, "earnings": -63000000}, {"date": "3Q2020", "revenue": 101000000, "earnings": -58400000}, {"date": "4Q2020", "revenue": 123100000, "earnings": -60300000}]}, "financialCurrency": "INR"}, "financialData": {"maxAge": 86400, "currentPrice": 25.35, "targetHighPrice": 105.0, "targetLowPrice": 105.0, "targetMeanPrice": 105.0, "targetMedianPrice": 105.0, "recommendationKey": "none", "numberOfAnalystOpinions": 1, "totalCash": 121000000, "totalCashPerShare": 6.481, "ebitda": -180772256, "totalDebt": 249100000, "totalRevenue": 452723008, "revenuePerShare": 24.245, "grossProfits": 1134138000, "revenueGrowth": -0.107, "grossMargins": 0.88804, "ebitdaMargins": -0.3993, "operatingMargins": -0.28424, "profitMargins": -0.51698, "financialCurrency": "INR"}}}