{"DCMFINSERV.BO": {"cashflowStatementHistory": {"cashflowStatements": [{"maxAge": 1, "endDate": "2020-03-31", "netIncome": -3155000, "depreciation": 2941782, "changeToNetincome": -16861267, "changeToLiabilities": 0, "changeToOperatingActivities": -10023670, "totalCashFromOperatingActivities": -27098155, "capitalExpenditures": -37100, "investments": 109765142, "otherCashflowsFromInvestingActivities": 18118165, "totalCashflowsFromInvestingActivities": 127846207, "netBorrowings": -99521517, "otherCashflowsFromFinancingActivities": 2, "totalCashFromFinancingActivities": -99521515, "changeInCash": 1226537}, {"maxAge": 1, "endDate": "2019-03-31", "netIncome": -9556853, "depreciation": 3199362, "changeToNetincome": -13481866, "changeToLiabilities": 0, "changeToOperatingActivities": 18691406, "totalCashFromOperatingActivities": -1147951, "capitalExpenditures": -7000, "investments": 27604765, "otherCashflowsFromInvestingActivities": 20912349, "totalCashflowsFromInvestingActivities": 48510114, "netBorrowings": -56440984, "otherCashflowsFromFinancingActivities": 2, "totalCashFromFinancingActivities": -56440984, "changeInCash": -9078821}, {"maxAge": 1, "endDate": "2018-03-31", "netIncome": 1062851, "depreciation": 3203955, "changeToNetincome": -27893664, "changeToLiabilities": 0, "changeToOperatingActivities": 9230504, "totalCashFromOperatingActivities": -4505463, "capitalExpenditures": -13000, "investments": 132715911, "otherCashflowsFromInvestingActivities": 29029441, "totalCashflowsFromInvestingActivities": 161750452, "netBorrowings": -150328084, "otherCashflowsFromFinancingActivities": 2, "totalCashFromFinancingActivities": -150328084, "changeInCash": 6916905}, {"maxAge": 1, "endDate": "2017-03-31", "netIncome": 16038403, "depreciation": 3168933, "changeToNetincome": -48024228, "changeToLiabilities": 0, "changeToOperatingActivities": 5998694, "totalCashFromOperatingActivities": -8733682, "capitalExpenditures": -8880, "investments": -24257956, "otherCashflowsFromInvestingActivities": 36737549, "totalCashflowsFromInvestingActivities": 12470713, "netBorrowings": -1033499, "otherCashflowsFromFinancingActivities": 2, "totalCashFromFinancingActivities": -1033499, "changeInCash": 2703532}], "maxAge": 86400}, "institutionOwnership": {"maxAge": 1, "ownershipList": []}, "balanceSheetHistoryQuarterly": {"balanceSheetStatements": [{"maxAge": 1, "endDate": "2020-06-30", "totalStockholderEquity": -432889000, "netTangibleAssets": -432889000}, {"maxAge": 1, "endDate": "2020-03-31", "cash": 31388000, "netReceivables": 11261000, "otherCurrentAssets": 3000, "totalCurrentAssets": 42652000, "longTermInvestments": 6427000, "propertyPlantEquipment": 119499000, "otherAssets": 230722000, "deferredLongTermAssetCharges": 37356000, "totalAssets": 399300000, "shortLongTermDebt": 808342000, "otherCurrentLiab": 2454000, "longTermDebt": 20770000, "otherLiab": 572000, "totalCurrentLiabilities": 810847000, "totalLiab": 832189000, "commonStock": 221251000, "treasuryStock": -654140000, "otherStockholderEquity": -654140000, "totalStockholderEquity": -432889000, "netTangibleAssets": -432889000}, {"maxAge": 1, "endDate": "2019-12-31", "totalStockholderEquity": -435406000, "netTangibleAssets": -435406000}, {"maxAge": 1, "endDate": "2019-09-30", "cash": 32488000, "netReceivables": 4387000, "otherCurrentAssets": 657000, "totalCurrentAssets": 37532000, "longTermInvestments": 9295000, "propertyPlantEquipment": 120937000, "otherAssets": 245582000, "deferredLongTermAssetCharges": 32290000, "totalAssets": 413346000, "shortLongTermDebt": 717542000, "otherCurrentLiab": 3023000, "longTermDebt": 121238000, "otherLiab": 4477000, "minorityInterest": 311000, "totalCurrentLiabilities": 722726000, "totalLiab": 848441000, "commonStock": 221251000, "treasuryStock": -656657000, "otherStockholderEquity": -656657000, "totalStockholderEquity": -435406000, "netTangibleAssets": -435406000}], "maxAge": 86400}, "indexTrend": {"maxAge": 1, "symbol": "SP5", "peRatio": 19.7411, "pegRatio": 1.34172, "estimates": [{"period": "0q", "growth": 0.549}, {"period": "+1q", "growth": 0.431}, {"period": "0y", "growth": 0.305}, {"period": "+1y", "growth": 0.109}, {"period": "+5y", "growth": 0.120859005}, {"period": "-5y"}]}, "quoteType": {"exchange": "BSE", "quoteType": "EQUITY", "symbol": "DCMFINSERV.BO", "underlyingSymbol": "DCMFINSERV.BO", "shortName": "DCM FINANCIAL SERVICES LTD.", "longName": "DCM Financial Services Limited", "firstTradeDateEpochUtc": "2000-09-20 09:15:00", "timeZoneFullName": "Asia/Kolkata", "timeZoneShortName": "IST", "uuid": "8486b923-9ac5-3a01-9f4d-a00bb70287ce", "messageBoardId": null, "gmtOffSetMilliseconds": 19800000, "maxAge": 1}, "incomeStatementHistory": {"incomeStatementHistory": [{"maxAge": 1, "endDate": "2020-03-31", "totalRevenue": 15914000, "costOfRevenue": 0, "grossProfit": 15914000, "researchDevelopment": {}, "sellingGeneralAdministrative": 3910000, "nonRecurring": {}, "otherOperatingExpenses": 16721000, "totalOperatingExpenses": 23573000, "operatingIncome": -7659000, "totalOtherIncomeExpenseNet": 0, "ebit": 0, "interestExpense": {}, "incomeBeforeTax": -7659000, "incomeTaxExpense": -4513000, "minorityInterest": {}, "netIncomeFromContinuingOps": -3146000, "discontinuedOperations": {}, "extraordinaryItems": {}, "effectOfAccountingCharges": {}, "otherItems": {}, "netIncome": -3155000, "netIncomeApplicableToCommonShares": -3155000}, {"maxAge": 1, "endDate": "2019-03-31", "totalRevenue": 18676521, "costOfRevenue": 88957, "grossProfit": 18587564, "researchDevelopment": {}, "sellingGeneralAdministrative": 6515227, "nonRecurring": {}, "otherOperatingExpenses": 10896631, "totalOperatingExpenses": 20700177, "operatingIncome": -2023656, "totalOtherIncomeExpenseNet": -3085940, "ebit": 0, "interestExpense": {}, "incomeBeforeTax": -5109596, "incomeTaxExpense": 4459439, "minorityInterest": 307426, "netIncomeFromContinuingOps": -9569035, "discontinuedOperations": {}, "extraordinaryItems": {}, "effectOfAccountingCharges": {}, "otherItems": {}, "netIncome": -9556853, "netIncomeApplicableToCommonShares": -9556853}, {"maxAge": 1, "endDate": "2018-03-31", "totalRevenue": 30136426, "costOfRevenue": 39539, "grossProfit": 30096887, "researchDevelopment": {}, "sellingGeneralAdministrative": 5617532, "nonRecurring": {}, "otherOperatingExpenses": -24991931, "totalOperatingExpenses": 13011870, "operatingIncome": 17124556, "totalOtherIncomeExpenseNet": -937774, "ebit": 0, "interestExpense": {}, "incomeBeforeTax": 16186782, "incomeTaxExpense": 15135798, "minorityInterest": 319607, "netIncomeFromContinuingOps": 1050984, "discontinuedOperations": {}, "extraordinaryItems": {}, "effectOfAccountingCharges": {}, "otherItems": {}, "netIncome": 1062851, "netIncomeApplicableToCommonShares": 1062851}, {"maxAge": 1, "endDate": "2017-03-31", "totalRevenue": 35315292, "costOfRevenue": 21681, "grossProfit": 35293611, "researchDevelopment": {}, "sellingGeneralAdministrative": 4379855, "nonRecurring": {}, "otherOperatingExpenses": 7035966, "totalOperatingExpenses": 14606435, "operatingIncome": 20708857, "totalOtherIncomeExpenseNet": -203741, "ebit": 0, "interestExpense": {}, "incomeBeforeTax": 20505116, "incomeTaxExpense": 4472508, "minorityInterest": 331474, "netIncomeFromContinuingOps": 16032608, "discontinuedOperations": {}, "extraordinaryItems": {}, "effectOfAccountingCharges": {}, "otherItems": {}, "netIncome": 16038403, "netIncomeApplicableToCommonShares": 16038403}], "maxAge": 86400}, "fundOwnership": {"maxAge": 1, "ownershipList": []}, "summaryDetail": {"maxAge": 1, "priceHint": 4, "previousClose": 1.9, "open": 1.81, "dayLow": 1.81, "dayHigh": 1.99, "regularMarketPreviousClose": 1.9, "regularMarketOpen": 1.81, "regularMarketDayLow": 1.81, "regularMarketDayHigh": 1.99, "trailingPE": 37.916668, "volume": 9239, "regularMarketVolume": 9239, "averageVolume": 2532, "averageVolume10days": 2106, "averageDailyVolume10Day": 2106, "bid": 1.82, "ask": 1.93, "bidSize": 0, "askSize": 0, "marketCap": 40267684, "fiftyTwoWeekLow": 0.57, "fiftyTwoWeekHigh": 2.1, "fiftyDayAverage": 1.7377143, "twoHundredDayAverage": 1.3067857, "currency": "INR", "fromCurrency": null, "toCurrency": null, "lastMarket": null, "algorithm": null, "tradeable": false}, "incomeStatementHistoryQuarterly": {"incomeStatementHistory": [{"maxAge": 1, "endDate": "2020-06-30", "totalRevenue": 5234000, "costOfRevenue": 0, "grossProfit": 5234000, "researchDevelopment": {}, "sellingGeneralAdministrative": 1191000, "nonRecurring": {}, "otherOperatingExpenses": 1239000, "totalOperatingExpenses": 3266000, "operatingIncome": 1968000, "totalOtherIncomeExpenseNet": 0, "ebit": 0, "interestExpense": {}, "incomeBeforeTax": 1968000, "incomeTaxExpense": -166000, "minorityInterest": {}, "netIncomeFromContinuingOps": 2134000, "discontinuedOperations": {}, "extraordinaryItems": {}, "effectOfAccountingCharges": {}, "otherItems": {}, "netIncome": 2137000, "netIncomeApplicableToCommonShares": 2137000}, {"maxAge": 1, "endDate": "2020-03-31", "totalRevenue": 3630000, "costOfRevenue": 0, "grossProfit": 3630000, "researchDevelopment": {}, "sellingGeneralAdministrative": -980000, "nonRecurring": {}, "otherOperatingExpenses": 5718000, "totalOperatingExpenses": 5482000, "operatingIncome": -1852000, "totalOtherIncomeExpenseNet": 0, "ebit": 0, "interestExpense": {}, "incomeBeforeTax": -1852000, "incomeTaxExpense": -4964000, "minorityInterest": {}, "netIncomeFromContinuingOps": 3112000, "discontinuedOperations": {}, "extraordinaryItems": {}, "effectOfAccountingCharges": {}, "otherItems": {}, "netIncome": 3118000, "netIncomeApplicableToCommonShares": 3118000}, {"maxAge": 1, "endDate": "2019-12-31", "totalRevenue": 3748000, "costOfRevenue": 0, "grossProfit": 3748000, "researchDevelopment": {}, "sellingGeneralAdministrative": 1320000, "nonRecurring": {}, "otherOperatingExpenses": 2759000, "totalOperatingExpenses": 4811000, "operatingIncome": -1063000, "totalOtherIncomeExpenseNet": 0, "ebit": 0, "interestExpense": {}, "incomeBeforeTax": -1063000, "incomeTaxExpense": -89000, "minorityInterest": {}, "netIncomeFromContinuingOps": -974000, "discontinuedOperations": {}, "extraordinaryItems": {}, "effectOfAccountingCharges": {}, "otherItems": {}, "netIncome": -974000, "netIncomeApplicableToCommonShares": -974000}, {"maxAge": 1, "endDate": "2019-09-30", "totalRevenue": 4031000, "costOfRevenue": 0, "grossProfit": 4031000, "researchDevelopment": {}, "sellingGeneralAdministrative": 2202000, "nonRecurring": {}, "otherOperatingExpenses": 3948000, "totalOperatingExpenses": 6882000, "operatingIncome": -2851000, "totalOtherIncomeExpenseNet": 0, "ebit": 0, "interestExpense": {}, "incomeBeforeTax": -2851000, "incomeTaxExpense": 357000, "minorityInterest": 311000, "netIncomeFromContinuingOps": -3208000, "discontinuedOperations": {}, "extraordinaryItems": {}, "effectOfAccountingCharges": {}, "otherItems": {}, "netIncome": -3208000, "netIncomeApplicableToCommonShares": -3208000}], "maxAge": 86400}, "cashflowStatementHistoryQuarterly": {"cashflowStatements": [{"maxAge": 1, "endDate": "2020-06-30", "netIncome": 2137000, "changeToLiabilities": 0}, {"maxAge": 1, "endDate": "2020-03-31", "netIncome": 3118000, "changeToLiabilities": 0}, {"maxAge": 1, "endDate": "2019-12-31", "netIncome": -974000, "changeToLiabilities": 0}, {"maxAge": 1, "endDate": "2019-09-30", "netIncome": -3208000, "changeToLiabilities": 0}], "maxAge": 86400}, "insiderHolders": {"holders": [], "maxAge": 1}, "calendarEvents": {"maxAge": 1, "earnings": {"earningsDate": []}}, "price": {"maxAge": 1, "regularMarketChangePercent": -0.04210522, "regularMarketChange": -0.07999992, "regularMarketTime": "2021-04-30 15:29:13", "priceHint": 4, "regularMarketPrice": 1.82, "regularMarketDayHigh": 1.99, "regularMarketDayLow": 1.81, "regularMarketVolume": 9239, "averageDailyVolume10Day": 2106, "averageDailyVolume3Month": 2532, "regularMarketPreviousClose": 1.9, "regularMarketSource": "FREE_REALTIME", "regularMarketOpen": 1.81, "exchange": "BSE", "exchangeName": "BSE", "exchangeDataDelayedBy": 0, "marketState": "CLOSED", "quoteType": "EQUITY", "symbol": "DCMFINSERV.BO", "underlyingSymbol": null, "shortName": "DCM FINANCIAL SERVICES LTD.", "longName": "DCM Financial Services Limited", "currency": "INR", "quoteSourceName": "Delayed Quote", "currencySymbol": "\u20b9", "fromCurrency": null, "toCurrency": null, "lastMarket": null, "marketCap": 40267684}, "balanceSheetHistory": {"balanceSheetStatements": [{"maxAge": 1, "endDate": "2020-03-31", "cash": 31388000, "netReceivables": 11261000, "otherCurrentAssets": 3000, "totalCurrentAssets": 42652000, "longTermInvestments": 6427000, "propertyPlantEquipment": 119499000, "otherAssets": 230722000, "deferredLongTermAssetCharges": 37356000, "totalAssets": 399300000, "shortLongTermDebt": 808342000, "otherCurrentLiab": 2454000, "longTermDebt": 20770000, "otherLiab": 572000, "totalCurrentLiabilities": 810847000, "totalLiab": 832189000, "commonStock": 221251000, "treasuryStock": -654140000, "otherStockholderEquity": -654140000, "totalStockholderEquity": -432889000, "netTangibleAssets": -432889000}, {"maxAge": 1, "endDate": "2019-03-31", "cash": 2279885, "netReceivables": 1748530, "otherCurrentAssets": 88453500, "totalCurrentAssets": 104571498, "longTermInvestments": 46128, "propertyPlantEquipment": 122403641, "otherAssets": 273136684, "deferredLongTermAssetCharges": 32851897, "totalAssets": 500157951, "shortLongTermDebt": 753863340, "otherCurrentLiab": 15463566, "longTermDebt": 140449776, "otherLiab": 8125596, "minorityInterest": 307426, "totalCurrentLiabilities": 781350478, "totalLiab": 929925850, "commonStock": 221250540, "retainedEarnings": -836674051, "treasuryStock": 20261846, "capitalSurplus": 165086340, "otherStockholderEquity": 20261846, "totalStockholderEquity": -430075325, "netTangibleAssets": -430075325}, {"maxAge": 1, "endDate": "2018-03-31", "cash": 11358706, "netReceivables": 18850464, "otherCurrentAssets": 336060995, "totalCurrentAssets": 381503286, "longTermInvestments": 45367, "propertyPlantEquipment": 125596004, "otherAssets": 55388612, "deferredLongTermAssetCharges": 37146815, "totalAssets": 562533269, "shortLongTermDebt": 810304324, "otherCurrentLiab": 15463566, "longTermDebt": 129569796, "otherLiab": 16405175, "minorityInterest": 319607, "totalCurrentLiabilities": 836844991, "totalLiab": 982819962, "commonStock": 221250540, "retainedEarnings": -827205026, "treasuryStock": 20261846, "capitalSurplus": 165086340, "otherStockholderEquity": 20261846, "totalStockholderEquity": -420606300, "netTangibleAssets": -420606300}, {"maxAge": 1, "endDate": "2017-03-31", "cash": 4441801, "netReceivables": 30625795, "otherCurrentAssets": 468775841, "totalCurrentAssets": 503843437, "longTermInvestments": 12886060, "propertyPlantEquipment": 128804481, "otherAssets": 67931316, "deferredLongTermAssetCharges": 48314961, "totalAssets": 713465294, "otherCurrentLiab": 7587170, "longTermDebt": 1080311314, "otherLiab": 25009092, "minorityInterest": 331474, "totalCurrentLiabilities": 29361191, "totalLiab": 1134681597, "commonStock": 221250540, "retainedEarnings": -828146503, "treasuryStock": 20261846, "capitalSurplus": 165086340, "otherStockholderEquity": 20261846, "totalStockholderEquity": -421547777, "netTangibleAssets": -421547777}], "maxAge": 86400}, "financialData": {"maxAge": 86400, "currentPrice": 1.82, "recommendationKey": "none", "grossProfits": 15914000, "financialCurrency": "INR"}}}