{"DCMSRMIND.BO": {"cashflowStatementHistory": {"cashflowStatements": [{"maxAge": 1, "endDate": "2020-03-31", "netIncome": 958893000, "depreciation": 271755000, "changeToNetincome": 173407000, "changeToAccountReceivables": 59643000, "changeToLiabilities": -350899000, "changeToInventory": -463044000, "changeToOperatingActivities": -277294000, "totalCashFromOperatingActivities": 376801000, "capitalExpenditures": -750999000, "investments": 73069000, "otherCashflowsFromInvestingActivities": 29493000, "totalCashflowsFromInvestingActivities": -618095000, "dividendsPaid": -187271000, "netBorrowings": 1188816000, "otherCashflowsFromFinancingActivities": -385485000, "totalCashFromFinancingActivities": 616060000, "changeInCash": 374766000}, {"maxAge": 1, "endDate": "2019-03-31", "netIncome": 748652000, "depreciation": 204710000, "changeToNetincome": 159373000, "changeToAccountReceivables": -256532000, "changeToLiabilities": 1108663000, "changeToInventory": -1203841000, "changeToOperatingActivities": 70793000, "totalCashFromOperatingActivities": 835062000, "capitalExpenditures": -885336000, "investments": -184181000, "otherCashflowsFromInvestingActivities": 30663000, "totalCashflowsFromInvestingActivities": -1027136000, "dividendsPaid": -68044000, "netBorrowings": 465968000, "otherCashflowsFromFinancingActivities": -231087000, "totalCashFromFinancingActivities": 166837000, "changeInCash": -25237000}, {"maxAge": 1, "endDate": "2018-03-31", "netIncome": 586744000, "depreciation": 189079000, "changeToNetincome": 122312000, "changeToAccountReceivables": -168989000, "changeToLiabilities": -562215000, "changeToInventory": 591216000, "changeToOperatingActivities": -129691000, "totalCashFromOperatingActivities": 631793000, "capitalExpenditures": -386208000, "investments": 10905000, "otherCashflowsFromInvestingActivities": 29853000, "totalCashflowsFromInvestingActivities": -329143000, "dividendsPaid": -109721000, "netBorrowings": 109122000, "otherCashflowsFromFinancingActivities": -266826000, "totalCashFromFinancingActivities": -267425000, "changeInCash": 35225000}, {"maxAge": 1, "endDate": "2017-03-31", "netIncome": 1216041000, "depreciation": 187646000, "changeToNetincome": 266226000, "changeToAccountReceivables": -244404000, "changeToLiabilities": -216761000, "changeToInventory": -447624000, "changeToOperatingActivities": -24602000, "totalCashFromOperatingActivities": 739803000, "capitalExpenditures": -269724000, "investments": 45196000, "otherCashflowsFromInvestingActivities": 18883000, "totalCashflowsFromInvestingActivities": -199749000, "dividendsPaid": -110389000, "netBorrowings": -90461000, "otherCashflowsFromFinancingActivities": -340803000, "totalCashFromFinancingActivities": -541653000, "changeInCash": -1599000}], "maxAge": 86400}, "institutionOwnership": {"maxAge": 1, "ownershipList": []}, "balanceSheetHistoryQuarterly": {"balanceSheetStatements": [{"maxAge": 1, "endDate": "2020-06-30", "totalStockholderEquity": 5595369000, "netTangibleAssets": 5584093000}, {"maxAge": 1, "endDate": "2020-03-31", "cash": 436268000, "shortTermInvestments": 105115000, "netReceivables": 2496765000, "inventory": 6627439000, "otherCurrentAssets": 978134000, "totalCurrentAssets": 10759824000, "longTermInvestments": 153372000, "propertyPlantEquipment": 4891599000, "intangibleAssets": 11276000, "otherAssets": 273762000, "totalAssets": 16089833000, "accountsPayable": 2679965000, "shortLongTermDebt": 577810000, "otherCurrentLiab": 1060078000, "longTermDebt": 1778229000, "otherLiab": 308854000, "totalCurrentLiabilities": 8191927000, "totalLiab": 10494464000, "commonStock": 173984000, "retainedEarnings": 5009342000, "treasuryStock": 71375000, "capitalSurplus": 340668000, "otherStockholderEquity": 71375000, "totalStockholderEquity": 5595369000, "netTangibleAssets": 5584093000}, {"maxAge": 1, "endDate": "2019-12-31", "totalStockholderEquity": 5276500000, "netTangibleAssets": 5263900000}, {"maxAge": 1, "endDate": "2019-09-30", "cash": 262800000, "shortTermInvestments": 547500000, "netReceivables": 1731500000, "inventory": 5676500000, "otherCurrentAssets": 258200000, "totalCurrentAssets": 8476500000, "longTermInvestments": 245300000, "propertyPlantEquipment": 4367800000, "intangibleAssets": 12600000, "otherAssets": 164300000, "totalAssets": 13266500000, "accountsPayable": 1682400000, "shortLongTermDebt": 643300000, "otherCurrentLiab": 94300000, "longTermDebt": 1566200000, "otherLiab": 544100000, "totalCurrentLiabilities": 5879700000, "totalLiab": 7990000000, "commonStock": 174000000, "treasuryStock": 5102500000, "otherStockholderEquity": 5102500000, "totalStockholderEquity": 5276500000, "netTangibleAssets": 5263900000}], "maxAge": 86400}, "indexTrend": {"maxAge": 1, "symbol": "SP5", "peRatio": 19.7411, "pegRatio": 1.34172, "estimates": [{"period": "0q", "growth": 0.549}, {"period": "+1q", "growth": 0.431}, {"period": "0y", "growth": 0.305}, {"period": "+1y", "growth": 0.109}, {"period": "+5y", "growth": 0.120859005}, {"period": "-5y"}]}, "insiderTransactions": {"transactions": [{"maxAge": 1, "shares": 39443, "value": 94639, "filerUrl": "", "transactionText": "Acquisition at price 2.40 per share.", "filerName": "Versa Trading Ltd", "filerRelation": "Promoter", "moneyText": "", "startDate": "2020-09-30", "ownership": "D"}, {"maxAge": 1, "shares": 81975, "value": 176238, "filerUrl": "", "transactionText": "Acquisition at price 2.15 per share.", "filerName": "Lily Commercial Pvt Ltd", "filerRelation": "Promoter", "moneyText": "", "startDate": "2020-09-23", "ownership": "D"}, {"maxAge": 1, "shares": 13355, "value": 1, "filerUrl": "", "transactionText": "Acquisition at price 0.00 per share.", "filerName": "Lily Commercial Pvt Ltd", "filerRelation": "Promoter", "moneyText": "", "startDate": "2020-09-17", "ownership": "D"}, {"maxAge": 1, "shares": 23274, "filerUrl": "", "transactionText": "", "filerName": "Lily Commercial Pvt Ltd", "filerRelation": "Promoter", "moneyText": "", "startDate": "2019-12-27", "ownership": "D"}, {"maxAge": 1, "shares": 21861, "filerUrl": "", "transactionText": "", "filerName": "Lily Commercial Pvt Ltd", "filerRelation": "Promoter", "moneyText": "", "startDate": "2019-06-28", "ownership": "D"}, {"maxAge": 1, "shares": 1799021, "filerUrl": "", "transactionText": "", "filerName": "Lily Commercial Pvt Ltd", "filerRelation": "Promoter", "moneyText": "", "startDate": "2019-06-25", "ownership": "D"}, {"maxAge": 1, "shares": 500, "filerUrl": "", "transactionText": "", "filerName": "Gentech Chemicals Pvt Ltd", "filerRelation": "Promoter", "moneyText": "", "startDate": "2019-02-15", "ownership": "D"}, {"maxAge": 1, "shares": 2514, "filerUrl": "", "transactionText": "", "filerName": "Gentech Chemicals Pvt Ltd", "filerRelation": "Promoter", "moneyText": "", "startDate": "2019-02-08", "ownership": "D"}, {"maxAge": 1, "shares": 14600, "filerUrl": "", "transactionText": "", "filerName": "Quick Lithographers Pvt Ltd", "filerRelation": "Promoter", "moneyText": "", "startDate": "2019-02-08", "ownership": "D"}], "maxAge": 1}, "quoteType": {"exchange": "BSE", "quoteType": "EQUITY", "symbol": "DCMSRMIND.BO", "underlyingSymbol": "DCMSRMIND.BO", "shortName": "DCM SHRIRAM INDUSTRIES LTD.", "longName": "DCM Shriram Industries Limited", "firstTradeDateEpochUtc": "2001-07-12 09:15:00", "timeZoneFullName": "Asia/Kolkata", "timeZoneShortName": "IST", "uuid": "355566ca-2124-3d86-b26a-39d6e3954cd7", "messageBoardId": null, "gmtOffSetMilliseconds": 19800000, "maxAge": 1}, "incomeStatementHistory": {"incomeStatementHistory": [{"maxAge": 1, "endDate": "2020-03-31", "totalRevenue": 17949490000, "costOfRevenue": 12015128000, "grossProfit": 5934362000, "researchDevelopment": {}, "sellingGeneralAdministrative": 1447449000, "nonRecurring": {}, "otherOperatingExpenses": 3009839000, "totalOperatingExpenses": 16748511000, "operatingIncome": 1200979000, "totalOtherIncomeExpenseNet": -229868000, "ebit": 1200979000, "interestExpense": -433572000, "incomeBeforeTax": 971111000, "incomeTaxExpense": 12218000, "minorityInterest": {}, "netIncomeFromContinuingOps": 958893000, "discontinuedOperations": {}, "extraordinaryItems": {}, "effectOfAccountingCharges": {}, "otherItems": {}, "netIncome": 958893000, "netIncomeApplicableToCommonShares": 958893000}, {"maxAge": 1, "endDate": "2019-03-31", "totalRevenue": 16890018000, "costOfRevenue": 10924272000, "grossProfit": 5965746000, "researchDevelopment": {}, "sellingGeneralAdministrative": 1410670000, "nonRecurring": {}, "otherOperatingExpenses": 3380873000, "totalOperatingExpenses": 15923769000, "operatingIncome": 966249000, "totalOtherIncomeExpenseNet": -45373000, "ebit": 966249000, "interestExpense": -230155000, "incomeBeforeTax": 920876000, "incomeTaxExpense": 172224000, "minorityInterest": {}, "netIncomeFromContinuingOps": 748652000, "discontinuedOperations": {}, "extraordinaryItems": {}, "effectOfAccountingCharges": {}, "otherItems": {}, "netIncome": 748652000, "netIncomeApplicableToCommonShares": 748652000}, {"maxAge": 1, "endDate": "2018-03-31", "totalRevenue": 17044313000, "costOfRevenue": 12384486000, "grossProfit": 4659827000, "researchDevelopment": {}, "sellingGeneralAdministrative": 1323044000, "nonRecurring": {}, "otherOperatingExpenses": 2321472000, "totalOperatingExpenses": 16221418000, "operatingIncome": 822895000, "totalOtherIncomeExpenseNet": -120859000, "ebit": 822895000, "interestExpense": -275865000, "incomeBeforeTax": 702036000, "incomeTaxExpense": 115292000, "minorityInterest": {}, "netIncomeFromContinuingOps": 586744000, "discontinuedOperations": {}, "extraordinaryItems": {}, "effectOfAccountingCharges": {}, "otherItems": {}, "netIncome": 586744000, "netIncomeApplicableToCommonShares": 586744000}, {"maxAge": 1, "endDate": "2017-03-31", "totalRevenue": 14944004000, "costOfRevenue": 9294102000, "grossProfit": 5649902000, "researchDevelopment": {}, "sellingGeneralAdministrative": 1343515000, "nonRecurring": {}, "otherOperatingExpenses": 2357614000, "totalOperatingExpenses": 13185978000, "operatingIncome": 1758026000, "totalOtherIncomeExpenseNet": -230790000, "ebit": 1758026000, "interestExpense": -343940000, "incomeBeforeTax": 1527236000, "incomeTaxExpense": 311195000, "minorityInterest": {}, "netIncomeFromContinuingOps": 1216041000, "discontinuedOperations": {}, "extraordinaryItems": {}, "effectOfAccountingCharges": {}, "otherItems": {}, "netIncome": 1216041000, "netIncomeApplicableToCommonShares": 1216041000}], "maxAge": 86400}, "fundOwnership": {"maxAge": 1, "ownershipList": []}, "summaryDetail": {"maxAge": 1, "priceHint": 2, "previousClose": 263.6, "open": 260.7, "dayLow": 249.1, "dayHigh": 279.9, "regularMarketPreviousClose": 263.6, "regularMarketOpen": 260.7, "regularMarketDayLow": 249.1, "regularMarketDayHigh": 279.9, "trailingPE": 5.579226, "volume": 56648, "regularMarketVolume": 56648, "averageVolume": 14545, "averageVolume10days": 28188, "averageDailyVolume10Day": 28188, "bid": 269.6, "ask": 269.0, "bidSize": 0, "askSize": 0, "marketCap": 4693218304, "fiftyTwoWeekLow": 83.95, "fiftyTwoWeekHigh": 279.9, "fiftyDayAverage": 184.86765, "twoHundredDayAverage": 172.27132, "trailingAnnualDividendRate": 5.0, "trailingAnnualDividendYield": 0.018968133, "currency": "INR", "fromCurrency": null, "toCurrency": null, "lastMarket": null, "algorithm": null, "tradeable": false}, "incomeStatementHistoryQuarterly": {"incomeStatementHistory": [{"maxAge": 1, "endDate": "2020-06-30", "totalRevenue": 4006800000, "costOfRevenue": 2904400000, "grossProfit": 1102400000, "researchDevelopment": {}, "sellingGeneralAdministrative": 338800000, "nonRecurring": {}, "otherOperatingExpenses": 533600000, "totalOperatingExpenses": 3853800000, "operatingIncome": 153000000, "totalOtherIncomeExpenseNet": -72300000, "ebit": 153000000, "interestExpense": -108600000, "incomeBeforeTax": 80700000, "incomeTaxExpense": 29800000, "minorityInterest": {}, "netIncomeFromContinuingOps": 50900000, "discontinuedOperations": {}, "extraordinaryItems": {}, "effectOfAccountingCharges": {}, "otherItems": {}, "netIncome": 50900000, "netIncomeApplicableToCommonShares": 50900000}, {"maxAge": 1, "endDate": "2020-03-31", "totalRevenue": 4624790000, "costOfRevenue": 3539928000, "grossProfit": 1084862000, "researchDevelopment": {}, "sellingGeneralAdministrative": 409049000, "nonRecurring": {}, "otherOperatingExpenses": 268839000, "totalOperatingExpenses": 4323711000, "operatingIncome": 301079000, "totalOtherIncomeExpenseNet": -51768000, "ebit": 301079000, "interestExpense": -97872000, "incomeBeforeTax": 249311000, "incomeTaxExpense": -10982000, "minorityInterest": {}, "netIncomeFromContinuingOps": 260293000, "discontinuedOperations": {}, "extraordinaryItems": {}, "effectOfAccountingCharges": {}, "otherItems": {}, "netIncome": 260293000, "netIncomeApplicableToCommonShares": 260293000}, {"maxAge": 1, "endDate": "2019-12-31", "totalRevenue": 5426400000, "costOfRevenue": 3994700000, "grossProfit": 1431700000, "researchDevelopment": {}, "sellingGeneralAdministrative": 363300000, "nonRecurring": {}, "otherOperatingExpenses": 928500000, "totalOperatingExpenses": 5345400000, "operatingIncome": 81000000, "totalOtherIncomeExpenseNet": -39300000, "ebit": 81000000, "interestExpense": -92600000, "incomeBeforeTax": 41700000, "incomeTaxExpense": -211500000, "minorityInterest": {}, "netIncomeFromContinuingOps": 253200000, "discontinuedOperations": {}, "extraordinaryItems": {}, "effectOfAccountingCharges": {}, "otherItems": {}, "netIncome": 253200000, "netIncomeApplicableToCommonShares": 253200000}, {"maxAge": 1, "endDate": "2019-09-30", "totalRevenue": 3916800000, "costOfRevenue": 2088400000, "grossProfit": 1828400000, "researchDevelopment": {}, "sellingGeneralAdministrative": 333300000, "nonRecurring": {}, "otherOperatingExpenses": 937300000, "totalOperatingExpenses": 3414300000, "operatingIncome": 502500000, "totalOtherIncomeExpenseNet": -78000000, "ebit": 502500000, "interestExpense": -137500000, "incomeBeforeTax": 424500000, "incomeTaxExpense": 148100000, "minorityInterest": {}, "netIncomeFromContinuingOps": 276400000, "discontinuedOperations": {}, "extraordinaryItems": {}, "effectOfAccountingCharges": {}, "otherItems": {}, "netIncome": 276400000, "netIncomeApplicableToCommonShares": 276400000}], "maxAge": 86400}, "cashflowStatementHistoryQuarterly": {"cashflowStatements": [{"maxAge": 1, "endDate": "2020-06-30", "netIncome": 50900000, "changeToLiabilities": 0}, {"maxAge": 1, "endDate": "2020-03-31", "netIncome": 260293000, "changeToLiabilities": 0}, {"maxAge": 1, "endDate": "2019-12-31", "netIncome": 253200000, "changeToLiabilities": 0}, {"maxAge": 1, "endDate": "2019-09-30", "netIncome": 276400000, "changeToLiabilities": 0}], "maxAge": 86400}, "insiderHolders": {"holders": [{"maxAge": 1, "name": "Gentech Chemicals Pvt Ltd", "relation": "Promoter", "url": "", "transactionDescription": "Acquisition", "latestTransDate": "2019-02-15", "positionDirect": 166367, "positionDirectDate": "2019-02-15"}, {"maxAge": 1, "name": "Lily Commercial Pvt Ltd", "relation": "Promoter", "url": "", "transactionDescription": "Acquisition", "latestTransDate": "2020-09-23", "positionDirect": 3089809, "positionDirectDate": "2020-09-23"}, {"maxAge": 1, "name": "Quick Lithographers Pvt Ltd", "relation": "Promoter", "url": "", "transactionDescription": "Acquisition", "latestTransDate": "2019-02-08", "positionDirect": 450434, "positionDirectDate": "2019-02-08"}, {"maxAge": 1, "name": "Versa Trading Ltd", "relation": "Promoter", "url": "", "transactionDescription": "Acquisition", "latestTransDate": "2020-09-30", "positionDirect": 2264168, "positionDirectDate": "2020-09-30"}], "maxAge": 1}, "calendarEvents": {"maxAge": 1, "earnings": {"earningsDate": []}}, "price": {"maxAge": 1, "regularMarketChangePercent": 0.02333078, "regularMarketChange": 6.149994, "regularMarketTime": "2021-04-30 15:29:44", "priceHint": 2, "regularMarketPrice": 269.75, "regularMarketDayHigh": 279.9, "regularMarketDayLow": 249.1, "regularMarketVolume": 56648, "averageDailyVolume10Day": 28188, "averageDailyVolume3Month": 14545, "regularMarketPreviousClose": 263.6, "regularMarketSource": "FREE_REALTIME", "regularMarketOpen": 260.7, "exchange": "BSE", "exchangeName": "BSE", "exchangeDataDelayedBy": 0, "marketState": "CLOSED", "quoteType": "EQUITY", "symbol": "DCMSRMIND.BO", "underlyingSymbol": null, "shortName": "DCM SHRIRAM INDUSTRIES LTD.", "longName": "DCM Shriram Industries Limited", "currency": "INR", "quoteSourceName": "Delayed Quote", "currencySymbol": "\u20b9", "fromCurrency": null, "toCurrency": null, "lastMarket": null, "marketCap": 4693218304}, "balanceSheetHistory": {"balanceSheetStatements": [{"maxAge": 1, "endDate": "2020-03-31", "cash": 436268000, "shortTermInvestments": 105115000, "netReceivables": 2496765000, "inventory": 6627439000, "otherCurrentAssets": 978134000, "totalCurrentAssets": 10759824000, "longTermInvestments": 153372000, "propertyPlantEquipment": 4891599000, "intangibleAssets": 11276000, "otherAssets": 273762000, "totalAssets": 16089833000, "accountsPayable": 2679965000, "shortLongTermDebt": 577810000, "otherCurrentLiab": 1060078000, "longTermDebt": 1778229000, "otherLiab": 308854000, "totalCurrentLiabilities": 8191927000, "totalLiab": 10494464000, "commonStock": 173984000, "retainedEarnings": 5009342000, "treasuryStock": 71375000, "capitalSurplus": 340668000, "otherStockholderEquity": 71375000, "totalStockholderEquity": 5595369000, "netTangibleAssets": 5584093000}, {"maxAge": 1, "endDate": "2019-03-31", "cash": 61502000, "shortTermInvestments": 74321000, "netReceivables": 1970173000, "inventory": 6164395000, "otherCurrentAssets": 350529000, "totalCurrentAssets": 8791938000, "longTermInvestments": 238256000, "propertyPlantEquipment": 4112463000, "intangibleAssets": 10681000, "otherAssets": 289127000, "totalAssets": 13442465000, "accountsPayable": 2973375000, "shortLongTermDebt": 347503000, "otherCurrentLiab": 117773000, "longTermDebt": 832162000, "otherLiab": 434907000, "totalCurrentLiabilities": 7192668000, "totalLiab": 8459737000, "commonStock": 173984000, "retainedEarnings": 4281171000, "treasuryStock": 186905000, "capitalSurplus": 340668000, "otherStockholderEquity": 186905000, "totalStockholderEquity": 4982728000, "netTangibleAssets": 4972047000}, {"maxAge": 1, "endDate": "2018-03-31", "cash": 86739000, "shortTermInvestments": 63556000, "netReceivables": 1796424000, "inventory": 4960554000, "otherCurrentAssets": 291349000, "totalCurrentAssets": 7198622000, "longTermInvestments": 234852000, "propertyPlantEquipment": 3472198000, "intangibleAssets": 10019000, "otherAssets": 292647000, "totalAssets": 11208338000, "accountsPayable": 1925360000, "shortLongTermDebt": 265009000, "otherCurrentLiab": 101338000, "longTermDebt": 320255000, "otherLiab": 445741000, "totalCurrentLiabilities": 6102919000, "totalLiab": 6868915000, "commonStock": 173984000, "retainedEarnings": 3616418000, "treasuryStock": 208353000, "capitalSurplus": 340668000, "otherStockholderEquity": 208353000, "totalStockholderEquity": 4339423000, "netTangibleAssets": 4329404000}, {"maxAge": 1, "endDate": "2017-03-31", "cash": 51514000, "shortTermInvestments": 57320000, "netReceivables": 1670838000, "inventory": 5551770000, "otherCurrentAssets": 335299000, "totalCurrentAssets": 7689159000, "longTermInvestments": 327744000, "propertyPlantEquipment": 3315750000, "intangibleAssets": 10376000, "otherAssets": 230528000, "totalAssets": 11573557000, "accountsPayable": 2393405000, "shortLongTermDebt": 281220000, "otherCurrentLiab": 80491000, "longTermDebt": 252848000, "otherLiab": 468162000, "totalCurrentLiabilities": 6852975000, "totalLiab": 7573985000, "commonStock": 173984000, "retainedEarnings": 3165786000, "treasuryStock": 319134000, "capitalSurplus": 340668000, "otherStockholderEquity": 319134000, "totalStockholderEquity": 3999572000, "netTangibleAssets": 3989196000}], "maxAge": 86400}, "financialData": {"maxAge": 86400, "currentPrice": 269.75, "recommendationKey": "none", "grossProfits": 5934362000, "financialCurrency": "INR"}}}