{"DENORA.NS": {"assetProfile": {"address1": "Plot Nos. 184,185 &189", "address2": "Kundaim Industrial Estate Kundaim", "city": "Ponda", "zip": "403115", "country": "India", "phone": "91 83 2398 1100", "fax": "91 83 2398 1101", "website": "http://india.denora.com", "industry": "Electrical Equipment & Parts", "sector": "Industrials", "longBusinessSummary": "De Nora India Limited manufactures, sells, and services electrolytic products in India and internationally. The company is involved in the manufacture and coating of anodes and cathodes for electrolytic process for various industrial applications, such as chlor-alkali, water, pulp and paper manufacturing, surface finishing, and plating industries, as well as cathodic protection systems of steel structures, electrochlorination systems, and platinized anodes for surface finishing applications. It also offers Seaclor, a seawater system; Seaclor Mac, a brine base system; LIDA MMO coated titanium anodes for ICCP; Solar Mac systems, which cleans water from clean energy. The company markets its products to agriculture and livestock, bleaching and chemicals, corrosion prevention, electronics, energy, marine, mining, pool, professional cleaning, renewable energy storage, surface finishing, municipal, and veterinary and animal care sector, as well as chlorine and caustic, and food industries. The company was formerly known as Titanor Components Limited and changed its name to De Nora India Limited in June 2007. The company was founded in 1989 and is based in Ponda, India. De Nora India Limited is a subsidiary of Oronzio De Nora International B.V.", "fullTimeEmployees": 58, "companyOfficers": [{"maxAge": 1, "name": "Mr. Vinay  Chopra", "age": 51, "title": "MD & Exec. Director", "yearBorn": 1969, "fiscalYear": 2020, "totalPay": 3438000, "exercisedValue": 0, "unexercisedValue": 0}, {"maxAge": 1, "name": "Mr. Deepak B. Nagvekar", "title": "Chief Financial Officer", "fiscalYear": 2020, "totalPay": 2601000, "exercisedValue": 0, "unexercisedValue": 0}, {"maxAge": 1, "name": "Mr. Shrikant  Pai", "title": "Company Sec. & Compliance Officer", "fiscalYear": 2020, "totalPay": 712300, "exercisedValue": 0, "unexercisedValue": 0}], "compensationAsOfEpochDate": "2020-12-31 05:30:00", "maxAge": 86400}, "recommendationTrend": {"trend": [{"period": "0m", "strongBuy": 0, "buy": 0, "hold": 0, "sell": 0, "strongSell": 0}, {"period": "-1m", "strongBuy": 0, "buy": 0, "hold": 0, "sell": 0, "strongSell": 0}, {"period": "-2m", "strongBuy": 0, "buy": 0, "hold": 0, "sell": 0, "strongSell": 0}, {"period": "-3m", "strongBuy": 0, "buy": 0, "hold": 0, "sell": 0, "strongSell": 0}], "maxAge": 86400}, "cashflowStatementHistory": {"cashflowStatements": [{"maxAge": 1, "endDate": "2020-03-31", "netIncome": 81280985, "depreciation": 8012238, "changeToNetincome": 444725, "changeToAccountReceivables": -70246279, "changeToLiabilities": -14196336, "changeToInventory": -95458791, "changeToOperatingActivities": -105634, "totalCashFromOperatingActivities": -72354850, "capitalExpenditures": -11993803, "investments": 70147512, "otherCashflowsFromInvestingActivities": 15356799, "totalCashflowsFromInvestingActivities": 73515508, "netBorrowings": 7672693, "totalCashFromFinancingActivities": 7672693, "changeInCash": 8833351}, {"maxAge": 1, "endDate": "2019-03-31", "netIncome": 15870331, "depreciation": 7973705, "changeToNetincome": -2040355, "changeToAccountReceivables": -8242283, "changeToLiabilities": 14544543, "changeToInventory": -114663801, "changeToOperatingActivities": 8688828, "totalCashFromOperatingActivities": -60535398, "capitalExpenditures": -8732073, "investments": 66608453, "otherCashflowsFromInvestingActivities": 16056855, "totalCashflowsFromInvestingActivities": 73933235, "dividendsPaid": -5308634, "netBorrowings": 7672693, "otherCashflowsFromFinancingActivities": -1091206, "totalCashFromFinancingActivities": -6399840, "changeInCash": 6997997}, {"maxAge": 1, "endDate": "2018-03-31", "netIncome": 16903786, "depreciation": 8892720, "changeToNetincome": -19279011, "changeToAccountReceivables": 13235765, "changeToLiabilities": 15911796, "changeToInventory": -17495282, "changeToOperatingActivities": -11612900, "totalCashFromOperatingActivities": 18927877, "capitalExpenditures": -43774047, "investments": 1810292, "otherCashflowsFromInvestingActivities": 15287127, "totalCashflowsFromInvestingActivities": -23897324, "dividendsPaid": -10617268, "netBorrowings": 7672693, "otherCashflowsFromFinancingActivities": -2161426, "totalCashFromFinancingActivities": -12778694, "changeInCash": -17748141}, {"maxAge": 1, "endDate": "2017-03-31", "netIncome": 29803000, "depreciation": 8233000, "changeToNetincome": -23614000, "changeToAccountReceivables": 43111000, "changeToLiabilities": 5537000, "changeToInventory": 8206000, "changeToOperatingActivities": 690000, "totalCashFromOperatingActivities": 72239000, "capitalExpenditures": -39880000, "investments": -10403000, "otherCashflowsFromInvestingActivities": 17076000, "totalCashflowsFromInvestingActivities": -32867000, "dividendsPaid": -25826000, "netBorrowings": 7672693, "otherCashflowsFromFinancingActivities": -2161426, "totalCashFromFinancingActivities": -25826000, "changeInCash": 13546000}], "maxAge": 86400}, "indexTrend": {"maxAge": 1, "symbol": "SP5", "peRatio": 19.7411, "pegRatio": 1.34172, "estimates": [{"period": "0q", "growth": 0.549}, {"period": "+1q", "growth": 0.431}, {"period": "0y", "growth": 0.305}, {"period": "+1y", "growth": 0.109}, {"period": "+5y", "growth": 0.120865}, {"period": "-5y"}]}, "defaultKeyStatistics": {"maxAge": 1, "priceHint": 2, "enterpriseValue": 1063521216, "profitMargins": 0.103549995, "floatShares": 1902827, "sharesOutstanding": 5308630, "heldPercentInsiders": 0.60917, "heldPercentInstitutions": 0.0, "beta": 1.343535, "category": null, "bookValue": 118.719, "priceToBook": 2.08307, "fundFamily": null, "legalType": null, "lastFiscalYearEnd": "2020-03-31 05:30:00", "nextFiscalYearEnd": "2022-03-31 05:30:00", "mostRecentQuarter": "2020-12-31 05:30:00", "earningsQuarterlyGrowth": -0.904, "netIncomeToCommon": 44991984, "trailingEps": 8.482, "lastSplitFactor": null, "enterpriseToRevenue": 2.448, "enterpriseToEbitda": 25.547}, "industryTrend": {"maxAge": 1, "symbol": "7710FI", "peRatio": 0.0, "pegRatio": 0.0, "estimates": [{"period": "0q"}, {"period": "+1q"}, {"period": "0y"}, {"period": "+1y"}, {"period": "+5y", "growth": 0.0}, {"period": "-5y"}]}, "quoteType": {"exchange": "NSI", "quoteType": "EQUITY", "symbol": "DENORA.NS", "underlyingSymbol": "DENORA.NS", "shortName": "DE NORA INDIA", "longName": "De Nora India Limited", "firstTradeDateEpochUtc": "2002-07-01 09:15:00", "timeZoneFullName": "Asia/Kolkata", "timeZoneShortName": "IST", "uuid": "6e033039-1eba-38b3-b523-3c0b131ebbc1", "gmtOffSetMilliseconds": 19800000, "maxAge": 1}, "incomeStatementHistory": {"incomeStatementHistory": [{"maxAge": 1, "endDate": "2020-03-31", "totalRevenue": 485579355, "costOfRevenue": 211566606, "grossProfit": 274012749, "researchDevelopment": {}, "sellingGeneralAdministrative": 53721579, "nonRecurring": {}, "otherOperatingExpenses": 109227099, "totalOperatingExpenses": 400441764, "operatingIncome": 85137591, "totalOtherIncomeExpenseNet": 18394369, "ebit": 85137591, "interestExpense": {}, "incomeBeforeTax": 103531960, "incomeTaxExpense": 22250975, "minorityInterest": {}, "netIncomeFromContinuingOps": 81280985, "discontinuedOperations": {}, "extraordinaryItems": {}, "effectOfAccountingCharges": {}, "otherItems": {}, "netIncome": 81280985, "netIncomeApplicableToCommonShares": 81280985}, {"maxAge": 1, "endDate": "2019-03-31", "totalRevenue": 338649345, "costOfRevenue": 132794180, "grossProfit": 205855165, "researchDevelopment": {}, "sellingGeneralAdministrative": 65870048, "nonRecurring": {}, "otherOperatingExpenses": 115385084, "totalOperatingExpenses": 339356651, "operatingIncome": -707306, "totalOtherIncomeExpenseNet": 18910364, "ebit": -707306, "interestExpense": {}, "incomeBeforeTax": 18203058, "incomeTaxExpense": 2332727, "minorityInterest": {}, "netIncomeFromContinuingOps": 15870331, "discontinuedOperations": {}, "extraordinaryItems": {}, "effectOfAccountingCharges": {}, "otherItems": {}, "netIncome": 15870331, "netIncomeApplicableToCommonShares": 15870331}, {"maxAge": 1, "endDate": "2018-03-31", "totalRevenue": 281854991, "costOfRevenue": 79590840, "grossProfit": 202264151, "researchDevelopment": {}, "sellingGeneralAdministrative": 64520510, "nonRecurring": {}, "otherOperatingExpenses": 99395622, "totalOperatingExpenses": 264770695, "operatingIncome": 17084296, "totalOtherIncomeExpenseNet": 13650805, "ebit": 17084296, "interestExpense": -2000, "incomeBeforeTax": 30735101, "incomeTaxExpense": 13831315, "minorityInterest": {}, "netIncomeFromContinuingOps": 16903786, "discontinuedOperations": {}, "extraordinaryItems": {}, "effectOfAccountingCharges": {}, "otherItems": {}, "netIncome": 16903786, "netIncomeApplicableToCommonShares": 16903786}, {"maxAge": 1, "endDate": "2017-03-31", "totalRevenue": 280098000, "costOfRevenue": 94108000, "grossProfit": 185990000, "researchDevelopment": {}, "sellingGeneralAdministrative": 58200000, "nonRecurring": {}, "otherOperatingExpenses": 90840000, "totalOperatingExpenses": 253189000, "operatingIncome": 26909000, "totalOtherIncomeExpenseNet": 17537000, "ebit": 26909000, "interestExpense": -2000, "incomeBeforeTax": 44446000, "incomeTaxExpense": 14643000, "minorityInterest": {}, "netIncomeFromContinuingOps": 29803000, "discontinuedOperations": {}, "extraordinaryItems": {}, "effectOfAccountingCharges": {}, "otherItems": {}, "netIncome": 29803000, "netIncomeApplicableToCommonShares": 29803000}], "maxAge": 86400}, "fundOwnership": {"ownershipList": [], "maxAge": 1}, "summaryDetail": {"maxAge": 1, "priceHint": 2, "previousClose": 248.55, "open": 251.55, "dayLow": 247.0, "dayHigh": 251.8, "regularMarketPreviousClose": 248.55, "regularMarketOpen": 251.55, "regularMarketDayLow": 247.0, "regularMarketDayHigh": 251.8, "exDividendDate": "2018-09-18 05:30:00", "payoutRatio": 0.0, "beta": 1.343535, "trailingPE": 29.155859, "volume": 4191, "regularMarketVolume": 4191, "averageVolume": 25469, "averageVolume10days": 3299, "averageDailyVolume10Day": 3299, "bid": 0.0, "ask": 0.0, "bidSize": 0, "askSize": 0, "marketCap": 1312032896, "fiftyTwoWeekLow": 140.5, "fiftyTwoWeekHigh": 363.0, "priceToSalesTrailing12Months": 3.0195942, "fiftyDayAverage": 259.87057, "twoHundredDayAverage": 237.37021, "trailingAnnualDividendRate": 1.0, "trailingAnnualDividendYield": 0.0040233354, "currency": "INR", "fromCurrency": null, "lastMarket": null, "algorithm": null, "tradeable": false}, "insiderHolders": {"holders": [{"maxAge": 1, "name": "Jain (Satish Chandra)", "relation": "Managing Director", "url": "", "transactionDescription": "Sale", "latestTransDate": "2012-08-16", "positionDirect": 0, "positionDirectDate": "2012-08-16"}, {"maxAge": 1, "name": "Kapadia (Premal N)", "relation": "Non Executive Chairman", "url": "", "transactionDescription": "Sale", "latestTransDate": "2014-12-10", "positionDirect": 0, "positionDirectDate": "2014-12-10"}, {"maxAge": 1, "name": "Kapadia (Sujata Premal)", "relation": "UNREPORTED", "url": "", "transactionDescription": "Sale", "latestTransDate": "2014-11-25", "positionDirect": 0, "positionDirectDate": "2014-11-25"}, {"maxAge": 1, "name": "Khanna (Bunty)", "relation": "Promoter", "url": "", "transactionDescription": "Sale", "latestTransDate": "2016-11-04", "positionDirect": 1000, "positionDirectDate": "2016-11-04"}, {"maxAge": 1, "name": "Khanna (Devika)", "relation": "Promoter", "url": "", "transactionDescription": "Sale", "latestTransDate": "2017-04-21", "positionDirect": 36938, "positionDirectDate": "2017-04-21"}], "maxAge": 1}, "calendarEvents": {"maxAge": 1, "earnings": {"earningsDate": []}, "exDividendDate": "2018-09-18 05:30:00"}, "upgradeDowngradeHistory": {"history": [], "maxAge": 86400}, "price": {"maxAge": 1, "regularMarketChangePercent": -0.005029169, "regularMarketChange": -1.25, "regularMarketTime": "2021-04-30 15:29:57", "priceHint": 2, "regularMarketPrice": 247.3, "regularMarketDayHigh": 251.8, "regularMarketDayLow": 247.0, "regularMarketVolume": 4191, "averageDailyVolume10Day": 3299, "averageDailyVolume3Month": 25469, "regularMarketPreviousClose": 248.55, "regularMarketSource": "FREE_REALTIME", "regularMarketOpen": 251.55, "exchange": "NSI", "exchangeName": "NSE", "exchangeDataDelayedBy": 15, "marketState": "CLOSED", "quoteType": "EQUITY", "symbol": "DENORA.NS", "underlyingSymbol": null, "shortName": "DE NORA INDIA", "longName": "De Nora India Limited", "currency": "INR", "quoteSourceName": "Delayed Quote", "currencySymbol": "\u20b9", "fromCurrency": null, "lastMarket": null, "marketCap": 1312032896}, "balanceSheetHistory": {"balanceSheetStatements": [{"maxAge": 1, "endDate": "2020-03-31", "cash": 24112508, "shortTermInvestments": 58439295, "netReceivables": 132512818, "inventory": 259648917, "otherCurrentAssets": 95201853, "totalCurrentAssets": 617793602, "longTermInvestments": 535500, "propertyPlantEquipment": 67994165, "intangibleAssets": 39984180, "otherAssets": 25767533, "deferredLongTermAssetCharges": 7741778, "totalAssets": 752074980, "accountsPayable": 45650560, "otherCurrentLiab": 79049461, "otherLiab": 748652, "totalCurrentLiabilities": 137996102, "totalLiab": 138744754, "commonStock": 53086340, "retainedEarnings": 484065622, "treasuryStock": 2570319, "capitalSurplus": 73607945, "otherStockholderEquity": 2570319, "totalStockholderEquity": 613330226, "netTangibleAssets": 573346046}, {"maxAge": 1, "endDate": "2019-03-31", "cash": 15279157, "shortTermInvestments": 34338086, "netReceivables": 57576684, "inventory": 169519612, "otherCurrentAssets": 74531718, "totalCurrentAssets": 486711228, "longTermInvestments": 9772193, "propertyPlantEquipment": 65183653, "intangibleAssets": 56752196, "otherAssets": 34730283, "deferredLongTermAssetCharges": 5117231, "totalAssets": 653149553, "accountsPayable": 59729276, "otherCurrentLiab": 42482760, "otherLiab": 7607263, "totalCurrentLiabilities": 113287594, "totalLiab": 120894857, "commonStock": 53086340, "retainedEarnings": 402784637, "treasuryStock": 2775774, "capitalSurplus": 73607945, "otherStockholderEquity": 2775774, "totalStockholderEquity": 532254696, "netTangibleAssets": 475502500}, {"maxAge": 1, "endDate": "2018-03-31", "cash": 8281160, "shortTermInvestments": 85000000, "netReceivables": 53591624, "inventory": 68323755, "otherCurrentAssets": 31833731, "totalCurrentAssets": 449120582, "longTermInvestments": 9429545, "propertyPlantEquipment": 65438237, "intangibleAssets": 72544783, "otherAssets": 34254757, "deferredLongTermAssetCharges": 6099383, "totalAssets": 630787904, "accountsPayable": 45184733, "otherCurrentLiab": 18745814, "otherLiab": 5051487, "totalCurrentLiabilities": 101969367, "totalLiab": 107020854, "commonStock": 53086340, "retainedEarnings": 393354765, "treasuryStock": 3718000, "capitalSurplus": 73607945, "otherStockholderEquity": 3718000, "totalStockholderEquity": 523767050, "netTangibleAssets": 451222267}, {"maxAge": 1, "endDate": "2017-03-31", "cash": 26029000, "shortTermInvestments": 85000000, "netReceivables": 60703000, "inventory": 55089000, "otherCurrentAssets": 22301000, "totalCurrentAssets": 454735000, "longTermInvestments": 1730000, "propertyPlantEquipment": 71988000, "intangibleAssets": 74043000, "otherAssets": 34939000, "deferredLongTermAssetCharges": 13805000, "totalAssets": 637435000, "accountsPayable": 29272000, "otherCurrentLiab": 48054000, "otherLiab": 3936000, "totalCurrentLiabilities": 114257000, "totalLiab": 118193000, "commonStock": 53086000, "retainedEarnings": 388523000, "treasuryStock": 4025000, "capitalSurplus": 73608000, "otherStockholderEquity": 4025000, "totalStockholderEquity": 519242000, "netTangibleAssets": 445199000}], "maxAge": 86400}, "earningsTrend": {"trend": [{"maxAge": 1, "period": "0q", "endDate": null, "growth": {}, "earningsEstimate": {"avg": 0.0, "low": 0.0, "high": 0.0, "yearAgoEps": {}, "numberOfAnalysts": 0, "growth": {}}, "revenueEstimate": {"avg": 0, "low": 0, "high": 0, "numberOfAnalysts": 0, "yearAgoRevenue": {}, "growth": {}}, "epsTrend": {"current": 0.0, "7daysAgo": 0.0, "30daysAgo": 0.0, "60daysAgo": 0.0, "90daysAgo": 0.0}, "epsRevisions": {"upLast7days": 0, "upLast30days": 0, "downLast30days": 0, "downLast90days": {}}}, {"maxAge": 1, "period": "+1q", "endDate": null, "growth": {}, "earningsEstimate": {"avg": 0.0, "low": 0.0, "high": 0.0, "yearAgoEps": {}, "numberOfAnalysts": 0, "growth": {}}, "revenueEstimate": {"avg": 0, "low": 0, "high": 0, "numberOfAnalysts": 0, "yearAgoRevenue": {}, "growth": {}}, "epsTrend": {"current": 0.0, "7daysAgo": 0.0, "30daysAgo": 0.0, "60daysAgo": 0.0, "90daysAgo": 0.0}, "epsRevisions": {"upLast7days": 0, "upLast30days": 0, "downLast30days": 0, "downLast90days": {}}}, {"maxAge": 1, "period": "0y", "endDate": null, "growth": {}, "earningsEstimate": {"avg": 0.0, "low": 0.0, "high": 0.0, "yearAgoEps": {}, "numberOfAnalysts": 0, "growth": {}}, "revenueEstimate": {"avg": 0, "low": 0, "high": 0, "numberOfAnalysts": 0, "yearAgoRevenue": {}, "growth": {}}, "epsTrend": {"current": 0.0, "7daysAgo": 0.0, "30daysAgo": 0.0, "60daysAgo": 0.0, "90daysAgo": 0.0}, "epsRevisions": {"upLast7days": 0, "upLast30days": 0, "downLast30days": 0, "downLast90days": {}}}, {"maxAge": 1, "period": "+1y", "endDate": null, "growth": {}, "earningsEstimate": {"avg": 0.0, "low": 0.0, "high": 0.0, "yearAgoEps": {}, "numberOfAnalysts": 0, "growth": {}}, "revenueEstimate": {"avg": 0, "low": 0, "high": 0, "numberOfAnalysts": 0, "yearAgoRevenue": {}, "growth": {}}, "epsTrend": {"current": 0.0, "7daysAgo": 0.0, "30daysAgo": 0.0, "60daysAgo": 0.0, "90daysAgo": 0.0}, "epsRevisions": {"upLast7days": 0, "upLast30days": 0, "downLast30days": 0, "downLast90days": {}}}, {"maxAge": 1, "period": "+5y", "endDate": null, "growth": {}, "earningsEstimate": {"avg": {}, "low": {}, "high": {}, "yearAgoEps": {}, "numberOfAnalysts": {}, "growth": {}}, "revenueEstimate": {"avg": {}, "low": {}, "high": {}, "numberOfAnalysts": {}, "yearAgoRevenue": {}, "growth": {}}, "epsTrend": {"current": {}, "7daysAgo": {}, "30daysAgo": {}, "60daysAgo": {}, "90daysAgo": {}}, "epsRevisions": {"upLast7days": {}, "upLast30days": {}, "downLast30days": {}, "downLast90days": {}}}, {"maxAge": 1, "period": "-5y", "endDate": null, "growth": {}, "earningsEstimate": {"avg": {}, "low": {}, "high": {}, "yearAgoEps": {}, "numberOfAnalysts": {}, "growth": {}}, "revenueEstimate": {"avg": {}, "low": {}, "high": {}, "numberOfAnalysts": {}, "yearAgoRevenue": {}, "growth": {}}, "epsTrend": {"current": {}, "7daysAgo": {}, "30daysAgo": {}, "60daysAgo": {}, "90daysAgo": {}}, "epsRevisions": {"upLast7days": {}, "upLast30days": {}, "downLast30days": {}, "downLast90days": {}}}], "maxAge": 1}, "institutionOwnership": {"ownershipList": [], "maxAge": 1}, "majorHoldersBreakdown": {"maxAge": 1, "insidersPercentHeld": 0.60917, "institutionsPercentHeld": 0.0, "institutionsFloatPercentHeld": 0.0, "institutionsCount": 0}, "balanceSheetHistoryQuarterly": {"balanceSheetStatements": [{"maxAge": 1, "endDate": "2020-12-31", "totalStockholderEquity": 633028000, "netTangibleAssets": 602015000}, {"maxAge": 1, "endDate": "2020-09-30", "cash": 211192000, "shortTermInvestments": 38112000, "netReceivables": 83975000, "inventory": 250955000, "otherCurrentAssets": 52323000, "totalCurrentAssets": 636557000, "longTermInvestments": 411000, "propertyPlantEquipment": 71219000, "intangibleAssets": 31013000, "otherAssets": 17466000, "deferredLongTermAssetCharges": 8565000, "totalAssets": 756666000, "accountsPayable": 29190000, "otherCurrentLiab": 93075000, "otherLiab": 1373000, "totalCurrentLiabilities": 122265000, "totalLiab": 123638000, "commonStock": 53086000, "treasuryStock": 579942000, "otherStockholderEquity": 579942000, "totalStockholderEquity": 633028000, "netTangibleAssets": 602015000}, {"maxAge": 1, "endDate": "2020-06-30", "totalStockholderEquity": 613330000, "netTangibleAssets": 573346000}, {"maxAge": 1, "endDate": "2020-03-31", "cash": 24112508, "shortTermInvestments": 58439295, "netReceivables": 132512818, "inventory": 259648917, "otherCurrentAssets": 95201853, "totalCurrentAssets": 617793602, "longTermInvestments": 535500, "propertyPlantEquipment": 67994165, "intangibleAssets": 39984180, "otherAssets": 25767533, "deferredLongTermAssetCharges": 7741778, "totalAssets": 752074980, "accountsPayable": 45650560, "otherCurrentLiab": 79049461, "otherLiab": 748652, "totalCurrentLiabilities": 137996102, "totalLiab": 138744754, "commonStock": 53086340, "retainedEarnings": 484065622, "treasuryStock": 2570319, "capitalSurplus": 73607945, "otherStockholderEquity": 2570319, "totalStockholderEquity": 613330226, "netTangibleAssets": 573346046}], "maxAge": 86400}, "earningsHistory": {"history": [{"maxAge": 1, "epsActual": {}, "epsEstimate": {}, "epsDifference": {}, "surprisePercent": {}, "quarter": {}, "period": "-4q"}, {"maxAge": 1, "epsActual": {}, "epsEstimate": {}, "epsDifference": {}, "surprisePercent": {}, "quarter": {}, "period": "-3q"}, {"maxAge": 1, "epsActual": {}, "epsEstimate": {}, "epsDifference": {}, "surprisePercent": {}, "quarter": {}, "period": "-2q"}, {"maxAge": 1, "epsActual": {}, "epsEstimate": {}, "epsDifference": {}, "surprisePercent": {}, "quarter": {}, "period": "-1q"}], "maxAge": 86400}, "summaryProfile": {"address1": "Plot Nos. 184,185 &189", "address2": "Kundaim Industrial Estate Kundaim", "city": "Ponda", "zip": "403115", "country": "India", "phone": "91 83 2398 1100", "fax": "91 83 2398 1101", "website": "http://india.denora.com", "industry": "Electrical Equipment & Parts", "sector": "Industrials", "longBusinessSummary": "De Nora India Limited manufactures, sells, and services electrolytic products in India and internationally. The company is involved in the manufacture and coating of anodes and cathodes for electrolytic process for various industrial applications, such as chlor-alkali, water, pulp and paper manufacturing, surface finishing, and plating industries, as well as cathodic protection systems of steel structures, electrochlorination systems, and platinized anodes for surface finishing applications. It also offers Seaclor, a seawater system; Seaclor Mac, a brine base system; LIDA MMO coated titanium anodes for ICCP; Solar Mac systems, which cleans water from clean energy. The company markets its products to agriculture and livestock, bleaching and chemicals, corrosion prevention, electronics, energy, marine, mining, pool, professional cleaning, renewable energy storage, surface finishing, municipal, and veterinary and animal care sector, as well as chlorine and caustic, and food industries. The company was formerly known as Titanor Components Limited and changed its name to De Nora India Limited in June 2007. The company was founded in 1989 and is based in Ponda, India. De Nora India Limited is a subsidiary of Oronzio De Nora International B.V.", "fullTimeEmployees": 58, "companyOfficers": [], "maxAge": 86400}, "netSharePurchaseActivity": {"maxAge": 1, "period": "6m", "buyInfoCount": 0, "buyInfoShares": 0, "sellInfoCount": 0, "netInfoCount": 0, "netInfoShares": 0, "netPercentInsiderShares": 0.0, "totalInsiderShares": 3233860}, "insiderTransactions": {"transactions": [{"maxAge": 1, "shares": 36500, "filerUrl": "", "transactionText": "", "filerName": "Khanna (Devika)", "filerRelation": "Promoter", "moneyText": "", "startDate": "2017-04-21", "ownership": "D"}, {"maxAge": 1, "shares": 19330, "filerUrl": "", "transactionText": "", "filerName": "Khanna (Devika)", "filerRelation": "Promoter", "moneyText": "", "startDate": "2017-04-18", "ownership": "D"}, {"maxAge": 1, "shares": 35183, "filerUrl": "", "transactionText": "", "filerName": "Khanna (Devika)", "filerRelation": "Promoter", "moneyText": "", "startDate": "2017-04-13", "ownership": "D"}, {"maxAge": 1, "shares": 14337, "filerUrl": "", "transactionText": "", "filerName": "Khanna (Devika)", "filerRelation": "Promoter", "moneyText": "", "startDate": "2017-04-06", "ownership": "D"}, {"maxAge": 1, "shares": 131455, "filerUrl": "", "transactionText": "", "filerName": "Khanna (Devika)", "filerRelation": "Promoter", "moneyText": "", "startDate": "2017-02-15", "ownership": "D"}, {"maxAge": 1, "shares": 148288, "filerUrl": "", "transactionText": "", "filerName": "Khanna (Bunty)", "filerRelation": "Promoter", "moneyText": "", "startDate": "2016-11-04", "ownership": "D"}, {"maxAge": 1, "shares": 4474, "filerUrl": "", "transactionText": "", "filerName": "Khanna (Bunty)", "filerRelation": "Promoter", "moneyText": "", "startDate": "2016-11-02", "ownership": "D"}, {"maxAge": 1, "shares": 1000, "filerUrl": "", "transactionText": "", "filerName": "Kapadia (Premal N)", "filerRelation": "Non Executive Chairman", "moneyText": "", "startDate": "2014-12-10", "ownership": "D"}, {"maxAge": 1, "shares": 6483, "filerUrl": "", "transactionText": "", "filerName": "Kapadia (Premal N)", "filerRelation": "Non Executive Chairman", "moneyText": "", "startDate": "2014-12-08", "ownership": "D"}, {"maxAge": 1, "shares": 13679, "filerUrl": "", "transactionText": "", "filerName": "Kapadia (Premal N)", "filerRelation": "Non Executive Chairman", "moneyText": "", "startDate": "2014-12-05", "ownership": "D"}, {"maxAge": 1, "shares": 19154, "filerUrl": "", "transactionText": "", "filerName": "Kapadia (Premal N)", "filerRelation": "Non Executive Chairman", "moneyText": "", "startDate": "2014-12-04", "ownership": "D"}, {"maxAge": 1, "shares": 2886, "filerUrl": "", "transactionText": "", "filerName": "Kapadia (Premal N)", "filerRelation": "Non Executive Chairman", "moneyText": "", "startDate": "2014-12-02", "ownership": "D"}, {"maxAge": 1, "shares": 2690, "filerUrl": "", "transactionText": "", "filerName": "Kapadia (Premal N)", "filerRelation": "Non Executive Chairman", "moneyText": "", "startDate": "2014-12-01", "ownership": "D"}, {"maxAge": 1, "shares": 6059, "filerUrl": "", "transactionText": "", "filerName": "Kapadia (Premal N)", "filerRelation": "Non Executive Chairman", "moneyText": "", "startDate": "2014-11-28", "ownership": "D"}, {"maxAge": 1, "shares": 5049, "filerUrl": "", "transactionText": "", "filerName": "Kapadia (Premal N)", "filerRelation": "Non Executive Chairman", "moneyText": "", "startDate": "2014-11-26", "ownership": "D"}, {"maxAge": 1, "shares": 1992, "filerUrl": "", "transactionText": "", "filerName": "Kapadia (Sujata Premal)", "filerRelation": "UNREPORTED", "moneyText": "", "startDate": "2014-11-25", "ownership": "D"}, {"maxAge": 1, "shares": 1147, "filerUrl": "", "transactionText": "", "filerName": "Kapadia (Sujata Premal)", "filerRelation": "UNREPORTED", "moneyText": "", "startDate": "2014-11-24", "ownership": "D"}, {"maxAge": 1, "shares": 6014, "filerUrl": "", "transactionText": "", "filerName": "Kapadia (Sujata Premal)", "filerRelation": "UNREPORTED", "moneyText": "", "startDate": "2014-11-21", "ownership": "D"}, {"maxAge": 1, "shares": 7047, "filerUrl": "", "transactionText": "", "filerName": "Kapadia (Sujata Premal)", "filerRelation": "UNREPORTED", "moneyText": "", "startDate": "2014-11-20", "ownership": "D"}, {"maxAge": 1, "shares": 5400, "filerUrl": "", "transactionText": "", "filerName": "Kapadia (Sujata Premal)", "filerRelation": "UNREPORTED", "moneyText": "", "startDate": "2014-11-19", "ownership": "D"}, {"maxAge": 1, "shares": 18595, "filerUrl": "", "transactionText": "", "filerName": "Kapadia (Sujata Premal)", "filerRelation": "UNREPORTED", "moneyText": "", "startDate": "2014-11-18", "ownership": "D"}, {"maxAge": 1, "shares": 2619, "filerUrl": "", "transactionText": "", "filerName": "Kapadia (Sujata Premal)", "filerRelation": "UNREPORTED", "moneyText": "", "startDate": "2014-11-17", "ownership": "D"}, {"maxAge": 1, "shares": 4225, "filerUrl": "", "transactionText": "", "filerName": "Kapadia (Sujata Premal)", "filerRelation": "UNREPORTED", "moneyText": "", "startDate": "2014-11-14", "ownership": "D"}, {"maxAge": 1, "shares": 8489, "filerUrl": "", "transactionText": "", "filerName": "Kapadia (Sujata Premal)", "filerRelation": "UNREPORTED", "moneyText": "", "startDate": "2014-11-13", "ownership": "D"}, {"maxAge": 1, "shares": 3373, "filerUrl": "", "transactionText": "", "filerName": "Kapadia (Sujata Premal)", "filerRelation": "UNREPORTED", "moneyText": "", "startDate": "2014-11-12", "ownership": "D"}, {"maxAge": 1, "shares": 4927, "filerUrl": "", "transactionText": "", "filerName": "Kapadia (Sujata Premal)", "filerRelation": "UNREPORTED", "moneyText": "", "startDate": "2014-11-11", "ownership": "D"}, {"maxAge": 1, "shares": 2773, "filerUrl": "", "transactionText": "", "filerName": "Kapadia (Sujata Premal)", "filerRelation": "UNREPORTED", "moneyText": "", "startDate": "2014-11-10", "ownership": "D"}, {"maxAge": 1, "shares": 5699, "filerUrl": "", "transactionText": "", "filerName": "Kapadia (Sujata Premal)", "filerRelation": "UNREPORTED", "moneyText": "", "startDate": "2014-11-07", "ownership": "D"}, {"maxAge": 1, "shares": 17444, "filerUrl": "", "transactionText": "", "filerName": "Khanna (Bunty)", "filerRelation": "Promoter", "moneyText": "", "startDate": "2014-09-19", "ownership": "D"}, {"maxAge": 1, "shares": 3174, "filerUrl": "", "transactionText": "", "filerName": "Khanna (Bunty)", "filerRelation": "Promoter", "moneyText": "", "startDate": "2014-09-17", "ownership": "D"}, {"maxAge": 1, "shares": 4767, "filerUrl": "", "transactionText": "", "filerName": "Khanna (Bunty)", "filerRelation": "Promoter", "moneyText": "", "startDate": "2014-09-16", "ownership": "D"}, {"maxAge": 1, "shares": 771, "filerUrl": "", "transactionText": "", "filerName": "Khanna (Devika)", "filerRelation": "Promoter", "moneyText": "", "startDate": "2014-07-03", "ownership": "D"}, {"maxAge": 1, "shares": 1568, "filerUrl": "", "transactionText": "", "filerName": "Khanna (Devika)", "filerRelation": "Promoter", "moneyText": "", "startDate": "2014-07-02", "ownership": "D"}, {"maxAge": 1, "shares": 3901, "filerUrl": "", "transactionText": "", "filerName": "Khanna (Devika)", "filerRelation": "Promoter", "moneyText": "", "startDate": "2014-07-01", "ownership": "D"}, {"maxAge": 1, "shares": 5099, "filerUrl": "", "transactionText": "", "filerName": "Khanna (Devika)", "filerRelation": "Promoter", "moneyText": "", "startDate": "2014-06-30", "ownership": "D"}, {"maxAge": 1, "shares": 6387, "filerUrl": "", "transactionText": "", "filerName": "Khanna (Devika)", "filerRelation": "Promoter", "moneyText": "", "startDate": "2014-06-27", "ownership": "D"}, {"maxAge": 1, "shares": 4952, "filerUrl": "", "transactionText": "", "filerName": "Khanna (Devika)", "filerRelation": "Promoter", "moneyText": "", "startDate": "2014-06-26", "ownership": "D"}, {"maxAge": 1, "shares": 10900, "filerUrl": "", "transactionText": "", "filerName": "Jain (Satish Chandra)", "filerRelation": "Managing Director", "moneyText": "", "startDate": "2012-08-16", "ownership": "D"}], "maxAge": 1}, "sectorTrend": {"maxAge": 1, "symbol": "NA10FI", "peRatio": 0.0, "pegRatio": 0.0, "estimates": [{"period": "0q", "growth": -1.0}, {"period": "+1q", "growth": -1.0}, {"period": "0y"}, {"period": "+1y"}, {"period": "+5y", "growth": 0.0}, {"period": "-5y"}]}, "incomeStatementHistoryQuarterly": {"incomeStatementHistory": [{"maxAge": 1, "endDate": "2020-12-31", "totalRevenue": 94996000, "costOfRevenue": 44211000, "grossProfit": 50785000, "researchDevelopment": {}, "sellingGeneralAdministrative": 12715000, "nonRecurring": {}, "otherOperatingExpenses": 34414000, "totalOperatingExpenses": 97812000, "operatingIncome": -2816000, "totalOtherIncomeExpenseNet": 6687000, "ebit": -2816000, "interestExpense": {}, "incomeBeforeTax": 3871000, "incomeTaxExpense": 461000, "minorityInterest": {}, "netIncomeFromContinuingOps": 3410000, "discontinuedOperations": {}, "extraordinaryItems": {}, "effectOfAccountingCharges": {}, "otherItems": {}, "netIncome": 3410000, "netIncomeApplicableToCommonShares": 3410000}, {"maxAge": 1, "endDate": "2020-09-30", "totalRevenue": 62230000, "costOfRevenue": 32428000, "grossProfit": 29802000, "researchDevelopment": {}, "sellingGeneralAdministrative": 13483000, "nonRecurring": {}, "otherOperatingExpenses": 14642000, "totalOperatingExpenses": 67093000, "operatingIncome": -4863000, "totalOtherIncomeExpenseNet": 7374000, "ebit": -4863000, "interestExpense": {}, "incomeBeforeTax": 2511000, "incomeTaxExpense": 1018000, "minorityInterest": {}, "netIncomeFromContinuingOps": 1493000, "discontinuedOperations": {}, "extraordinaryItems": {}, "effectOfAccountingCharges": {}, "otherItems": {}, "netIncome": 1493000, "netIncomeApplicableToCommonShares": 1493000}, {"maxAge": 1, "endDate": "2020-06-30", "totalRevenue": 142111000, "costOfRevenue": 68926000, "grossProfit": 73185000, "researchDevelopment": {}, "sellingGeneralAdministrative": 13337000, "nonRecurring": {}, "otherOperatingExpenses": 36115000, "totalOperatingExpenses": 124837000, "operatingIncome": 17274000, "totalOtherIncomeExpenseNet": 7003000, "ebit": 17274000, "interestExpense": {}, "incomeBeforeTax": 24277000, "incomeTaxExpense": 6220000, "minorityInterest": {}, "netIncomeFromContinuingOps": 18057000, "discontinuedOperations": {}, "extraordinaryItems": {}, "effectOfAccountingCharges": {}, "otherItems": {}, "netIncome": 18057000, "netIncomeApplicableToCommonShares": 18057000}, {"maxAge": 1, "endDate": "2020-03-31", "totalRevenue": 135169355, "costOfRevenue": 71679606, "grossProfit": 63489749, "researchDevelopment": {}, "sellingGeneralAdministrative": 14037579, "nonRecurring": {}, "otherOperatingExpenses": 19009099, "totalOperatingExpenses": 111175764, "operatingIncome": 23993591, "totalOtherIncomeExpenseNet": 2397369, "ebit": 23993591, "interestExpense": {}, "incomeBeforeTax": 26390960, "incomeTaxExpense": 4358975, "minorityInterest": {}, "netIncomeFromContinuingOps": 22031985, "discontinuedOperations": {}, "extraordinaryItems": {}, "effectOfAccountingCharges": {}, "otherItems": {}, "netIncome": 22031985, "netIncomeApplicableToCommonShares": 22031985}], "maxAge": 86400}, "cashflowStatementHistoryQuarterly": {"cashflowStatements": [{"maxAge": 1, "endDate": "2020-12-31", "netIncome": 3410000, "changeToLiabilities": 0}, {"maxAge": 1, "endDate": "2020-09-30", "netIncome": 1493000, "changeToLiabilities": 0}, {"maxAge": 1, "endDate": "2020-06-30", "netIncome": 18057000, "changeToLiabilities": 0}, {"maxAge": 1, "endDate": "2020-03-31", "netIncome": 22031985, "changeToLiabilities": 0}], "maxAge": 86400}, "earnings": {"maxAge": 86400, "earningsChart": {"quarterly": [], "earningsDate": []}, "financialsChart": {"yearly": [{"date": 2017, "revenue": 280098000, "earnings": 29803000}, {"date": 2018, "revenue": 281854991, "earnings": 16903786}, {"date": 2019, "revenue": 338649345, "earnings": 15870331}, {"date": 2020, "revenue": 485579355, "earnings": 81280985}], "quarterly": [{"date": "1Q2020", "revenue": 135169355, "earnings": 22031985}, {"date": "2Q2020", "revenue": 142111000, "earnings": 18057000}, {"date": "3Q2020", "revenue": 62230000, "earnings": 1493000}, {"date": "4Q2020", "revenue": 94996000, "earnings": 3410000}]}, "financialCurrency": "INR"}, "financialData": {"maxAge": 86400, "currentPrice": 247.3, "targetHighPrice": 228.0, "targetLowPrice": 228.0, "targetMeanPrice": 228.0, "targetMedianPrice": 228.0, "recommendationKey": "none", "numberOfAnalystOpinions": 1, "totalCash": 249304000, "totalCashPerShare": 46.962, "ebitda": 41629728, "totalDebt": 0, "totalRevenue": 434506368, "revenuePerShare": 81.924, "grossProfits": 274012749, "earningsGrowth": -0.905, "revenueGrowth": -0.333, "grossMargins": 0.50001997, "ebitdaMargins": 0.09581, "operatingMargins": 0.0773, "profitMargins": 0.103549995, "financialCurrency": "INR"}}}