{"DEVINE.BO": {"cashflowStatementHistory": {"cashflowStatements": [{"maxAge": 1, "endDate": "2020-03-31", "netIncome": 266000, "changeToNetincome": 45000, "changeToLiabilities": 0, "changeToOperatingActivities": -19535000, "totalCashFromOperatingActivities": -19224000, "changeInCash": -19224000}, {"maxAge": 1, "endDate": "2019-03-31", "netIncome": 186000, "depreciation": 20000, "changeToNetincome": 21000, "changeToLiabilities": 0, "changeToOperatingActivities": -8217000, "totalCashFromOperatingActivities": -7990000, "investments": 26964000, "totalCashflowsFromInvestingActivities": 26964000, "changeInCash": 18974000}, {"maxAge": 1, "endDate": "2018-03-31", "netIncome": 931000, "depreciation": 20000, "changeToNetincome": -733000, "changeToLiabilities": 0, "changeToOperatingActivities": -2057000, "totalCashFromOperatingActivities": -1839000, "investments": 26964000, "totalCashflowsFromInvestingActivities": 26964000, "changeInCash": -1839000}, {"maxAge": 1, "endDate": "2017-03-31", "netIncome": 709000, "depreciation": 20000, "changeToNetincome": -473000, "changeToLiabilities": 0, "changeToOperatingActivities": 1609000, "totalCashFromOperatingActivities": 1905000, "investments": 26964000, "totalCashflowsFromInvestingActivities": 26964000, "changeInCash": 1905000}], "maxAge": 86400}, "institutionOwnership": {"maxAge": 1, "ownershipList": []}, "balanceSheetHistoryQuarterly": {"balanceSheetStatements": [{"maxAge": 1, "endDate": "2020-06-30", "totalStockholderEquity": 135264000, "netTangibleAssets": 135264000}, {"maxAge": 1, "endDate": "2020-03-31", "cash": 381000, "netReceivables": 14069000, "inventory": 105569000, "otherCurrentAssets": 2350000, "totalCurrentAssets": 122369000, "longTermInvestments": 12203000, "propertyPlantEquipment": 8000, "otherAssets": 1179000, "deferredLongTermAssetCharges": 7000, "totalAssets": 135759000, "accountsPayable": 24000, "otherCurrentLiab": 471000, "totalCurrentLiabilities": 495000, "totalLiab": 495000, "commonStock": 96172000, "treasuryStock": 39092000, "otherStockholderEquity": 39092000, "totalStockholderEquity": 135264000, "netTangibleAssets": 135264000}, {"maxAge": 1, "endDate": "2019-12-31", "totalStockholderEquity": 135276000, "netTangibleAssets": 135276000}, {"maxAge": 1, "endDate": "2019-09-30", "cash": 3986000, "netReceivables": 41030000, "inventory": 76194000, "otherCurrentAssets": 997000, "totalCurrentAssets": 122207000, "longTermInvestments": 12203000, "propertyPlantEquipment": 8000, "otherAssets": 1192000, "deferredLongTermAssetCharges": 8000, "totalAssets": 135610000, "accountsPayable": 49000, "otherCurrentLiab": 285000, "totalCurrentLiabilities": 334000, "totalLiab": 334000, "commonStock": 95322000, "treasuryStock": 39954000, "otherStockholderEquity": 39954000, "totalStockholderEquity": 135276000, "netTangibleAssets": 135276000}], "maxAge": 86400}, "indexTrend": {"maxAge": 1, "symbol": "SP5", "peRatio": 19.7411, "pegRatio": 1.34172, "estimates": [{"period": "0q", "growth": 0.549}, {"period": "+1q", "growth": 0.431}, {"period": "0y", "growth": 0.305}, {"period": "+1y", "growth": 0.109}, {"period": "+5y", "growth": 0.120859005}, {"period": "-5y"}]}, "insiderTransactions": {"transactions": [{"maxAge": 1, "shares": 5000, "filerUrl": "", "transactionText": "", "filerName": "Oberoi (Parvesh Kumar)", "filerRelation": "UNREPORTED", "moneyText": "", "startDate": "2015-03-26", "ownership": "D"}, {"maxAge": 1, "shares": 5000, "filerUrl": "", "transactionText": "", "filerName": "Oberoi (Parvesh Kumar)", "filerRelation": "UNREPORTED", "moneyText": "", "startDate": "2015-03-23", "ownership": "D"}], "maxAge": 1}, "quoteType": {"exchange": "BSE", "quoteType": "EQUITY", "symbol": "DEVINE.BO", "underlyingSymbol": "DEVINE.BO", "shortName": "DEVINE IMPEX LTD.", "longName": "Devine Impex Limited", "firstTradeDateEpochUtc": "2007-04-26 09:15:00", "timeZoneFullName": "Asia/Kolkata", "timeZoneShortName": "IST", "uuid": "711a2757-fcf5-33e1-9171-bff74fc19047", "messageBoardId": null, "gmtOffSetMilliseconds": 19800000, "maxAge": 1}, "incomeStatementHistory": {"incomeStatementHistory": [{"maxAge": 1, "endDate": "2020-03-31", "totalRevenue": 27712000, "costOfRevenue": 26063000, "grossProfit": 1649000, "researchDevelopment": {}, "sellingGeneralAdministrative": 426000, "nonRecurring": {}, "otherOperatingExpenses": 859000, "totalOperatingExpenses": 27348000, "operatingIncome": 364000, "totalOtherIncomeExpenseNet": -3000, "ebit": 364000, "interestExpense": -3000, "incomeBeforeTax": 361000, "incomeTaxExpense": 95000, "minorityInterest": {}, "netIncomeFromContinuingOps": 266000, "discontinuedOperations": {}, "extraordinaryItems": {}, "effectOfAccountingCharges": {}, "otherItems": {}, "netIncome": 266000, "netIncomeApplicableToCommonShares": 266000}, {"maxAge": 1, "endDate": "2019-03-31", "totalRevenue": 29107000, "costOfRevenue": 27835000, "grossProfit": 1272000, "researchDevelopment": {}, "sellingGeneralAdministrative": 353000, "nonRecurring": {}, "otherOperatingExpenses": 645000, "totalOperatingExpenses": 28853000, "operatingIncome": 254000, "totalOtherIncomeExpenseNet": 0, "ebit": 254000, "interestExpense": -3000, "incomeBeforeTax": 254000, "incomeTaxExpense": 68000, "minorityInterest": {}, "netIncomeFromContinuingOps": 186000, "discontinuedOperations": {}, "extraordinaryItems": {}, "effectOfAccountingCharges": {}, "otherItems": {}, "netIncome": 186000, "netIncomeApplicableToCommonShares": 186000}, {"maxAge": 1, "endDate": "2018-03-31", "totalRevenue": 28291000, "costOfRevenue": 27185000, "grossProfit": 1106000, "researchDevelopment": {}, "sellingGeneralAdministrative": 360000, "nonRecurring": {}, "otherOperatingExpenses": 478000, "totalOperatingExpenses": 28043000, "operatingIncome": 248000, "totalOtherIncomeExpenseNet": 749000, "ebit": 248000, "interestExpense": -2000, "incomeBeforeTax": 997000, "incomeTaxExpense": 66000, "minorityInterest": {}, "netIncomeFromContinuingOps": 931000, "discontinuedOperations": {}, "extraordinaryItems": {}, "effectOfAccountingCharges": {}, "otherItems": {}, "netIncome": 931000, "netIncomeApplicableToCommonShares": 931000}, {"maxAge": 1, "endDate": "2017-03-31", "totalRevenue": 35489000, "costOfRevenue": 34176000, "grossProfit": 1313000, "researchDevelopment": {}, "sellingGeneralAdministrative": 346000, "nonRecurring": {}, "otherOperatingExpenses": 652000, "totalOperatingExpenses": 35234000, "operatingIncome": 255000, "totalOtherIncomeExpenseNet": 532000, "ebit": 255000, "interestExpense": -2000, "incomeBeforeTax": 787000, "incomeTaxExpense": 78000, "minorityInterest": {}, "netIncomeFromContinuingOps": 709000, "discontinuedOperations": {}, "extraordinaryItems": {}, "effectOfAccountingCharges": {}, "otherItems": {}, "netIncome": 709000, "netIncomeApplicableToCommonShares": 709000}], "maxAge": 86400}, "fundOwnership": {"maxAge": 1, "ownershipList": []}, "summaryDetail": {"maxAge": 1, "priceHint": 4, "previousClose": 2.38, "open": 2.42, "dayLow": 2.42, "dayHigh": 2.42, "regularMarketPreviousClose": 2.38, "regularMarketOpen": 2.42, "regularMarketDayLow": 2.42, "regularMarketDayHigh": 2.42, "trailingPE": 80.66667, "volume": 211, "regularMarketVolume": 211, "averageVolume": 299, "averageVolume10days": 142, "averageDailyVolume10Day": 142, "bid": 0.0, "ask": 2.42, "bidSize": 0, "askSize": 0, "marketCap": 23067924, "fiftyTwoWeekLow": 1.65, "fiftyTwoWeekHigh": 5.25, "fiftyDayAverage": 1.9531429, "twoHundredDayAverage": 2.9641607, "currency": "INR", "fromCurrency": null, "toCurrency": null, "lastMarket": null, "algorithm": null, "tradeable": false}, "incomeStatementHistoryQuarterly": {"incomeStatementHistory": [{"maxAge": 1, "endDate": "2020-06-30", "totalRevenue": 3855000, "costOfRevenue": 3532000, "grossProfit": 323000, "researchDevelopment": {}, "sellingGeneralAdministrative": 107000, "nonRecurring": {}, "otherOperatingExpenses": 173000, "totalOperatingExpenses": 3812000, "operatingIncome": 43000, "totalOtherIncomeExpenseNet": 0, "ebit": 43000, "interestExpense": {}, "incomeBeforeTax": 43000, "incomeTaxExpense": 11000, "minorityInterest": {}, "netIncomeFromContinuingOps": 32000, "discontinuedOperations": {}, "extraordinaryItems": {}, "effectOfAccountingCharges": {}, "otherItems": {}, "netIncome": 32000, "netIncomeApplicableToCommonShares": 32000}, {"maxAge": 1, "endDate": "2020-03-31", "totalRevenue": 742000, "costOfRevenue": 509000, "grossProfit": 233000, "researchDevelopment": {}, "sellingGeneralAdministrative": 107000, "nonRecurring": {}, "otherOperatingExpenses": 281000, "totalOperatingExpenses": 897000, "operatingIncome": -155000, "totalOtherIncomeExpenseNet": -1000, "ebit": -155000, "interestExpense": -1000, "incomeBeforeTax": -156000, "incomeTaxExpense": -41000, "minorityInterest": {}, "netIncomeFromContinuingOps": -115000, "discontinuedOperations": {}, "extraordinaryItems": {}, "effectOfAccountingCharges": {}, "otherItems": {}, "netIncome": -115000, "netIncomeApplicableToCommonShares": -115000}, {"maxAge": 1, "endDate": "2019-12-31", "totalRevenue": 8962000, "costOfRevenue": 8511000, "grossProfit": 451000, "researchDevelopment": {}, "sellingGeneralAdministrative": 107000, "nonRecurring": {}, "otherOperatingExpenses": 204000, "totalOperatingExpenses": 8822000, "operatingIncome": 140000, "totalOtherIncomeExpenseNet": -1000, "ebit": 140000, "interestExpense": -1000, "incomeBeforeTax": 139000, "incomeTaxExpense": 37000, "minorityInterest": {}, "netIncomeFromContinuingOps": 102000, "discontinuedOperations": {}, "extraordinaryItems": {}, "effectOfAccountingCharges": {}, "otherItems": {}, "netIncome": 102000, "netIncomeApplicableToCommonShares": 102000}, {"maxAge": 1, "endDate": "2019-09-30", "totalRevenue": 8812000, "costOfRevenue": 8429000, "grossProfit": 383000, "researchDevelopment": {}, "sellingGeneralAdministrative": 107000, "nonRecurring": {}, "otherOperatingExpenses": 218000, "totalOperatingExpenses": 8754000, "operatingIncome": 58000, "totalOtherIncomeExpenseNet": 0, "ebit": 58000, "interestExpense": -1000, "incomeBeforeTax": 58000, "incomeTaxExpense": 15000, "minorityInterest": {}, "netIncomeFromContinuingOps": 43000, "discontinuedOperations": {}, "extraordinaryItems": {}, "effectOfAccountingCharges": {}, "otherItems": {}, "netIncome": 43000, "netIncomeApplicableToCommonShares": 43000}], "maxAge": 86400}, "cashflowStatementHistoryQuarterly": {"cashflowStatements": [{"maxAge": 1, "endDate": "2020-06-30", "netIncome": 32000, "changeToLiabilities": 0}, {"maxAge": 1, "endDate": "2020-03-31", "netIncome": -115000, "changeToLiabilities": 0}, {"maxAge": 1, "endDate": "2019-12-31", "netIncome": 102000, "changeToLiabilities": 0}, {"maxAge": 1, "endDate": "2019-09-30", "netIncome": 43000, "changeToLiabilities": 0}], "maxAge": 86400}, "insiderHolders": {"holders": [{"maxAge": 1, "name": "Oberoi (Parvesh Kumar)", "relation": "UNREPORTED", "url": "", "transactionDescription": "Sale", "latestTransDate": "2015-03-26", "positionDirect": 49200, "positionDirectDate": "2015-03-26"}], "maxAge": 1}, "calendarEvents": {"maxAge": 1, "earnings": {"earningsDate": []}}, "price": {"maxAge": 1, "regularMarketChangePercent": 0.016806705, "regularMarketChange": 0.03999996, "regularMarketTime": "2021-04-30 11:49:46", "priceHint": 4, "regularMarketPrice": 2.42, "regularMarketDayHigh": 2.42, "regularMarketDayLow": 2.42, "regularMarketVolume": 211, "averageDailyVolume10Day": 142, "averageDailyVolume3Month": 299, "regularMarketPreviousClose": 2.38, "regularMarketSource": "FREE_REALTIME", "regularMarketOpen": 2.42, "exchange": "BSE", "exchangeName": "BSE", "exchangeDataDelayedBy": 0, "marketState": "CLOSED", "quoteType": "EQUITY", "symbol": "DEVINE.BO", "underlyingSymbol": null, "shortName": "DEVINE IMPEX LTD.", "longName": "Devine Impex Limited", "currency": "INR", "quoteSourceName": "Delayed Quote", "currencySymbol": "\u20b9", "fromCurrency": null, "toCurrency": null, "lastMarket": null, "marketCap": 23067924}, "balanceSheetHistory": {"balanceSheetStatements": [{"maxAge": 1, "endDate": "2020-03-31", "cash": 381000, "netReceivables": 14069000, "inventory": 105569000, "otherCurrentAssets": 2350000, "totalCurrentAssets": 122369000, "longTermInvestments": 12203000, "propertyPlantEquipment": 8000, "otherAssets": 1179000, "deferredLongTermAssetCharges": 7000, "totalAssets": 135759000, "accountsPayable": 24000, "otherCurrentLiab": 471000, "totalCurrentLiabilities": 495000, "totalLiab": 495000, "commonStock": 95322000, "treasuryStock": 39942000, "otherStockholderEquity": 39942000, "totalStockholderEquity": 135264000, "netTangibleAssets": 135264000}, {"maxAge": 1, "endDate": "2019-03-31", "cash": 19605000, "netReceivables": 32462000, "inventory": 28347000, "otherCurrentAssets": 557000, "totalCurrentAssets": 121686000, "longTermInvestments": 12203000, "propertyPlantEquipment": 8000, "otherAssets": 1369000, "deferredLongTermAssetCharges": 9000, "totalAssets": 135266000, "accountsPayable": 34000, "otherCurrentLiab": 234000, "totalCurrentLiabilities": 268000, "totalLiab": 268000, "commonStock": 95322000, "retainedEarnings": 1426000, "treasuryStock": 850000, "capitalSurplus": 37400000, "otherStockholderEquity": 850000, "totalStockholderEquity": 134998000, "netTangibleAssets": 134998000}, {"maxAge": 1, "endDate": "2018-03-31", "cash": 631000, "netReceivables": 19245000, "inventory": 33251000, "otherCurrentAssets": 635000, "totalCurrentAssets": 94462000, "longTermInvestments": 56467000, "propertyPlantEquipment": 27000, "otherAssets": 1397000, "deferredLongTermAssetCharges": 5000, "totalAssets": 152353000, "accountsPayable": 7000, "otherCurrentLiab": 146000, "totalCurrentLiabilities": 242000, "totalLiab": 242000, "commonStock": 95322000, "retainedEarnings": 18539000, "treasuryStock": 850000, "capitalSurplus": 37400000, "otherStockholderEquity": 850000, "totalStockholderEquity": 152111000, "netTangibleAssets": 152111000}, {"maxAge": 1, "endDate": "2017-03-31", "cash": 2470000, "netReceivables": 31497000, "inventory": 19562000, "otherCurrentAssets": 20000, "totalCurrentAssets": 94249000, "longTermInvestments": 55701000, "propertyPlantEquipment": 47000, "otherAssets": 1416000, "deferredLongTermAssetCharges": 3000, "totalAssets": 151413000, "accountsPayable": 7000, "otherCurrentLiab": 148000, "totalCurrentLiabilities": 248000, "totalLiab": 248000, "commonStock": 95322000, "retainedEarnings": 17593000, "treasuryStock": 850000, "capitalSurplus": 37400000, "otherStockholderEquity": 850000, "totalStockholderEquity": 151165000, "netTangibleAssets": 151165000}], "maxAge": 86400}, "financialData": {"maxAge": 86400, "currentPrice": 2.42, "recommendationKey": "none", "grossProfits": 1649000, "financialCurrency": "INR"}}}