{"DHABRIYA.BO": {"cashflowStatementHistory": {"cashflowStatements": [{"maxAge": 1, "endDate": "2020-03-31", "netIncome": 44107730, "depreciation": 35236497, "changeToNetincome": 55297702, "changeToAccountReceivables": -18115974, "changeToLiabilities": -20981795, "changeToInventory": 27694878, "changeToOperatingActivities": 567054, "totalCashFromOperatingActivities": 123806092, "capitalExpenditures": -49132762, "otherCashflowsFromInvestingActivities": 2277559, "totalCashflowsFromInvestingActivities": -44983639, "netBorrowings": -32337300, "otherCashflowsFromFinancingActivities": -49799346, "totalCashFromFinancingActivities": -82136646, "changeInCash": -3314193}, {"maxAge": 1, "endDate": "2019-03-31", "netIncome": 55610007, "depreciation": 35443257, "changeToNetincome": 51711616, "changeToAccountReceivables": -13481801, "changeToLiabilities": 11736014, "changeToInventory": -19922889, "changeToOperatingActivities": -38736547, "totalCashFromOperatingActivities": 82359657, "capitalExpenditures": -51771573, "otherCashflowsFromInvestingActivities": 1485524, "totalCashflowsFromInvestingActivities": -47803737, "netBorrowings": 26508789, "otherCashflowsFromFinancingActivities": -49553349, "totalCashFromFinancingActivities": -23044560, "changeInCash": 11511360}, {"maxAge": 1, "endDate": "2018-03-31", "netIncome": 68506312, "depreciation": 37982506, "changeToNetincome": 60880610, "changeToAccountReceivables": 7191588, "changeToLiabilities": -567400, "changeToInventory": -33308198, "changeToOperatingActivities": -37284300, "totalCashFromOperatingActivities": 103401118, "capitalExpenditures": -46752707, "otherCashflowsFromInvestingActivities": 1218560, "totalCashflowsFromInvestingActivities": -45534147, "netBorrowings": -16146906, "otherCashflowsFromFinancingActivities": -48277393, "totalCashFromFinancingActivities": -64424299, "changeInCash": -6557329}, {"maxAge": 1, "endDate": "2017-03-31", "netIncome": 49480942, "depreciation": 31973824, "changeToNetincome": 56523133, "changeToAccountReceivables": -19493907, "changeToLiabilities": 36342579, "changeToInventory": -56563932, "changeToOperatingActivities": -24212435, "totalCashFromOperatingActivities": 74052807, "capitalExpenditures": -71134005, "otherCashflowsFromInvestingActivities": 1506480, "totalCashflowsFromInvestingActivities": -69547525, "netBorrowings": 43248270, "otherCashflowsFromFinancingActivities": -41741553, "totalCashFromFinancingActivities": 1506717, "changeInCash": 6720869}], "maxAge": 86400}, "institutionOwnership": {"ownershipList": [], "maxAge": 1}, "balanceSheetHistoryQuarterly": {"balanceSheetStatements": [{"maxAge": 1, "endDate": "2020-06-30", "totalStockholderEquity": 504471000, "netTangibleAssets": 504471000}, {"maxAge": 1, "endDate": "2020-03-31", "cash": 27596753, "netReceivables": 290785802, "inventory": 303657747, "otherCurrentAssets": 62423646, "totalCurrentAssets": 693592512, "longTermInvestments": 18500, "propertyPlantEquipment": 428996997, "otherAssets": 22701680, "totalAssets": 1145309689, "accountsPayable": 87696540, "shortLongTermDebt": 33198921, "otherCurrentLiab": 59161682, "longTermDebt": 154725933, "otherLiab": 29430856, "minorityInterest": 360732, "totalCurrentLiabilities": 456681210, "totalLiab": 640837999, "commonStock": 108242450, "retainedEarnings": 395868508, "totalStockholderEquity": 504110958, "netTangibleAssets": 504110958}, {"maxAge": 1, "endDate": "2019-12-31", "totalStockholderEquity": 482116000, "netTangibleAssets": 482116000}, {"maxAge": 1, "endDate": "2019-09-30", "cash": 31645000, "netReceivables": 310617000, "inventory": 297950000, "otherCurrentAssets": 77018000, "totalCurrentAssets": 717230000, "longTermInvestments": 19000, "propertyPlantEquipment": 425981000, "otherAssets": 17176000, "totalAssets": 1160406000, "accountsPayable": 100557000, "otherCurrentLiab": 97325000, "longTermDebt": 185882000, "otherLiab": 26220000, "totalCurrentLiabilities": 466188000, "totalLiab": 678290000, "commonStock": 108242000, "retainedEarnings": 373874000, "totalStockholderEquity": 482116000, "netTangibleAssets": 482116000}], "maxAge": 86400}, "indexTrend": {"maxAge": 1, "symbol": "SP5", "peRatio": 19.7411, "pegRatio": 1.34172, "estimates": [{"period": "0q", "growth": 0.549}, {"period": "+1q", "growth": 0.431}, {"period": "0y", "growth": 0.305}, {"period": "+1y", "growth": 0.109}, {"period": "+5y", "growth": 0.120859005}, {"period": "-5y"}]}, "insiderTransactions": {"transactions": [{"maxAge": 1, "shares": 11000, "filerUrl": "", "transactionText": "", "filerName": "Dhabriya (Digvijay)", "filerRelation": "Chairman of the Board", "moneyText": "", "startDate": "2017-11-27", "ownership": "D"}, {"maxAge": 1, "shares": 12074, "filerUrl": "", "transactionText": "", "filerName": "Dhabriya (Shreyansh)", "filerRelation": "Director", "moneyText": "", "startDate": "2017-08-21", "ownership": "D"}, {"maxAge": 1, "shares": 12526, "filerUrl": "", "transactionText": "", "filerName": "Dhabriya (Anita)", "filerRelation": "Wholetime Director", "moneyText": "", "startDate": "2017-04-01", "ownership": "D"}, {"maxAge": 1, "shares": 210488, "filerUrl": "", "transactionText": "", "filerName": "Dhabriya (Digvijay)", "filerRelation": "Chairman of the Board", "moneyText": "", "startDate": "2017-04-01", "ownership": "D"}, {"maxAge": 1, "shares": 21081, "filerUrl": "", "transactionText": "", "filerName": "Dhabriya (Digvijay) HUF", "filerRelation": "Promoter", "moneyText": "", "startDate": "2017-04-01", "ownership": "D"}, {"maxAge": 1, "shares": 130000, "filerUrl": "", "transactionText": "", "filerName": "Dhabriya (Digvijay)", "filerRelation": "Chairman of the Board", "moneyText": "", "startDate": "2017-01-11", "ownership": "D"}, {"maxAge": 1, "shares": 40000, "filerUrl": "", "transactionText": "", "filerName": "Dhabriya (Digvijay)", "filerRelation": "Chairman of the Board", "moneyText": "", "startDate": "2016-09-30", "ownership": "D"}, {"maxAge": 1, "shares": 20000, "filerUrl": "", "transactionText": "", "filerName": "Dhabriya (Shreyansh)", "filerRelation": "Wholetime Director", "moneyText": "", "startDate": "2016-09-30", "ownership": "D"}, {"maxAge": 1, "shares": 262700, "filerUrl": "", "transactionText": "", "filerName": "Dhabriya (Anita)", "filerRelation": "Wholetime Director", "moneyText": "", "startDate": "2016-05-16", "ownership": "D"}], "maxAge": 1}, "quoteType": {"exchange": "BSE", "quoteType": "EQUITY", "symbol": "DHABRIYA.BO", "underlyingSymbol": "DHABRIYA.BO", "shortName": "Dhabriya Polywood Limited", "longName": "Dhabriya Polywood Limited", "firstTradeDateEpochUtc": "2014-10-17 09:15:00", "timeZoneFullName": "Asia/Kolkata", "timeZoneShortName": "IST", "uuid": "b7d8e08b-53fc-3937-b59d-61a522e9c72f", "gmtOffSetMilliseconds": 19800000, "maxAge": 1}, "incomeStatementHistory": {"incomeStatementHistory": [{"maxAge": 1, "endDate": "2020-03-31", "totalRevenue": 1119642712, "costOfRevenue": 619073381, "grossProfit": 500569331, "researchDevelopment": {}, "sellingGeneralAdministrative": 206832817, "nonRecurring": {}, "otherOperatingExpenses": 146247388, "totalOperatingExpenses": 1007390083, "operatingIncome": 112252629, "totalOtherIncomeExpenseNet": -50049543, "ebit": 112252629, "interestExpense": -46728381, "incomeBeforeTax": 62203086, "incomeTaxExpense": 18082837, "minorityInterest": 360732, "netIncomeFromContinuingOps": 44120249, "discontinuedOperations": {}, "extraordinaryItems": {}, "effectOfAccountingCharges": {}, "otherItems": {}, "netIncome": 44107730, "netIncomeApplicableToCommonShares": 44107730}, {"maxAge": 1, "endDate": "2019-03-31", "totalRevenue": 1207721410, "costOfRevenue": 673041594, "grossProfit": 534679816, "researchDevelopment": {}, "sellingGeneralAdministrative": 223143386, "nonRecurring": {}, "otherOperatingExpenses": 151781347, "totalOperatingExpenses": 1083409584, "operatingIncome": 124311826, "totalOtherIncomeExpenseNet": -45877529, "ebit": 124311826, "interestExpense": -46412389, "incomeBeforeTax": 78434297, "incomeTaxExpense": 22787590, "minorityInterest": 348213, "netIncomeFromContinuingOps": 55646707, "discontinuedOperations": {}, "extraordinaryItems": {}, "effectOfAccountingCharges": {}, "otherItems": {}, "netIncome": 55610007, "netIncomeApplicableToCommonShares": 55610007}, {"maxAge": 1, "endDate": "2018-03-31", "totalRevenue": 1321567261, "costOfRevenue": 724494111, "grossProfit": 597073150, "researchDevelopment": {}, "sellingGeneralAdministrative": 226912371, "nonRecurring": {}, "otherOperatingExpenses": 188120043, "totalOperatingExpenses": 1177509031, "operatingIncome": 144058230, "totalOtherIncomeExpenseNet": -45475909, "ebit": 144058230, "interestExpense": -45732834, "incomeBeforeTax": 98582321, "incomeTaxExpense": 29967316, "minorityInterest": 311513, "netIncomeFromContinuingOps": 68615005, "discontinuedOperations": {}, "extraordinaryItems": {}, "effectOfAccountingCharges": {}, "otherItems": {}, "netIncome": 68506312, "netIncomeApplicableToCommonShares": 68506312}, {"maxAge": 1, "endDate": "2017-03-31", "totalRevenue": 979462581, "costOfRevenue": 509734319, "grossProfit": 469728262, "researchDevelopment": {}, "sellingGeneralAdministrative": 147955124, "nonRecurring": {}, "otherOperatingExpenses": 176194503, "totalOperatingExpenses": 865857770, "operatingIncome": 113604811, "totalOtherIncomeExpenseNet": -38451968, "ebit": 113604811, "interestExpense": -38990363, "incomeBeforeTax": 75152843, "incomeTaxExpense": 25611654, "minorityInterest": 202820, "netIncomeFromContinuingOps": 49541189, "discontinuedOperations": {}, "extraordinaryItems": {}, "effectOfAccountingCharges": {}, "otherItems": {}, "netIncome": 49480942, "netIncomeApplicableToCommonShares": 49480942}], "maxAge": 86400}, "fundOwnership": {"ownershipList": [], "maxAge": 1}, "summaryDetail": {"maxAge": 1, "priceHint": 2, "previousClose": 49.35, "open": 49.35, "dayLow": 47.1, "dayHigh": 52.95, "regularMarketPreviousClose": 49.35, "regularMarketOpen": 49.35, "regularMarketDayLow": 47.1, "regularMarketDayHigh": 52.95, "trailingPE": 22.890736, "volume": 3762, "regularMarketVolume": 3762, "averageVolume": 3033, "averageVolume10days": 1649, "averageDailyVolume10Day": 1649, "bid": 45.75, "ask": 49.65, "bidSize": 0, "askSize": 0, "marketCap": 537421568, "fiftyTwoWeekLow": 24.05, "fiftyTwoWeekHigh": 55.3, "fiftyDayAverage": 35.389393, "twoHundredDayAverage": 32.361763, "currency": "INR", "fromCurrency": null, "lastMarket": null, "algorithm": null, "tradeable": false}, "incomeStatementHistoryQuarterly": {"incomeStatementHistory": [{"maxAge": 1, "endDate": "2020-06-30", "totalRevenue": 118817000, "costOfRevenue": 64955000, "grossProfit": 53862000, "researchDevelopment": {}, "sellingGeneralAdministrative": 27965000, "nonRecurring": {}, "otherOperatingExpenses": 19167000, "totalOperatingExpenses": 119888000, "operatingIncome": -1071000, "totalOtherIncomeExpenseNet": -10829000, "ebit": -1071000, "interestExpense": -11477000, "incomeBeforeTax": -11900000, "incomeTaxExpense": 901000, "minorityInterest": {}, "netIncomeFromContinuingOps": -12801000, "discontinuedOperations": {}, "extraordinaryItems": {}, "effectOfAccountingCharges": {}, "otherItems": {}, "netIncome": -12799000, "netIncomeApplicableToCommonShares": -12799000}, {"maxAge": 1, "endDate": "2020-03-31", "totalRevenue": 260204712, "costOfRevenue": 141309381, "grossProfit": 118895331, "researchDevelopment": {}, "sellingGeneralAdministrative": 55358817, "nonRecurring": {}, "otherOperatingExpenses": 28838388, "totalOperatingExpenses": 233245083, "operatingIncome": 26959629, "totalOtherIncomeExpenseNet": -15331543, "ebit": 26959629, "interestExpense": -9730381, "incomeBeforeTax": 11628086, "incomeTaxExpense": 5788837, "minorityInterest": 360732, "netIncomeFromContinuingOps": 5839249, "discontinuedOperations": {}, "extraordinaryItems": {}, "effectOfAccountingCharges": {}, "otherItems": {}, "netIncome": 5830730, "netIncomeApplicableToCommonShares": 5830730}, {"maxAge": 1, "endDate": "2019-12-31", "totalRevenue": 286782000, "costOfRevenue": 143933000, "grossProfit": 142849000, "researchDevelopment": {}, "sellingGeneralAdministrative": 51017000, "nonRecurring": {}, "otherOperatingExpenses": 46166000, "totalOperatingExpenses": 250385000, "operatingIncome": 36397000, "totalOtherIncomeExpenseNet": -12115000, "ebit": 36397000, "interestExpense": -12799000, "incomeBeforeTax": 24282000, "incomeTaxExpense": 6043000, "minorityInterest": 360732, "netIncomeFromContinuingOps": 18239000, "discontinuedOperations": {}, "extraordinaryItems": {}, "effectOfAccountingCharges": {}, "otherItems": {}, "netIncome": 18213000, "netIncomeApplicableToCommonShares": 18213000}, {"maxAge": 1, "endDate": "2019-09-30", "totalRevenue": 290317000, "costOfRevenue": 167383000, "grossProfit": 122934000, "researchDevelopment": {}, "sellingGeneralAdministrative": 51427000, "nonRecurring": {}, "otherOperatingExpenses": 35755000, "totalOperatingExpenses": 264219000, "operatingIncome": 26098000, "totalOtherIncomeExpenseNet": -11302000, "ebit": 26098000, "interestExpense": -11958000, "incomeBeforeTax": 14796000, "incomeTaxExpense": 2510000, "minorityInterest": 360732, "netIncomeFromContinuingOps": 12286000, "discontinuedOperations": {}, "extraordinaryItems": {}, "effectOfAccountingCharges": {}, "otherItems": {}, "netIncome": 12285000, "netIncomeApplicableToCommonShares": 12285000}], "maxAge": 86400}, "cashflowStatementHistoryQuarterly": {"cashflowStatements": [{"maxAge": 1, "endDate": "2020-06-30", "netIncome": -12799000, "changeToLiabilities": 0}, {"maxAge": 1, "endDate": "2020-03-31", "netIncome": 5830730, "changeToLiabilities": 0}, {"maxAge": 1, "endDate": "2019-12-31", "netIncome": 18213000, "changeToLiabilities": 0}, {"maxAge": 1, "endDate": "2019-09-30", "netIncome": 12285000, "changeToLiabilities": 0}], "maxAge": 86400}, "insiderHolders": {"holders": [{"maxAge": 1, "name": "Dhabriya (Anita)", "relation": "Wholetime Director", "url": "", "transactionDescription": "Other", "latestTransDate": "2017-04-01", "positionDirect": 470226, "positionDirectDate": "2017-04-01"}, {"maxAge": 1, "name": "Dhabriya (Digvijay)", "relation": "Chairman of the Board", "url": "", "transactionDescription": "Acquisition", "latestTransDate": "2017-11-27", "positionDirect": 7192238, "positionDirectDate": "2017-11-27"}, {"maxAge": 1, "name": "Dhabriya (Digvijay) HUF", "relation": "Promoter", "url": "", "transactionDescription": "Other", "latestTransDate": "2017-04-01", "positionDirect": 330331, "positionDirectDate": "2017-04-01"}, {"maxAge": 1, "name": "Dhabriya (Shreyansh)", "relation": "Director", "url": "", "transactionDescription": "Acquisition", "latestTransDate": "2017-08-21", "positionDirect": 32074, "positionDirectDate": "2017-08-21"}], "maxAge": 1}, "calendarEvents": {"maxAge": 1, "earnings": {"earningsDate": []}}, "upgradeDowngradeHistory": {"history": [], "maxAge": 86400}, "price": {"maxAge": 1, "regularMarketChangePercent": 0.00607909, "regularMarketChange": 0.30000305, "regularMarketTime": "2021-04-30 15:42:47", "priceHint": 2, "regularMarketPrice": 49.65, "regularMarketDayHigh": 52.95, "regularMarketDayLow": 47.1, "regularMarketVolume": 3762, "averageDailyVolume10Day": 1649, "averageDailyVolume3Month": 3033, "regularMarketPreviousClose": 49.35, "regularMarketSource": "FREE_REALTIME", "regularMarketOpen": 49.35, "exchange": "BSE", "exchangeName": "BSE", "exchangeDataDelayedBy": 0, "marketState": "CLOSED", "quoteType": "EQUITY", "symbol": "DHABRIYA.BO", "underlyingSymbol": null, "shortName": "Dhabriya Polywood Limited", "longName": "Dhabriya Polywood Limited", "currency": "INR", "quoteSourceName": "Delayed Quote", "currencySymbol": "\u20b9", "fromCurrency": null, "lastMarket": null, "marketCap": 537421568}, "balanceSheetHistory": {"balanceSheetStatements": [{"maxAge": 1, "endDate": "2020-03-31", "cash": 27596753, "netReceivables": 290785802, "inventory": 303657747, "otherCurrentAssets": 62423646, "totalCurrentAssets": 693592512, "longTermInvestments": 18500, "propertyPlantEquipment": 428996997, "otherAssets": 22701680, "totalAssets": 1145309689, "accountsPayable": 87696540, "shortLongTermDebt": 33198921, "otherCurrentLiab": 59161682, "longTermDebt": 154725933, "otherLiab": 29430856, "minorityInterest": 360732, "totalCurrentLiabilities": 456681210, "totalLiab": 640837999, "commonStock": 108242450, "retainedEarnings": 395868508, "totalStockholderEquity": 504110958, "netTangibleAssets": 504110958}, {"maxAge": 1, "endDate": "2019-03-31", "cash": 30910946, "netReceivables": 271911738, "inventory": 331352625, "otherCurrentAssets": 59153292, "totalCurrentAssets": 702515186, "longTermInvestments": 18500, "propertyPlantEquipment": 415198691, "otherAssets": 28461536, "totalAssets": 1146193913, "accountsPayable": 108678335, "shortLongTermDebt": 30688686, "otherCurrentLiab": 50554369, "longTermDebt": 195756068, "otherLiab": 26939211, "minorityInterest": 348213, "totalCurrentLiabilities": 461424951, "totalLiab": 684120230, "commonStock": 108242450, "retainedEarnings": 353483020, "totalStockholderEquity": 461725470, "netTangibleAssets": 461725470}, {"maxAge": 1, "endDate": "2018-03-31", "cash": 19399586, "netReceivables": 259323877, "inventory": 311429736, "otherCurrentAssets": 32193202, "totalCurrentAssets": 627012554, "longTermInvestments": 18500, "propertyPlantEquipment": 416328769, "otherAssets": 25612332, "totalAssets": 1068972155, "accountsPayable": 96942321, "shortLongTermDebt": 29928484, "otherCurrentLiab": 72753657, "longTermDebt": 169506579, "otherLiab": 25489731, "minorityInterest": 311513, "totalCurrentLiabilities": 468526441, "totalLiab": 663522751, "commonStock": 108242450, "retainedEarnings": 296895442, "totalStockholderEquity": 405137892, "netTangibleAssets": 405137892}, {"maxAge": 1, "endDate": "2017-03-31", "cash": 24692521, "netReceivables": 237748475, "inventory": 222375483, "otherCurrentAssets": 24078979, "totalCurrentAssets": 512050866, "longTermInvestments": 15500, "propertyPlantEquipment": 386080128, "otherAssets": 19216732, "totalAssets": 917363226, "accountsPayable": 84267548, "shortLongTermDebt": 38461495, "otherCurrentLiab": 75633603, "longTermDebt": 190212447, "otherLiab": 21631114, "minorityInterest": 202820, "totalCurrentLiabilities": 401546516, "totalLiab": 613390077, "commonStock": 105801500, "retainedEarnings": 197968829, "totalStockholderEquity": 303770329, "netTangibleAssets": 303770329}], "maxAge": 86400}, "financialData": {"maxAge": 86400, "currentPrice": 49.65, "recommendationKey": "none", "grossProfits": 500569331, "financialCurrency": "INR"}}}