{"DHAMPURE.BO": {"cashflowStatementHistory": {"cashflowStatements": [{"maxAge": 1, "endDate": "2020-03-31", "netIncome": -2462110, "depreciation": 2571379, "changeToNetincome": 153771, "changeToLiabilities": 0, "changeToOperatingActivities": -5888323, "totalCashFromOperatingActivities": -5625283, "capitalExpenditures": -4928105, "totalCashflowsFromInvestingActivities": -13143145, "otherCashflowsFromFinancingActivities": -3587209, "totalCashFromFinancingActivities": -3587209, "changeInCash": -22355637}, {"maxAge": 1, "endDate": "2019-03-31", "netIncome": 5199551, "depreciation": 2775420, "changeToNetincome": 481513, "changeToLiabilities": 0, "changeToOperatingActivities": 20112810, "totalCashFromOperatingActivities": 28569294, "capitalExpenditures": -26889844, "otherCashflowsFromInvestingActivities": -3570000, "totalCashflowsFromInvestingActivities": -59355262, "otherCashflowsFromFinancingActivities": 43436641, "totalCashFromFinancingActivities": 51919641, "changeInCash": 21133673, "issuanceOfStock": 8483000}, {"maxAge": 1, "endDate": "2018-03-31", "netIncome": 3434268, "depreciation": 1805613, "changeToNetincome": 4280085, "changeToLiabilities": 0, "changeToOperatingActivities": -8316563, "totalCashFromOperatingActivities": 1203403, "capitalExpenditures": -10230527, "otherCashflowsFromInvestingActivities": 40303738, "totalCashflowsFromInvestingActivities": -5245958, "netBorrowings": 980571, "otherCashflowsFromFinancingActivities": -1755789, "totalCashFromFinancingActivities": 2974782, "changeInCash": -1067773, "issuanceOfStock": 3750000}, {"maxAge": 1, "endDate": "2017-03-31", "netIncome": 7442338, "depreciation": 1646000, "changeToNetincome": 9342662, "changeToLiabilities": 0, "changeToOperatingActivities": -25254000, "totalCashFromOperatingActivities": -6823000, "capitalExpenditures": -10737000, "otherCashflowsFromInvestingActivities": -2100000, "totalCashflowsFromInvestingActivities": 12295000, "netBorrowings": 980571, "otherCashflowsFromFinancingActivities": -2796000, "totalCashFromFinancingActivities": -2675000, "changeInCash": 2797000, "issuanceOfStock": 121000}], "maxAge": 86400}, "institutionOwnership": {"maxAge": 1, "ownershipList": []}, "balanceSheetHistoryQuarterly": {"balanceSheetStatements": [{"maxAge": 1, "endDate": "2020-06-30", "totalStockholderEquity": 225407366, "netTangibleAssets": 225407366}, {"maxAge": 1, "endDate": "2020-03-31", "cash": 3561769, "netReceivables": 18876540, "inventory": 17420448, "otherCurrentAssets": 2956389, "totalCurrentAssets": 42838365, "longTermInvestments": 29278553, "propertyPlantEquipment": 107514303, "otherAssets": 129329846, "deferredLongTermAssetCharges": 2197931, "totalAssets": 308961067, "accountsPayable": 9620168, "otherCurrentLiab": 2280777, "longTermDebt": 613160, "otherLiab": 43480693, "totalCurrentLiabilities": 39459848, "totalLiab": 83553701, "commonStock": 79312000, "treasuryStock": 146095366, "otherStockholderEquity": 146095366, "totalStockholderEquity": 225407366, "netTangibleAssets": 225407366}, {"maxAge": 1, "endDate": "2019-12-31", "totalStockholderEquity": 179860039, "netTangibleAssets": 179860039}, {"maxAge": 1, "endDate": "2019-09-30", "cash": 3824704, "netReceivables": 21955835, "inventory": 9383880, "otherCurrentAssets": 5826391, "totalCurrentAssets": 40990810, "longTermInvestments": 29478553, "propertyPlantEquipment": 89904979, "otherAssets": 124748379, "deferredLongTermAssetCharges": 3038204, "totalAssets": 285122721, "accountsPayable": 6322767, "otherCurrentLiab": 53665175, "otherLiab": 45274740, "totalCurrentLiabilities": 59987942, "totalLiab": 105262682, "commonStock": 79512000, "treasuryStock": 100348039, "otherStockholderEquity": 100348039, "totalStockholderEquity": 179860039, "netTangibleAssets": 179860039}], "maxAge": 86400}, "indexTrend": {"maxAge": 1, "symbol": "SP5", "peRatio": 19.7411, "pegRatio": 1.34172, "estimates": [{"period": "0q", "growth": 0.549}, {"period": "+1q", "growth": 0.431}, {"period": "0y", "growth": 0.305}, {"period": "+1y", "growth": 0.109}, {"period": "+5y", "growth": 0.120859005}, {"period": "-5y"}]}, "insiderTransactions": {"transactions": [{"maxAge": 1, "shares": 395000, "filerUrl": "", "transactionText": "", "filerName": "Gupta (Sorabh)", "filerRelation": "Managing Director", "moneyText": "", "startDate": "2019-03-16", "ownership": "D"}], "maxAge": 1}, "quoteType": {"exchange": "BSE", "quoteType": "EQUITY", "symbol": "DHAMPURE.BO", "underlyingSymbol": "DHAMPURE.BO", "shortName": "DHAMPURE SPECIALITY SUGARS LTD", "longName": "Dhampure Speciality Sugars Limited", "firstTradeDateEpochUtc": "2000-10-09 09:15:00", "timeZoneFullName": "Asia/Kolkata", "timeZoneShortName": "IST", "uuid": "84ce8858-88b9-3846-8b4f-068257ce27d7", "messageBoardId": null, "gmtOffSetMilliseconds": 19800000, "maxAge": 1}, "incomeStatementHistory": {"incomeStatementHistory": [{"maxAge": 1, "endDate": "2020-03-31", "totalRevenue": 75757678, "costOfRevenue": 44819299, "grossProfit": 30938379, "researchDevelopment": {}, "sellingGeneralAdministrative": 17654230, "nonRecurring": {}, "otherOperatingExpenses": 4477780, "totalOperatingExpenses": 69522688, "operatingIncome": 6234990, "totalOtherIncomeExpenseNet": -37951, "ebit": 6234990, "interestExpense": -96918, "incomeBeforeTax": 6197039, "incomeTaxExpense": 8659149, "minorityInterest": {}, "netIncomeFromContinuingOps": -2462110, "discontinuedOperations": {}, "extraordinaryItems": {}, "effectOfAccountingCharges": {}, "otherItems": {}, "netIncome": -2462110, "netIncomeApplicableToCommonShares": -2462110}, {"maxAge": 1, "endDate": "2019-03-31", "totalRevenue": 85098808, "costOfRevenue": 46832815, "grossProfit": 38265993, "researchDevelopment": {}, "sellingGeneralAdministrative": 16792726, "nonRecurring": {}, "otherOperatingExpenses": 11099853, "totalOperatingExpenses": 77500814, "operatingIncome": 7597994, "totalOtherIncomeExpenseNet": -370608, "ebit": 7597994, "interestExpense": -405604, "incomeBeforeTax": 7227386, "incomeTaxExpense": 2027835, "minorityInterest": {}, "netIncomeFromContinuingOps": 5199551, "discontinuedOperations": {}, "extraordinaryItems": {}, "effectOfAccountingCharges": {}, "otherItems": {}, "netIncome": 5199551, "netIncomeApplicableToCommonShares": 5199551}, {"maxAge": 1, "endDate": "2018-03-31", "totalRevenue": 86460807, "costOfRevenue": 61342425, "grossProfit": 25118382, "researchDevelopment": {}, "sellingGeneralAdministrative": 14702084, "nonRecurring": {}, "otherOperatingExpenses": 2372124, "totalOperatingExpenses": 80222246, "operatingIncome": 6238561, "totalOtherIncomeExpenseNet": -1853188, "ebit": 6238561, "interestExpense": -2178879, "incomeBeforeTax": 4385373, "incomeTaxExpense": 951105, "minorityInterest": {}, "netIncomeFromContinuingOps": 3434268, "discontinuedOperations": {}, "extraordinaryItems": {}, "effectOfAccountingCharges": {}, "otherItems": {}, "netIncome": 3434268, "netIncomeApplicableToCommonShares": 3434268}, {"maxAge": 1, "endDate": "2017-03-31", "totalRevenue": 231529434, "costOfRevenue": 202894434, "grossProfit": 28635000, "researchDevelopment": {}, "sellingGeneralAdministrative": 11671904, "nonRecurring": {}, "otherOperatingExpenses": 2088079, "totalOperatingExpenses": 218300679, "operatingIncome": 13228755, "totalOtherIncomeExpenseNet": -2171341, "ebit": 13228755, "interestExpense": -2678027, "incomeBeforeTax": 11057414, "incomeTaxExpense": 3615076, "minorityInterest": {}, "netIncomeFromContinuingOps": 7442338, "discontinuedOperations": {}, "extraordinaryItems": {}, "effectOfAccountingCharges": {}, "otherItems": {}, "netIncome": 7442338, "netIncomeApplicableToCommonShares": 7442338}], "maxAge": 86400}, "fundOwnership": {"maxAge": 1, "ownershipList": []}, "summaryDetail": {"maxAge": 1, "priceHint": 2, "previousClose": 24.05, "open": 24.0, "dayLow": 23.05, "dayHigh": 25.75, "regularMarketPreviousClose": 24.05, "regularMarketOpen": 24.0, "regularMarketDayLow": 23.05, "regularMarketDayHigh": 25.75, "volume": 16783, "regularMarketVolume": 16783, "averageVolume": 4963, "averageVolume10days": 2575, "averageDailyVolume10Day": 2575, "bid": 0.0, "ask": 24.5, "bidSize": 0, "askSize": 0, "marketCap": 194314400, "fiftyTwoWeekLow": 9.36, "fiftyTwoWeekHigh": 25.75, "fiftyDayAverage": 21.457144, "twoHundredDayAverage": 18.208248, "currency": "INR", "fromCurrency": null, "toCurrency": null, "lastMarket": null, "algorithm": null, "tradeable": false}, "incomeStatementHistoryQuarterly": {"incomeStatementHistory": [{"maxAge": 1, "endDate": "2020-06-30", "totalRevenue": 25421000, "costOfRevenue": 15209000, "grossProfit": 10212000, "researchDevelopment": {}, "sellingGeneralAdministrative": 4036000, "nonRecurring": {}, "otherOperatingExpenses": 2870000, "totalOperatingExpenses": 22648000, "operatingIncome": 2773000, "totalOtherIncomeExpenseNet": -134000, "ebit": 2773000, "interestExpense": -134000, "incomeBeforeTax": 2639000, "incomeTaxExpense": 3376000, "minorityInterest": {}, "netIncomeFromContinuingOps": -737000, "discontinuedOperations": {}, "extraordinaryItems": {}, "effectOfAccountingCharges": {}, "otherItems": {}, "netIncome": -737000, "netIncomeApplicableToCommonShares": -737000}, {"maxAge": 1, "endDate": "2020-03-31", "totalRevenue": 12780678, "costOfRevenue": 10109299, "grossProfit": 2671379, "researchDevelopment": {}, "sellingGeneralAdministrative": 7081230, "nonRecurring": {}, "otherOperatingExpenses": -8150220, "totalOperatingExpenses": 10286688, "operatingIncome": 2493990, "totalOtherIncomeExpenseNet": 98049, "ebit": 2493990, "interestExpense": -134000, "incomeBeforeTax": 2592039, "incomeTaxExpense": 7008149, "minorityInterest": {}, "netIncomeFromContinuingOps": -4416110, "discontinuedOperations": {}, "extraordinaryItems": {}, "effectOfAccountingCharges": {}, "otherItems": {}, "netIncome": -4416110, "netIncomeApplicableToCommonShares": -4416110}, {"maxAge": 1, "endDate": "2019-12-31", "totalRevenue": 28552000, "costOfRevenue": 17966000, "grossProfit": 10586000, "researchDevelopment": {}, "sellingGeneralAdministrative": 3509000, "nonRecurring": {}, "otherOperatingExpenses": 4479000, "totalOperatingExpenses": 26203000, "operatingIncome": 2349000, "totalOtherIncomeExpenseNet": -26000, "ebit": 2349000, "interestExpense": -26000, "incomeBeforeTax": 2323000, "incomeTaxExpense": 604000, "minorityInterest": {}, "netIncomeFromContinuingOps": 1719000, "discontinuedOperations": {}, "extraordinaryItems": {}, "effectOfAccountingCharges": {}, "otherItems": {}, "netIncome": 1719000, "netIncomeApplicableToCommonShares": 1719000}, {"maxAge": 1, "endDate": "2019-09-30", "totalRevenue": 12610000, "costOfRevenue": 4497000, "grossProfit": 8113000, "researchDevelopment": {}, "sellingGeneralAdministrative": 3655000, "nonRecurring": {}, "otherOperatingExpenses": 3236000, "totalOperatingExpenses": 12167000, "operatingIncome": 443000, "totalOtherIncomeExpenseNet": -57000, "ebit": 443000, "interestExpense": -54000, "incomeBeforeTax": 386000, "incomeTaxExpense": 260000, "minorityInterest": {}, "netIncomeFromContinuingOps": 126000, "discontinuedOperations": {}, "extraordinaryItems": {}, "effectOfAccountingCharges": {}, "otherItems": {}, "netIncome": 126000, "netIncomeApplicableToCommonShares": 126000}], "maxAge": 86400}, "cashflowStatementHistoryQuarterly": {"cashflowStatements": [{"maxAge": 1, "endDate": "2020-06-30", "netIncome": -737000, "changeToLiabilities": 0}, {"maxAge": 1, "endDate": "2020-03-31", "netIncome": -4416110, "changeToLiabilities": 0}, {"maxAge": 1, "endDate": "2019-12-31", "netIncome": 1719000, "changeToLiabilities": 0}, {"maxAge": 1, "endDate": "2019-09-30", "netIncome": 126000, "changeToLiabilities": 0}], "maxAge": 86400}, "insiderHolders": {"holders": [{"maxAge": 1, "name": "Gupta (Sorabh)", "relation": "Managing Director", "url": "", "transactionDescription": "Acquisition", "latestTransDate": "2019-03-16", "positionDirect": 3511813, "positionDirectDate": "2019-03-16"}], "maxAge": 1}, "calendarEvents": {"maxAge": 1, "earnings": {"earningsDate": []}}, "price": {"maxAge": 1, "regularMarketChangePercent": 0.018711051, "regularMarketChange": 0.45000076, "regularMarketTime": "2021-04-30 15:58:42", "priceHint": 2, "regularMarketPrice": 24.5, "regularMarketDayHigh": 25.75, "regularMarketDayLow": 23.05, "regularMarketVolume": 16783, "averageDailyVolume10Day": 2575, "averageDailyVolume3Month": 4963, "regularMarketPreviousClose": 24.05, "regularMarketSource": "FREE_REALTIME", "regularMarketOpen": 24.0, "exchange": "BSE", "exchangeName": "BSE", "exchangeDataDelayedBy": 0, "marketState": "CLOSED", "quoteType": "EQUITY", "symbol": "DHAMPURE.BO", "underlyingSymbol": null, "shortName": "DHAMPURE SPECIALITY SUGARS LTD", "longName": "Dhampure Speciality Sugars Limited", "currency": "INR", "quoteSourceName": "Delayed Quote", "currencySymbol": "\u20b9", "fromCurrency": null, "toCurrency": null, "lastMarket": null, "marketCap": 194314400}, "balanceSheetHistory": {"balanceSheetStatements": [{"maxAge": 1, "endDate": "2020-03-31", "cash": 3561769, "netReceivables": 18876540, "inventory": 17420448, "otherCurrentAssets": 2956389, "totalCurrentAssets": 42838365, "longTermInvestments": 29278553, "propertyPlantEquipment": 107514303, "otherAssets": 129329846, "deferredLongTermAssetCharges": 2197931, "totalAssets": 308961067, "accountsPayable": 9620168, "otherCurrentLiab": 2280777, "longTermDebt": 613160, "otherLiab": 43480693, "totalCurrentLiabilities": 39459848, "totalLiab": 83553701, "commonStock": 79312000, "treasuryStock": 146095366, "otherStockholderEquity": 146095366, "totalStockholderEquity": 225407366, "netTangibleAssets": 225407366}, {"maxAge": 1, "endDate": "2019-03-31", "cash": 25917406, "netReceivables": 20010495, "inventory": 15176365, "otherCurrentAssets": 2918810, "totalCurrentAssets": 64118766, "longTermInvestments": 29478553, "propertyPlantEquipment": 105153778, "otherAssets": 121118609, "deferredLongTermAssetCharges": 10044005, "totalAssets": 319869706, "accountsPayable": 12633243, "otherCurrentLiab": 3046019, "longTermDebt": 1091354, "otherLiab": 46435938, "totalCurrentLiabilities": 44272936, "totalLiab": 91800228, "commonStock": 79512000, "treasuryStock": 148557478, "otherStockholderEquity": 148557478, "totalStockholderEquity": 228069478, "netTangibleAssets": 228069478}, {"maxAge": 1, "endDate": "2018-03-31", "cash": 4783732, "netReceivables": 21644931, "inventory": 16142710, "otherCurrentAssets": 3612171, "totalCurrentAssets": 46276881, "longTermInvestments": 25908553, "propertyPlantEquipment": 90607744, "otherAssets": 83395410, "deferredLongTermAssetCharges": 10927834, "totalAssets": 246188588, "accountsPayable": 16756321, "otherCurrentLiab": 9264507, "otherLiab": 3615215, "totalCurrentLiabilities": 27451914, "totalLiab": 31067129, "commonStock": 75562000, "treasuryStock": 139559459, "otherStockholderEquity": 139559459, "totalStockholderEquity": 215121459, "netTangibleAssets": 215121459}, {"maxAge": 1, "endDate": "2017-03-31", "cash": 5851505, "netReceivables": 34705276, "inventory": 21347976, "otherCurrentAssets": 4181149, "totalCurrentAssets": 66085906, "longTermInvestments": 66212291, "propertyPlantEquipment": 82182830, "otherAssets": 48076241, "deferredLongTermAssetCharges": 11320307, "totalAssets": 262557268, "accountsPayable": 24297347, "otherCurrentLiab": 4655717, "otherLiab": 2624440, "totalCurrentLiabilities": 54509730, "totalLiab": 57134170, "commonStock": 72012000, "treasuryStock": 133411098, "otherStockholderEquity": 133411098, "totalStockholderEquity": 205423098, "netTangibleAssets": 205423098}], "maxAge": 86400}, "financialData": {"maxAge": 86400, "currentPrice": 24.5, "recommendationKey": "none", "grossProfits": 30938379, "financialCurrency": "INR"}}}