{"DHANADACO.BO": {"cashflowStatementHistory": {"cashflowStatements": [{"maxAge": 1, "endDate": "2020-03-31", "netIncome": -33265000, "depreciation": 7580000, "changeToNetincome": 37236000, "changeToAccountReceivables": -1523000, "changeToLiabilities": 1574000, "changeToInventory": 74000, "changeToOperatingActivities": -15340000, "totalCashFromOperatingActivities": -3664000, "capitalExpenditures": -184000, "otherCashflowsFromInvestingActivities": 533000, "totalCashflowsFromInvestingActivities": 349000, "netBorrowings": 447000, "otherCashflowsFromFinancingActivities": -447000, "changeInCash": -3316000}, {"maxAge": 1, "endDate": "2019-03-31", "netIncome": -16534250, "depreciation": 9756988, "changeToNetincome": 30859192, "changeToAccountReceivables": -8297152, "changeToLiabilities": -2347691, "changeToInventory": 119327, "changeToOperatingActivities": -944776, "totalCashFromOperatingActivities": 12647505, "capitalExpenditures": -559487, "otherCashflowsFromInvestingActivities": 447793, "totalCashflowsFromInvestingActivities": -111694, "netBorrowings": 933734, "otherCashflowsFromFinancingActivities": -378555, "totalCashFromFinancingActivities": 555179, "changeInCash": 13090993}, {"maxAge": 1, "endDate": "2018-03-31", "netIncome": -29937751, "depreciation": 11988574, "changeToNetincome": 41904931, "changeToAccountReceivables": -4531197, "changeToLiabilities": -495203, "changeToInventory": -379934, "changeToOperatingActivities": -7500015, "totalCashFromOperatingActivities": 11049401, "capitalExpenditures": -1692819, "otherCashflowsFromInvestingActivities": 479731, "totalCashflowsFromInvestingActivities": -1213088, "netBorrowings": -15619, "otherCashflowsFromFinancingActivities": -321642, "totalCashFromFinancingActivities": -337261, "changeInCash": 9499052}, {"maxAge": 1, "endDate": "2017-03-31", "netIncome": -34513847, "depreciation": 21000109, "changeToNetincome": 27190121, "changeToAccountReceivables": 1008519, "changeToLiabilities": 1060432, "changeToInventory": 48763, "changeToOperatingActivities": 1835369, "totalCashFromOperatingActivities": 17723281, "capitalExpenditures": -2285868, "otherCashflowsFromInvestingActivities": 601025, "totalCashflowsFromInvestingActivities": -1684843, "netBorrowings": -5745920, "otherCashflowsFromFinancingActivities": -339670, "totalCashFromFinancingActivities": -6085590, "changeInCash": 9952849}], "maxAge": 86400}, "institutionOwnership": {"maxAge": 1, "ownershipList": []}, "balanceSheetHistoryQuarterly": {"balanceSheetStatements": [{"maxAge": 1, "endDate": "2020-06-30", "totalStockholderEquity": 109610000, "netTangibleAssets": 109554000}, {"maxAge": 1, "endDate": "2020-03-31", "cash": 29718000, "netReceivables": 15931000, "inventory": 1004000, "otherCurrentAssets": 38217000, "totalCurrentAssets": 84870000, "longTermInvestments": 5000, "propertyPlantEquipment": 254858000, "intangibleAssets": 56000, "otherAssets": 48016000, "totalAssets": 387805000, "accountsPayable": 4721000, "shortLongTermDebt": 256043000, "otherCurrentLiab": 9157000, "otherLiab": 8274000, "totalCurrentLiabilities": 269921000, "totalLiab": 278195000, "commonStock": 55934000, "treasuryStock": 53676000, "otherStockholderEquity": 53676000, "totalStockholderEquity": 109610000, "netTangibleAssets": 109554000}, {"maxAge": 1, "endDate": "2019-12-31", "totalStockholderEquity": 126653000, "netTangibleAssets": 126589000}, {"maxAge": 1, "endDate": "2019-09-30", "cash": 30390000, "netReceivables": 17892000, "inventory": 907000, "otherCurrentAssets": 32013000, "totalCurrentAssets": 81202000, "longTermInvestments": 5000, "propertyPlantEquipment": 258392000, "intangibleAssets": 64000, "otherAssets": 47855000, "totalAssets": 387518000, "accountsPayable": 4785000, "shortLongTermDebt": 237667000, "otherCurrentLiab": 11303000, "otherLiab": 7110000, "totalCurrentLiabilities": 253755000, "totalLiab": 260865000, "commonStock": 55934000, "treasuryStock": 70719000, "otherStockholderEquity": 70719000, "totalStockholderEquity": 126653000, "netTangibleAssets": 126589000}], "maxAge": 86400}, "indexTrend": {"maxAge": 1, "symbol": "SP5", "peRatio": 19.7411, "pegRatio": 1.34172, "estimates": [{"period": "0q", "growth": 0.549}, {"period": "+1q", "growth": 0.431}, {"period": "0y", "growth": 0.305}, {"period": "+1y", "growth": 0.109}, {"period": "+5y", "growth": 0.120859005}, {"period": "-5y"}]}, "insiderTransactions": {"transactions": [{"maxAge": 1, "shares": 62000, "filerUrl": "", "transactionText": "", "filerName": "Dhanada Portfolio Management Ltd", "filerRelation": "Promoter", "moneyText": "", "startDate": "2019-04-23", "ownership": "D"}, {"maxAge": 1, "shares": 28, "filerUrl": "", "transactionText": "", "filerName": "Dhanada Portfolio Management Ltd", "filerRelation": "Promoter", "moneyText": "", "startDate": "2019-04-18", "ownership": "D"}, {"maxAge": 1, "shares": 23600, "filerUrl": "", "transactionText": "", "filerName": "Dhanada Portfolio Management Ltd", "filerRelation": "Promoter", "moneyText": "", "startDate": "2019-04-16", "ownership": "D"}, {"maxAge": 1, "shares": 5100, "filerUrl": "", "transactionText": "", "filerName": "Dhanada Portfolio Management Ltd", "filerRelation": "Promoter", "moneyText": "", "startDate": "2019-04-12", "ownership": "D"}, {"maxAge": 1, "shares": 10010, "filerUrl": "", "transactionText": "", "filerName": "Dhanada Portfolio Management Ltd", "filerRelation": "Promoter", "moneyText": "", "startDate": "2019-04-11", "ownership": "D"}, {"maxAge": 1, "shares": 100, "filerUrl": "", "transactionText": "", "filerName": "Dhanada Portfolio Management Ltd", "filerRelation": "Promoter", "moneyText": "", "startDate": "2019-04-09", "ownership": "D"}, {"maxAge": 1, "shares": 100, "filerUrl": "", "transactionText": "", "filerName": "Dhanada Portfolio Management Ltd", "filerRelation": "Promoter", "moneyText": "", "startDate": "2019-03-19", "ownership": "D"}, {"maxAge": 1, "shares": 1800, "filerUrl": "", "transactionText": "", "filerName": "Dhanada Portfolio Management Ltd", "filerRelation": "Promoter", "moneyText": "", "startDate": "2019-02-01", "ownership": "D"}, {"maxAge": 1, "shares": 3, "filerUrl": "", "transactionText": "", "filerName": "Dhanada Portfolio Management Ltd", "filerRelation": "Promoter", "moneyText": "", "startDate": "2019-01-07", "ownership": "D"}, {"maxAge": 1, "shares": 5367, "filerUrl": "", "transactionText": "", "filerName": "Dhanada Portfolio Management Ltd", "filerRelation": "Promoter", "moneyText": "", "startDate": "2018-12-26", "ownership": "D"}], "maxAge": 1}, "quoteType": {"exchange": "BSE", "quoteType": "EQUITY", "symbol": "DHANADACO.BO", "underlyingSymbol": "DHANADACO.BO", "shortName": "DHANADA CORPORATION LTD.", "longName": "Dhanada Corporation Limited", "firstTradeDateEpochUtc": "2007-05-08 09:15:00", "timeZoneFullName": "Asia/Kolkata", "timeZoneShortName": "IST", "uuid": "fff22a30-4eee-3936-99dc-bf6ad3e7f48a", "messageBoardId": null, "gmtOffSetMilliseconds": 19800000, "maxAge": 1}, "incomeStatementHistory": {"incomeStatementHistory": [{"maxAge": 1, "endDate": "2020-03-31", "totalRevenue": 92756000, "costOfRevenue": 52395000, "grossProfit": 40361000, "researchDevelopment": {}, "sellingGeneralAdministrative": {}, "nonRecurring": {}, "otherOperatingExpenses": 31481000, "totalOperatingExpenses": 91456000, "operatingIncome": 1300000, "totalOtherIncomeExpenseNet": -34565000, "ebit": 1300000, "interestExpense": -35420000, "incomeBeforeTax": -33265000, "incomeTaxExpense": 0, "minorityInterest": {}, "netIncomeFromContinuingOps": -33265000, "discontinuedOperations": {}, "extraordinaryItems": {}, "effectOfAccountingCharges": {}, "otherItems": {}, "netIncome": -33265000, "netIncomeApplicableToCommonShares": -33265000}, {"maxAge": 1, "endDate": "2019-03-31", "totalRevenue": 112628297, "costOfRevenue": 37092039, "grossProfit": 75536258, "researchDevelopment": {}, "sellingGeneralAdministrative": 432000, "nonRecurring": {}, "otherOperatingExpenses": 52479059, "totalOperatingExpenses": 99795956, "operatingIncome": 12832341, "totalOtherIncomeExpenseNet": -29366591, "ebit": 12832341, "interestExpense": -30434720, "incomeBeforeTax": -16534250, "incomeTaxExpense": 0, "minorityInterest": {}, "netIncomeFromContinuingOps": -16534250, "discontinuedOperations": {}, "extraordinaryItems": {}, "effectOfAccountingCharges": {}, "otherItems": {}, "netIncome": -16534250, "netIncomeApplicableToCommonShares": -16534250}, {"maxAge": 1, "endDate": "2018-03-31", "totalRevenue": 109783006, "costOfRevenue": 36117018, "grossProfit": 73665988, "researchDevelopment": {}, "sellingGeneralAdministrative": 720000, "nonRecurring": {}, "otherOperatingExpenses": 53807640, "totalOperatingExpenses": 102633232, "operatingIncome": 7149774, "totalOtherIncomeExpenseNet": -37087525, "ebit": 7149774, "interestExpense": -26348410, "incomeBeforeTax": -29937751, "incomeTaxExpense": 0, "minorityInterest": {}, "netIncomeFromContinuingOps": -29937751, "discontinuedOperations": {}, "extraordinaryItems": {}, "effectOfAccountingCharges": {}, "otherItems": {}, "netIncome": -29937751, "netIncomeApplicableToCommonShares": -29937751}, {"maxAge": 1, "endDate": "2017-03-31", "totalRevenue": 88870397, "costOfRevenue": 33716867, "grossProfit": 55153530, "researchDevelopment": {}, "sellingGeneralAdministrative": 862771, "nonRecurring": {}, "otherOperatingExpenses": 38398794, "totalOperatingExpenses": 97246554, "operatingIncome": -8376157, "totalOtherIncomeExpenseNet": -27355359, "ebit": -8376157, "interestExpense": -29122771, "incomeBeforeTax": -35731516, "incomeTaxExpense": -25726, "minorityInterest": {}, "netIncomeFromContinuingOps": -35705790, "discontinuedOperations": {}, "extraordinaryItems": {}, "effectOfAccountingCharges": {}, "otherItems": {}, "netIncome": -34513847, "netIncomeApplicableToCommonShares": -34513847}], "maxAge": 86400}, "fundOwnership": {"maxAge": 1, "ownershipList": []}, "summaryDetail": {"maxAge": 1, "priceHint": 2, "previousClose": 5.78, "open": 5.68, "dayLow": 5.68, "dayHigh": 5.68, "regularMarketPreviousClose": 5.78, "regularMarketOpen": 5.68, "regularMarketDayLow": 5.68, "regularMarketDayHigh": 5.68, "volume": 30, "regularMarketVolume": 30, "averageVolume": 11319, "averageVolume10days": 36737, "averageDailyVolume10Day": 36737, "bid": 0.0, "ask": 5.68, "bidSize": 0, "askSize": 0, "marketCap": 317702848, "fiftyTwoWeekLow": 0.79, "fiftyTwoWeekHigh": 5.68, "fiftyDayAverage": 2.4371428, "twoHundredDayAverage": 2.609781, "currency": "INR", "fromCurrency": null, "toCurrency": null, "lastMarket": null, "algorithm": null, "tradeable": false}, "incomeStatementHistoryQuarterly": {"incomeStatementHistory": [{"maxAge": 1, "endDate": "2020-06-30", "totalRevenue": 2088000, "costOfRevenue": 5930000, "grossProfit": -3842000, "researchDevelopment": {}, "sellingGeneralAdministrative": {}, "nonRecurring": {}, "otherOperatingExpenses": 1732000, "totalOperatingExpenses": 9421000, "operatingIncome": -7333000, "totalOtherIncomeExpenseNet": -9536000, "ebit": -7333000, "interestExpense": -9664000, "incomeBeforeTax": -16869000, "incomeTaxExpense": 0, "minorityInterest": {}, "netIncomeFromContinuingOps": -16869000, "discontinuedOperations": {}, "extraordinaryItems": {}, "effectOfAccountingCharges": {}, "otherItems": {}, "netIncome": -16869000, "netIncomeApplicableToCommonShares": -16869000}, {"maxAge": 1, "endDate": "2020-03-31", "totalRevenue": 21397000, "costOfRevenue": 14180000, "grossProfit": 7217000, "researchDevelopment": {}, "sellingGeneralAdministrative": {}, "nonRecurring": {}, "otherOperatingExpenses": 10712000, "totalOperatingExpenses": 26716000, "operatingIncome": -5319000, "totalOtherIncomeExpenseNet": -8871000, "ebit": -5319000, "interestExpense": -9311000, "incomeBeforeTax": -14190000, "incomeTaxExpense": 0, "minorityInterest": {}, "netIncomeFromContinuingOps": -14190000, "discontinuedOperations": {}, "extraordinaryItems": {}, "effectOfAccountingCharges": {}, "otherItems": {}, "netIncome": -14190000, "netIncomeApplicableToCommonShares": -14190000}, {"maxAge": 1, "endDate": "2019-12-31", "totalRevenue": 30100000, "costOfRevenue": 13268000, "grossProfit": 16832000, "researchDevelopment": {}, "sellingGeneralAdministrative": {}, "nonRecurring": {}, "otherOperatingExpenses": 8861000, "totalOperatingExpenses": 24008000, "operatingIncome": 6092000, "totalOtherIncomeExpenseNet": -8945000, "ebit": 6092000, "interestExpense": -9065000, "incomeBeforeTax": -2853000, "incomeTaxExpense": 0, "minorityInterest": {}, "netIncomeFromContinuingOps": -2853000, "discontinuedOperations": {}, "extraordinaryItems": {}, "effectOfAccountingCharges": {}, "otherItems": {}, "netIncome": -2853000, "netIncomeApplicableToCommonShares": -2853000}, {"maxAge": 1, "endDate": "2019-09-30", "totalRevenue": 20887000, "costOfRevenue": 11942000, "grossProfit": 8945000, "researchDevelopment": {}, "sellingGeneralAdministrative": {}, "nonRecurring": {}, "otherOperatingExpenses": 6537000, "totalOperatingExpenses": 20408000, "operatingIncome": 479000, "totalOtherIncomeExpenseNet": -8597000, "ebit": 479000, "interestExpense": -8730000, "incomeBeforeTax": -8118000, "incomeTaxExpense": 0, "minorityInterest": {}, "netIncomeFromContinuingOps": -8118000, "discontinuedOperations": {}, "extraordinaryItems": {}, "effectOfAccountingCharges": {}, "otherItems": {}, "netIncome": -8118000, "netIncomeApplicableToCommonShares": -8118000}], "maxAge": 86400}, "cashflowStatementHistoryQuarterly": {"cashflowStatements": [{"maxAge": 1, "endDate": "2020-06-30", "netIncome": -16869000, "changeToLiabilities": 0}, {"maxAge": 1, "endDate": "2020-03-31", "netIncome": -14190000, "changeToLiabilities": 0}, {"maxAge": 1, "endDate": "2019-12-31", "netIncome": -2853000, "changeToLiabilities": 0}, {"maxAge": 1, "endDate": "2019-09-30", "netIncome": -8118000, "changeToLiabilities": 0}], "maxAge": 86400}, "insiderHolders": {"holders": [{"maxAge": 1, "name": "Dhanada Portfolio Management Ltd", "relation": "Promoter", "url": "", "transactionDescription": "Sale", "latestTransDate": "2019-04-23", "positionDirect": 33106842, "positionDirectDate": "2019-04-23"}], "maxAge": 1}, "calendarEvents": {"maxAge": 1, "earnings": {"earningsDate": []}}, "price": {"maxAge": 1, "regularMarketChangePercent": -0.017301103, "regularMarketChange": -0.10000038, "regularMarketTime": "2021-04-30 13:31:04", "priceHint": 2, "regularMarketPrice": 5.68, "regularMarketDayHigh": 5.68, "regularMarketDayLow": 5.68, "regularMarketVolume": 30, "averageDailyVolume10Day": 36737, "averageDailyVolume3Month": 11319, "regularMarketPreviousClose": 5.78, "regularMarketSource": "FREE_REALTIME", "regularMarketOpen": 5.68, "exchange": "BSE", "exchangeName": "BSE", "exchangeDataDelayedBy": 0, "marketState": "CLOSED", "quoteType": "EQUITY", "symbol": "DHANADACO.BO", "underlyingSymbol": null, "shortName": "DHANADA CORPORATION LTD.", "longName": "Dhanada Corporation Limited", "currency": "INR", "quoteSourceName": "Delayed Quote", "currencySymbol": "\u20b9", "fromCurrency": null, "toCurrency": null, "lastMarket": null, "marketCap": 317702848}, "balanceSheetHistory": {"balanceSheetStatements": [{"maxAge": 1, "endDate": "2020-03-31", "cash": 29718000, "netReceivables": 15931000, "inventory": 1004000, "otherCurrentAssets": 38217000, "totalCurrentAssets": 84870000, "longTermInvestments": 5000, "propertyPlantEquipment": 254858000, "intangibleAssets": 56000, "otherAssets": 48016000, "totalAssets": 387805000, "accountsPayable": 4721000, "shortLongTermDebt": 256043000, "otherCurrentLiab": 9157000, "otherLiab": 8274000, "totalCurrentLiabilities": 269921000, "totalLiab": 278195000, "commonStock": 55934000, "treasuryStock": 53676000, "otherStockholderEquity": 53676000, "totalStockholderEquity": 109610000, "netTangibleAssets": 109554000}, {"maxAge": 1, "endDate": "2019-03-31", "cash": 26047953, "netReceivables": 16321506, "inventory": 1078224, "otherCurrentAssets": 28954165, "totalCurrentAssets": 73468177, "longTermInvestments": 5000, "propertyPlantEquipment": 262237288, "intangibleAssets": 71756, "otherAssets": 47684619, "totalAssets": 383466840, "accountsPayable": 3146950, "shortLongTermDebt": 209428922, "otherCurrentLiab": 4769491, "otherLiab": 7222635, "totalCurrentLiabilities": 233369579, "totalLiab": 240592214, "commonStock": 55933581, "retainedEarnings": -201923633, "capitalSurplus": 288864684, "totalStockholderEquity": 142874632, "netTangibleAssets": 142802876}, {"maxAge": 1, "endDate": "2018-03-31", "cash": 12956959, "netReceivables": 8549955, "inventory": 1197551, "otherCurrentAssets": 24998599, "totalCurrentAssets": 48668947, "longTermInvestments": 30000, "propertyPlantEquipment": 271484789, "intangibleAssets": 57626, "otherAssets": 48671525, "totalAssets": 368912887, "accountsPayable": 5494641, "shortLongTermDebt": 180758112, "otherCurrentLiab": 3896321, "otherLiab": 6365946, "totalCurrentLiabilities": 203138061, "totalLiab": 209504007, "commonStock": 55933581, "retainedEarnings": -185389381, "capitalSurplus": 288864684, "totalStockholderEquity": 159408884, "netTangibleAssets": 159351258}, {"maxAge": 1, "endDate": "2017-03-31", "cash": 15652495, "netReceivables": 13297962, "inventory": 1406866, "otherCurrentAssets": 6984692, "totalCurrentAssets": 38353294, "longTermInvestments": 30000, "propertyPlantEquipment": 306647864, "goodWill": 30797652, "intangibleAssets": 196038, "otherAssets": 70436789, "deferredLongTermAssetCharges": 21073624, "totalAssets": 446461637, "accountsPayable": 12208025, "shortLongTermDebt": 181061679, "otherCurrentLiab": 7830272, "longTermDebt": 15416999, "otherLiab": 6662735, "totalCurrentLiabilities": 237108462, "totalLiab": 259188196, "commonStock": 55933581, "retainedEarnings": -157524826, "capitalSurplus": 288864684, "totalStockholderEquity": 187273439, "netTangibleAssets": 156279749}], "maxAge": 86400}, "financialData": {"maxAge": 86400, "currentPrice": 5.68, "recommendationKey": "none", "grossProfits": 40361000, "financialCurrency": "INR"}}}