{"DHANBANK.NS": {"assetProfile": {"address1": "Dhanalakshmi Buildings", "address2": "Naickanal PB No. 9", "city": "Thrissur", "zip": "680001", "country": "India", "phone": "91 48 7661 7000", "fax": "91 48 7661 7222", "website": "http://www.dhanbank.com", "industry": "Banks\u2014Regional", "sector": "Financial Services", "longBusinessSummary": "Dhanlaxmi Bank Limited provides various banking and financial services in India. It operates through Treasury Operations, Corporate/Wholesale Banking, Retail Banking, and Other Banking Business Operations segments. The company offers deposit products, such as savings and current accounts, and term deposits; loans, including property, car, commercial, personal, education, and business loans, as well as loans against securities; and foreign exchange services comprising foreign currency cash, cheque deposits, foreign currency demand drafts, remittances, and foreign exchange cards. It also provides export and import services; credit products comprising industrial and trade advance, import export assistance, and agricultural assistance; corporate salary accounts; and cash management services, as well as life, health, and car insurance products. In addition, the company offers non-resident Indians (NRI) banking services, such as non-residential external accounts, non-resident ordinary accounts, recurring and term deposits, foreign currency non-resident fixed deposits, and resident foreign currency accounts, as well as money transfer services and NRI property loans; and micro and agricultural banking, and financial planning services. Further, it provides SME banking services, including working capital facilities, trade facilities, and capacity expansion services; credit, debit, and gift cards; and investment, depository, and online banking services, as well as locker facilities. As of March 31, 2020, it had 247 branches and 254 ATMs across 14 States and 1 Union Territory. The company was founded in 1927 and is headquartered in Thrissur, India.", "fullTimeEmployees": 1714, "companyOfficers": [{"maxAge": 1, "name": "Mr. A. J. Ramesh", "title": "Chief Financial Officer", "fiscalYear": 2020, "totalPay": 1901803, "exercisedValue": 0, "unexercisedValue": 0}, {"maxAge": 1, "name": "Mr. H.  Venkatesh", "title": "Company Sec. & Sec. to the Board", "fiscalYear": 2020, "totalPay": 1138134, "exercisedValue": 0, "unexercisedValue": 0}, {"maxAge": 1, "name": "Mr. Jenamejayan Kamalam Shivan B.Sc., CAIIB, M.B.A.", "age": 60, "title": "CEO, MD & Director", "yearBorn": 1960, "exercisedValue": 0, "unexercisedValue": 0}, {"maxAge": 1, "name": "Mr. N. Raghu Mohan", "age": 61, "title": "Assistant Gen. Mang. of Fin. & Accounts", "yearBorn": 1959, "fiscalYear": 2007, "exercisedValue": 0, "unexercisedValue": 0}, {"maxAge": 1, "name": "Mr. G. Ajith Kumar", "age": 63, "title": "Head of Legal", "yearBorn": 1957, "fiscalYear": 2007, "exercisedValue": 0, "unexercisedValue": 0}, {"maxAge": 1, "name": "Mr. A.  Rajan", "title": "Gen. Mang. of HR & Recovery", "exercisedValue": 0, "unexercisedValue": 0}, {"maxAge": 1, "name": "Mr. C. M. Muraleedharan", "age": 64, "title": "Regional Head - North", "yearBorn": 1956, "fiscalYear": 2007, "exercisedValue": 0, "unexercisedValue": 0}, {"maxAge": 1, "name": "Mr. P.  Manikandan", "age": 61, "title": "Chief Gen. Mang.", "yearBorn": 1959, "fiscalYear": 2015, "exercisedValue": 0, "unexercisedValue": 0}, {"maxAge": 1, "name": "Mr. A.  Sreeramulu", "title": "Regional Head - Karnataka", "exercisedValue": 0, "unexercisedValue": 0}, {"maxAge": 1, "name": "Mr. P. Pradeepa Chandran", "title": "Regional Head - Andhra Pradesh", "exercisedValue": 0, "unexercisedValue": 0}], "compensationAsOfEpochDate": "2020-12-31 05:30:00", "maxAge": 86400}, "cashflowStatementHistory": {"cashflowStatements": [{"maxAge": 1, "endDate": "2020-03-31", "netIncome": 657785000, "depreciation": 133158000, "changeToNetincome": 824466000, "changeToLiabilities": 0, "changeToOperatingActivities": 916784000, "totalCashFromOperatingActivities": 2532193000, "capitalExpenditures": -256475000, "totalCashflowsFromInvestingActivities": -250028000, "netBorrowings": -229000000, "otherCashflowsFromFinancingActivities": 3007486000, "totalCashFromFinancingActivities": 2778486000, "changeInCash": 5060651000}, {"maxAge": 1, "endDate": "2019-03-31", "netIncome": 116690000, "depreciation": 112555000, "changeToNetincome": 530499000, "changeToLiabilities": 0, "changeToOperatingActivities": 966494000, "totalCashFromOperatingActivities": 1726238000, "capitalExpenditures": -650466000, "totalCashflowsFromInvestingActivities": -98137000, "netBorrowings": -948000000, "otherCashflowsFromFinancingActivities": -3163390000, "totalCashFromFinancingActivities": -4111390000, "changeInCash": -2483289000}, {"maxAge": 1, "endDate": "2018-03-31", "netIncome": -248745000, "depreciation": 134621000, "changeToNetincome": 1753876000, "changeToLiabilities": 0, "changeToOperatingActivities": 70110000, "totalCashFromOperatingActivities": 1709862000, "capitalExpenditures": -29798000, "totalCashflowsFromInvestingActivities": -27940000, "netBorrowings": 1500000000, "otherCashflowsFromFinancingActivities": -3740183000, "totalCashFromFinancingActivities": -1041628000, "changeInCash": 640294000, "issuanceOfStock": 1198555000}, {"maxAge": 1, "endDate": "2017-03-31", "netIncome": 123778000, "depreciation": 203155000, "changeToNetincome": 832828000, "changeToLiabilities": 0, "changeToOperatingActivities": -1550632000, "totalCashFromOperatingActivities": -390871000, "capitalExpenditures": -109955000, "totalCashflowsFromInvestingActivities": -105252000, "netBorrowings": 1500000000, "otherCashflowsFromFinancingActivities": -600795000, "totalCashFromFinancingActivities": 240581000, "changeInCash": -255542000, "issuanceOfStock": 841376000}], "maxAge": 86400}, "institutionOwnership": {"ownershipList": [], "maxAge": 1}, "majorHoldersBreakdown": {"maxAge": 1, "insidersPercentHeld": 0.50054, "institutionsPercentHeld": 0.03735, "institutionsFloatPercentHeld": 0.07478, "institutionsCount": 2}, "balanceSheetHistoryQuarterly": {"balanceSheetStatements": [{"maxAge": 1, "endDate": "2020-12-31", "totalStockholderEquity": 8470100000, "netTangibleAssets": 8470100000}, {"maxAge": 1, "endDate": "2020-09-30", "cash": 10784200000, "totalCurrentAssets": 10784200000, "longTermInvestments": 39901600000, "propertyPlantEquipment": 2099200000, "otherAssets": 74346800000, "totalAssets": 127131800000, "accountsPayable": 114357500000, "longTermDebt": 1500000000, "otherLiab": 2804200000, "totalCurrentLiabilities": 114357500000, "totalLiab": 118661700000, "commonStock": 2530100000, "treasuryStock": 5940000000, "otherStockholderEquity": 5940000000, "totalStockholderEquity": 8470100000, "netTangibleAssets": 8470100000}, {"maxAge": 1, "endDate": "2020-06-30", "totalStockholderEquity": 8269100000, "netTangibleAssets": 8269100000}, {"maxAge": 1, "endDate": "2020-03-31", "cash": 7164977000, "shortTermInvestments": 3633057000, "inventory": 36965000, "otherCurrentAssets": 6334432000, "totalCurrentAssets": 17169431000, "longTermInvestments": 36824028000, "propertyPlantEquipment": 2136998000, "otherAssets": 66520459000, "deferredLongTermAssetCharges": 567631000, "totalAssets": 122650916000, "accountsPayable": 109040692000, "otherCurrentLiab": 230053000, "longTermDebt": 1775000000, "otherLiab": 3031931000, "totalCurrentLiabilities": 109574880000, "totalLiab": 114381811000, "commonStock": 2530121000, "retainedEarnings": -6408857000, "treasuryStock": 2093359000, "capitalSurplus": 10054482000, "otherStockholderEquity": 2093359000, "totalStockholderEquity": 8269105000, "netTangibleAssets": 8269105000}], "maxAge": 86400}, "indexTrend": {"maxAge": 1, "symbol": "SP5", "peRatio": 19.7411, "pegRatio": 1.34172, "estimates": [{"period": "0q", "growth": 0.549}, {"period": "+1q", "growth": 0.431}, {"period": "0y", "growth": 0.305}, {"period": "+1y", "growth": 0.109}, {"period": "+5y", "growth": 0.120865}, {"period": "-5y"}]}, "defaultKeyStatistics": {"maxAge": 1, "priceHint": 2, "enterpriseValue": -5753763840, "profitMargins": 0.090909995, "floatShares": 142883410, "sharesOutstanding": 253012000, "heldPercentInsiders": 0.50054, "heldPercentInstitutions": 0.03735, "beta": 0.942439, "category": null, "bookValue": 33.252, "priceToBook": 0.41801998, "fundFamily": null, "legalType": null, "lastFiscalYearEnd": "2020-03-31 05:30:00", "nextFiscalYearEnd": "2022-03-31 05:30:00", "mostRecentQuarter": "2020-12-31 05:30:00", "earningsQuarterlyGrowth": -0.445, "netIncomeToCommon": 345084992, "trailingEps": 1.362, "lastSplitFactor": null, "enterpriseToRevenue": -1.516}, "summaryProfile": {"address1": "Dhanalakshmi Buildings", "address2": "Naickanal PB No. 9", "city": "Thrissur", "zip": "680001", "country": "India", "phone": "91 48 7661 7000", "fax": "91 48 7661 7222", "website": "http://www.dhanbank.com", "industry": "Banks\u2014Regional", "sector": "Financial Services", "longBusinessSummary": "Dhanlaxmi Bank Limited provides various banking and financial services in India. It operates through Treasury Operations, Corporate/Wholesale Banking, Retail Banking, and Other Banking Business Operations segments. The company offers deposit products, such as savings and current accounts, and term deposits; loans, including property, car, commercial, personal, education, and business loans, as well as loans against securities; and foreign exchange services comprising foreign currency cash, cheque deposits, foreign currency demand drafts, remittances, and foreign exchange cards. It also provides export and import services; credit products comprising industrial and trade advance, import export assistance, and agricultural assistance; corporate salary accounts; and cash management services, as well as life, health, and car insurance products. In addition, the company offers non-resident Indians (NRI) banking services, such as non-residential external accounts, non-resident ordinary accounts, recurring and term deposits, foreign currency non-resident fixed deposits, and resident foreign currency accounts, as well as money transfer services and NRI property loans; and micro and agricultural banking, and financial planning services. Further, it provides SME banking services, including working capital facilities, trade facilities, and capacity expansion services; credit, debit, and gift cards; and investment, depository, and online banking services, as well as locker facilities. As of March 31, 2020, it had 247 branches and 254 ATMs across 14 States and 1 Union Territory. The company was founded in 1927 and is headquartered in Thrissur, India.", "fullTimeEmployees": 1714, "companyOfficers": [], "maxAge": 86400}, "netSharePurchaseActivity": {"maxAge": 1, "period": "6m", "buyInfoCount": 0, "buyInfoShares": 0, "sellInfoCount": 0, "netInfoCount": 0, "netInfoShares": 0, "netPercentInsiderShares": 0.0, "totalInsiderShares": 125773992}, "insiderTransactions": {"transactions": [{"maxAge": 1, "shares": 60000, "filerUrl": "", "transactionText": "", "filerName": "Haribhakti (Shailesh V)", "filerRelation": "Director (Non-Executive)", "moneyText": "", "startDate": "2012-02-28", "ownership": "D"}, {"maxAge": 1, "shares": 25000, "filerUrl": "", "transactionText": "", "filerName": "Bajpai (Ghyanendra Nath)", "filerRelation": "UNREPORTED", "moneyText": "", "startDate": "2011-11-16", "ownership": "D"}, {"maxAge": 1, "shares": 10000, "filerUrl": "", "transactionText": "", "filerName": "Haribhakti (Shailesh V)", "filerRelation": "Director (Non-Executive)", "moneyText": "", "startDate": "2011-04-26", "ownership": "D"}, {"maxAge": 1, "shares": 10000, "filerUrl": "", "transactionText": "", "filerName": "Haribhakti (Shailesh V)", "filerRelation": "Director (Non-Executive)", "moneyText": "", "startDate": "2009-10-28", "ownership": "D"}], "maxAge": 1}, "quoteType": {"exchange": "NSI", "quoteType": "EQUITY", "symbol": "DHANBANK.NS", "underlyingSymbol": "DHANBANK.NS", "shortName": "DHANLAXMI BANK LTD", "longName": "Dhanlaxmi Bank Limited", "firstTradeDateEpochUtc": "2004-04-01 09:15:00", "timeZoneFullName": "Asia/Kolkata", "timeZoneShortName": "IST", "uuid": "40361713-95fb-300e-930c-d6f64e6abec5", "gmtOffSetMilliseconds": 19800000, "maxAge": 1}, "incomeStatementHistory": {"incomeStatementHistory": [{"maxAge": 1, "endDate": "2020-03-31", "totalRevenue": 3898379000, "costOfRevenue": 0, "grossProfit": 3898379000, "researchDevelopment": {}, "sellingGeneralAdministrative": 2681784000, "nonRecurring": {}, "otherOperatingExpenses": 558810000, "totalOperatingExpenses": 3240594000, "operatingIncome": 657785000, "totalOtherIncomeExpenseNet": 0, "ebit": 0, "interestExpense": {}, "incomeBeforeTax": 657785000, "incomeTaxExpense": 0, "minorityInterest": {}, "netIncomeFromContinuingOps": 657785000, "discontinuedOperations": {}, "extraordinaryItems": {}, "effectOfAccountingCharges": {}, "otherItems": {}, "netIncome": 657785000, "netIncomeApplicableToCommonShares": 657785000}, {"maxAge": 1, "endDate": "2019-03-31", "totalRevenue": 3162495000, "costOfRevenue": 0, "grossProfit": 3162495000, "researchDevelopment": {}, "sellingGeneralAdministrative": 2462879000, "nonRecurring": {}, "otherOperatingExpenses": 582926000, "totalOperatingExpenses": 3045805000, "operatingIncome": 116690000, "totalOtherIncomeExpenseNet": 0, "ebit": 0, "interestExpense": {}, "incomeBeforeTax": 116690000, "incomeTaxExpense": 0, "minorityInterest": {}, "netIncomeFromContinuingOps": 116690000, "discontinuedOperations": {}, "extraordinaryItems": {}, "effectOfAccountingCharges": {}, "otherItems": {}, "netIncome": 116690000, "netIncomeApplicableToCommonShares": 116690000}, {"maxAge": 1, "endDate": "2018-03-31", "totalRevenue": 2772132000, "costOfRevenue": 0, "grossProfit": 2772132000, "researchDevelopment": {}, "sellingGeneralAdministrative": 2473612000, "nonRecurring": {}, "otherOperatingExpenses": 547265000, "totalOperatingExpenses": 3020877000, "operatingIncome": -248745000, "totalOtherIncomeExpenseNet": 0, "ebit": 0, "interestExpense": {}, "incomeBeforeTax": -248745000, "incomeTaxExpense": 0, "minorityInterest": {}, "netIncomeFromContinuingOps": -248745000, "discontinuedOperations": {}, "extraordinaryItems": {}, "effectOfAccountingCharges": {}, "otherItems": {}, "netIncome": -248745000, "netIncomeApplicableToCommonShares": -248745000}, {"maxAge": 1, "endDate": "2017-03-31", "totalRevenue": 3609240000, "costOfRevenue": 0, "grossProfit": 3609240000, "researchDevelopment": {}, "sellingGeneralAdministrative": 2790031000, "nonRecurring": {}, "otherOperatingExpenses": 695431000, "totalOperatingExpenses": 3485462000, "operatingIncome": 123778000, "totalOtherIncomeExpenseNet": 0, "ebit": 0, "interestExpense": {}, "incomeBeforeTax": 123778000, "incomeTaxExpense": 0, "minorityInterest": {}, "netIncomeFromContinuingOps": 123778000, "discontinuedOperations": {}, "extraordinaryItems": {}, "effectOfAccountingCharges": {}, "otherItems": {}, "netIncome": 123778000, "netIncomeApplicableToCommonShares": 123778000}], "maxAge": 86400}, "fundOwnership": {"ownershipList": [], "maxAge": 1}, "summaryDetail": {"maxAge": 1, "priceHint": 2, "previousClose": 14.05, "open": 14.1, "dayLow": 13.8, "dayHigh": 14.1, "regularMarketPreviousClose": 14.05, "regularMarketOpen": 14.1, "regularMarketDayLow": 13.8, "regularMarketDayHigh": 14.1, "exDividendDate": "2011-06-10 05:30:00", "payoutRatio": 0.0, "beta": 0.942439, "trailingPE": 10.20558, "volume": 629315, "regularMarketVolume": 629315, "averageVolume": 1897998, "averageVolume10days": 2300642, "averageDailyVolume10Day": 2300642, "bid": 0.0, "ask": 0.0, "bidSize": 0, "askSize": 0, "marketCap": 3526874624, "fiftyTwoWeekLow": 8.2, "fiftyTwoWeekHigh": 17.9, "priceToSalesTrailing12Months": 0.92918146, "fiftyDayAverage": 14.941176, "twoHundredDayAverage": 13.437589, "currency": "INR", "fromCurrency": null, "lastMarket": null, "algorithm": null, "tradeable": false}, "incomeStatementHistoryQuarterly": {"incomeStatementHistory": [{"maxAge": 1, "endDate": "2020-12-31", "totalRevenue": 1190900000, "costOfRevenue": 0, "grossProfit": 1190900000, "researchDevelopment": {}, "sellingGeneralAdministrative": 702700000, "nonRecurring": {}, "otherOperatingExpenses": 370100000, "totalOperatingExpenses": 1072800000, "operatingIncome": 118100000, "totalOtherIncomeExpenseNet": 0, "ebit": 0, "interestExpense": {}, "incomeBeforeTax": 118100000, "incomeTaxExpense": 0, "minorityInterest": {}, "netIncomeFromContinuingOps": 118100000, "discontinuedOperations": {}, "extraordinaryItems": {}, "effectOfAccountingCharges": {}, "otherItems": {}, "netIncome": 118100000, "netIncomeApplicableToCommonShares": 118100000}, {"maxAge": 1, "endDate": "2020-09-30", "totalRevenue": 900600000, "costOfRevenue": 0, "grossProfit": 900600000, "researchDevelopment": {}, "sellingGeneralAdministrative": 442000000, "nonRecurring": {}, "otherOperatingExpenses": 318500000, "totalOperatingExpenses": 760500000, "operatingIncome": 140100000, "totalOtherIncomeExpenseNet": 0, "ebit": 0, "interestExpense": {}, "incomeBeforeTax": 140100000, "incomeTaxExpense": 0, "minorityInterest": {}, "netIncomeFromContinuingOps": 140100000, "discontinuedOperations": {}, "extraordinaryItems": {}, "effectOfAccountingCharges": {}, "otherItems": {}, "netIncome": 140100000, "netIncomeApplicableToCommonShares": 140100000}, {"maxAge": 1, "endDate": "2020-06-30", "totalRevenue": 840100000, "costOfRevenue": 0, "grossProfit": 840100000, "researchDevelopment": {}, "sellingGeneralAdministrative": 453400000, "nonRecurring": {}, "otherOperatingExpenses": 325800000, "totalOperatingExpenses": 779200000, "operatingIncome": 60900000, "totalOtherIncomeExpenseNet": 0, "ebit": 0, "interestExpense": {}, "incomeBeforeTax": 60900000, "incomeTaxExpense": 0, "minorityInterest": {}, "netIncomeFromContinuingOps": 60900000, "discontinuedOperations": {}, "extraordinaryItems": {}, "effectOfAccountingCharges": {}, "otherItems": {}, "netIncome": 60900000, "netIncomeApplicableToCommonShares": 60900000}, {"maxAge": 1, "endDate": "2020-03-31", "totalRevenue": 864079000, "costOfRevenue": 0, "grossProfit": 864079000, "researchDevelopment": {}, "sellingGeneralAdministrative": 1328384000, "nonRecurring": {}, "otherOperatingExpenses": -490290000, "totalOperatingExpenses": 838094000, "operatingIncome": 25985000, "totalOtherIncomeExpenseNet": 0, "ebit": 0, "interestExpense": {}, "incomeBeforeTax": 25985000, "incomeTaxExpense": 0, "minorityInterest": {}, "netIncomeFromContinuingOps": 25985000, "discontinuedOperations": {}, "extraordinaryItems": {}, "effectOfAccountingCharges": {}, "otherItems": {}, "netIncome": 25985000, "netIncomeApplicableToCommonShares": 25985000}], "maxAge": 86400}, "cashflowStatementHistoryQuarterly": {"cashflowStatements": [{"maxAge": 1, "endDate": "2020-12-31", "netIncome": 118100000, "changeToLiabilities": 0}, {"maxAge": 1, "endDate": "2020-09-30", "netIncome": 140100000, "changeToLiabilities": 0}, {"maxAge": 1, "endDate": "2020-06-30", "netIncome": 60900000, "changeToLiabilities": 0}, {"maxAge": 1, "endDate": "2020-03-31", "netIncome": 25985000, "changeToLiabilities": 0}], "maxAge": 86400}, "insiderHolders": {"holders": [{"maxAge": 1, "name": "Bajpai (Ghyanendra Nath)", "relation": "UNREPORTED", "url": "", "transactionDescription": "Acquisition", "latestTransDate": "2011-11-16", "positionDirect": 50000, "positionDirectDate": "2011-11-16"}, {"maxAge": 1, "name": "Haribhakti (Shailesh V)", "relation": "Director (Non-Executive)", "url": "", "transactionDescription": "Sale", "latestTransDate": "2012-02-28", "positionDirect": 200, "positionDirectDate": "2012-02-28"}], "maxAge": 1}, "calendarEvents": {"maxAge": 1, "earnings": {"earningsDate": []}, "exDividendDate": "2011-06-10 05:30:00"}, "upgradeDowngradeHistory": {"history": [], "maxAge": 86400}, "price": {"maxAge": 1, "regularMarketChangePercent": -0.010676197, "regularMarketChange": -0.15000057, "regularMarketTime": "2021-04-30 15:29:52", "priceHint": 2, "regularMarketPrice": 13.9, "regularMarketDayHigh": 14.1, "regularMarketDayLow": 13.8, "regularMarketVolume": 629315, "averageDailyVolume10Day": 2300642, "averageDailyVolume3Month": 1897998, "regularMarketPreviousClose": 14.05, "regularMarketSource": "FREE_REALTIME", "regularMarketOpen": 14.1, "exchange": "NSI", "exchangeName": "NSE", "exchangeDataDelayedBy": 15, "marketState": "CLOSED", "quoteType": "EQUITY", "symbol": "DHANBANK.NS", "underlyingSymbol": null, "shortName": "DHANLAXMI BANK LTD", "longName": "Dhanlaxmi Bank Limited", "currency": "INR", "quoteSourceName": "Delayed Quote", "currencySymbol": "\u20b9", "fromCurrency": null, "lastMarket": null, "marketCap": 3526874624}, "balanceSheetHistory": {"balanceSheetStatements": [{"maxAge": 1, "endDate": "2020-03-31", "cash": 7164977000, "shortTermInvestments": 3633057000, "inventory": 36965000, "otherCurrentAssets": 6334432000, "totalCurrentAssets": 17169431000, "longTermInvestments": 36824028000, "propertyPlantEquipment": 2136998000, "otherAssets": 66520459000, "deferredLongTermAssetCharges": 567631000, "totalAssets": 122650916000, "accountsPayable": 109040692000, "otherCurrentLiab": 230053000, "longTermDebt": 1775000000, "otherLiab": 3031931000, "totalCurrentLiabilities": 109574880000, "totalLiab": 114381811000, "commonStock": 2530121000, "retainedEarnings": -6408857000, "treasuryStock": 2093359000, "capitalSurplus": 10054482000, "otherStockholderEquity": 2093359000, "totalStockholderEquity": 8269105000, "netTangibleAssets": 8269105000}, {"maxAge": 1, "endDate": "2019-03-31", "cash": 1457804000, "shortTermInvestments": 3269218000, "inventory": 36965000, "otherCurrentAssets": 6757456000, "totalCurrentAssets": 11521443000, "longTermInvestments": 40367001000, "propertyPlantEquipment": 2020229000, "otherAssets": 64080217000, "deferredLongTermAssetCharges": 370591000, "totalAssets": 117988890000, "accountsPayable": 106033206000, "shortLongTermDebt": 229000000, "otherCurrentLiab": 302036000, "longTermDebt": 1775000000, "otherLiab": 1752261000, "totalCurrentLiabilities": 106850309000, "totalLiab": 110377570000, "commonStock": 2530121000, "retainedEarnings": -6837573000, "treasuryStock": 1864290000, "capitalSurplus": 10054482000, "otherStockholderEquity": 1864290000, "totalStockholderEquity": 7611320000, "netTangibleAssets": 7611320000}, {"maxAge": 1, "endDate": "2018-03-31", "cash": 3696449000, "shortTermInvestments": 3827320000, "inventory": 36965000, "otherCurrentAssets": 7085884000, "totalCurrentAssets": 14646618000, "longTermInvestments": 43646007000, "propertyPlantEquipment": 2037571000, "otherAssets": 62534400000, "deferredLongTermAssetCharges": 370591000, "totalAssets": 122864596000, "accountsPayable": 109196596000, "shortLongTermDebt": 1917700000, "otherCurrentLiab": 338485000, "longTermDebt": 2004041000, "otherLiab": 1582346000, "totalCurrentLiabilities": 111783579000, "totalLiab": 115369966000, "commonStock": 2530121000, "retainedEarnings": -6900685000, "treasuryStock": 1810712000, "capitalSurplus": 10054482000, "otherStockholderEquity": 1810712000, "totalStockholderEquity": 7494630000, "netTangibleAssets": 7494630000}, {"maxAge": 1, "endDate": "2017-03-31", "cash": 3414459000, "inventory": 36965000, "otherCurrentAssets": 6514157000, "totalCurrentAssets": 9965581000, "longTermInvestments": 41941490000, "propertyPlantEquipment": 2142651000, "otherAssets": 69281499000, "deferredLongTermAssetCharges": 370591000, "totalAssets": 123331221000, "accountsPayable": 112936779000, "otherCurrentLiab": 491624000, "longTermDebt": 1452000000, "otherLiab": 1516598000, "totalCurrentLiabilities": 113817803000, "totalLiab": 116786401000, "commonStock": 2098466000, "retainedEarnings": -6616607000, "treasuryStock": 1775379000, "capitalSurplus": 9287582000, "otherStockholderEquity": 1775379000, "totalStockholderEquity": 6544820000, "netTangibleAssets": 6544820000}], "maxAge": 86400}, "financialData": {"maxAge": 86400, "currentPrice": 13.9, "recommendationKey": "none", "totalCash": 10784199680, "totalCashPerShare": 42.918, "totalDebt": 1500000000, "totalRevenue": 3795678976, "revenuePerShare": 14.978, "grossProfits": 3898379000, "earningsGrowth": -0.44, "revenueGrowth": 0.108, "grossMargins": 0.0, "ebitdaMargins": 0.0, "operatingMargins": 0.09092, "profitMargins": 0.090909995, "financialCurrency": "INR"}}}