{"DHARSUGAR.NS": {"assetProfile": {"address1": "PGP House", "address2": "#57, Sterling Road Nungambakkam", "city": "Chennai", "zip": "600034", "country": "India", "phone": "91 44 2831 1313", "fax": "91 44 2823 2074", "website": "http://www.dharanisugars.in", "industry": "Confectioners", "sector": "Consumer Defensive", "longBusinessSummary": "Dharani Sugars and Chemicals Limited engages in the manufacture and sale of white sugar in India. It is also involved in the generation of electricity; and production of industrial alcohol, including ethanol. In addition, it produces molasses and other by products. The company was founded in 1987 and is based in Chennai, India.", "fullTimeEmployees": 828, "companyOfficers": [{"maxAge": 1, "name": "Dr. Palani Gounder Periasamy", "age": 82, "title": "Exec. Chairman", "yearBorn": 1938, "fiscalYear": 2020, "totalPay": 0, "exercisedValue": 0, "unexercisedValue": 0}, {"maxAge": 1, "name": "Mr. Muthusamy  Ramalingam B.E.", "title": "MD & Exec. Director", "fiscalYear": 2020, "totalPay": 0, "exercisedValue": 0, "unexercisedValue": 0}, {"maxAge": 1, "name": "Mr. M. P. Kaliannan", "title": "CFO & Pres of Corp. Fin.", "fiscalYear": 2020, "totalPay": 2415000, "exercisedValue": 0, "unexercisedValue": 0}, {"maxAge": 1, "name": "Mr. E. P. Sakthivel A.C.S.", "title": "Company Sec. & Compliance Officer", "fiscalYear": 2020, "totalPay": 679000, "exercisedValue": 0, "unexercisedValue": 0}], "compensationAsOfEpochDate": "2020-12-31 05:30:00", "maxAge": 86400}, "cashflowStatementHistory": {"cashflowStatements": [{"maxAge": 1, "endDate": "2020-03-31", "netIncome": -298812000, "depreciation": 224552000, "changeToNetincome": -48773000, "changeToAccountReceivables": -25812000, "changeToLiabilities": -142277000, "changeToInventory": 188142000, "changeToOperatingActivities": 172408000, "totalCashFromOperatingActivities": 69428000, "capitalExpenditures": -248000, "investments": 1585000, "otherCashflowsFromInvestingActivities": 1256000, "totalCashflowsFromInvestingActivities": 2593000, "netBorrowings": -57351000, "otherCashflowsFromFinancingActivities": -29701000, "totalCashFromFinancingActivities": -87052000, "changeInCash": -15031000}, {"maxAge": 1, "endDate": "2019-03-31", "netIncome": -1493292000, "depreciation": 225936000, "changeToNetincome": 1023248000, "changeToAccountReceivables": 20923000, "changeToLiabilities": -202023000, "changeToInventory": 1222604000, "changeToOperatingActivities": 95775000, "totalCashFromOperatingActivities": 893177000, "capitalExpenditures": -12966000, "investments": 119393000, "otherCashflowsFromInvestingActivities": 3150000, "totalCashflowsFromInvestingActivities": 138577000, "netBorrowings": -812645000, "otherCashflowsFromFinancingActivities": -224348000, "totalCashFromFinancingActivities": -1036993000, "changeInCash": -5239000}, {"maxAge": 1, "endDate": "2018-03-31", "netIncome": -853805000, "depreciation": 225751000, "changeToNetincome": 740802000, "changeToAccountReceivables": 108381000, "changeToLiabilities": 520608000, "changeToInventory": 798166000, "changeToOperatingActivities": -87570000, "totalCashFromOperatingActivities": 1452333000, "capitalExpenditures": -14108000, "investments": -90231000, "otherCashflowsFromInvestingActivities": 4651000, "totalCashflowsFromInvestingActivities": -80296000, "netBorrowings": -692464000, "otherCashflowsFromFinancingActivities": -688228000, "totalCashFromFinancingActivities": -1380692000, "changeInCash": -8655000}, {"maxAge": 1, "endDate": "2017-03-31", "netIncome": -174185000, "depreciation": 228760000, "changeToNetincome": 671714000, "changeToAccountReceivables": -17166000, "changeToLiabilities": -57519000, "changeToInventory": -26169000, "changeToOperatingActivities": 504489000, "totalCashFromOperatingActivities": 1129924000, "capitalExpenditures": -50901000, "investments": -90231000, "otherCashflowsFromInvestingActivities": 2322000, "totalCashflowsFromInvestingActivities": -48454000, "netBorrowings": -422136000, "otherCashflowsFromFinancingActivities": -702830000, "totalCashFromFinancingActivities": -1075025000, "changeInCash": 6445000, "issuanceOfStock": 49941000}], "maxAge": 86400}, "institutionOwnership": {"ownershipList": [], "maxAge": 1}, "majorHoldersBreakdown": {"maxAge": 1, "insidersPercentHeld": 0.64444, "institutionsPercentHeld": 0.0, "institutionsFloatPercentHeld": 0.0, "institutionsCount": 0}, "balanceSheetHistoryQuarterly": {"balanceSheetStatements": [{"maxAge": 1, "endDate": "2020-12-31", "totalStockholderEquity": -1026318000, "netTangibleAssets": -1026318000}, {"maxAge": 1, "endDate": "2020-09-30", "cash": 5548000, "netReceivables": 171038000, "inventory": 9472000, "otherCurrentAssets": 27396000, "totalCurrentAssets": 213454000, "longTermInvestments": 150529000, "propertyPlantEquipment": 5495552000, "otherAssets": 24242000, "totalAssets": 5883777000, "accountsPayable": 881422000, "otherCurrentLiab": 739308000, "longTermDebt": 7375000, "otherLiab": 206578000, "totalCurrentLiabilities": 6696142000, "totalLiab": 6910095000, "commonStock": 332000000, "treasuryStock": -1358318000, "otherStockholderEquity": -1358318000, "totalStockholderEquity": -1026318000, "netTangibleAssets": -1026318000}, {"maxAge": 1, "endDate": "2020-06-30", "totalStockholderEquity": -892402000, "netTangibleAssets": -892402000}, {"maxAge": 1, "endDate": "2020-03-31", "cash": 5899000, "netReceivables": 171342000, "inventory": 58274000, "otherCurrentAssets": 28619000, "totalCurrentAssets": 272407000, "longTermInvestments": 146035000, "propertyPlantEquipment": 5578006000, "otherAssets": 28983000, "totalAssets": 6025431000, "accountsPayable": 921016000, "otherCurrentLiab": 267027000, "longTermDebt": 6301000, "otherLiab": 192132000, "totalCurrentLiabilities": 6718180000, "totalLiab": 6917833000, "commonStock": 332000000, "retainedEarnings": -1535960000, "treasuryStock": 86000, "capitalSurplus": 311472000, "otherStockholderEquity": 86000, "totalStockholderEquity": -892402000, "netTangibleAssets": -892402000}], "maxAge": 86400}, "indexTrend": {"maxAge": 1, "symbol": "SP5", "peRatio": 19.7411, "pegRatio": 1.34172, "estimates": [{"period": "0q", "growth": 0.549}, {"period": "+1q", "growth": 0.431}, {"period": "0y", "growth": 0.305}, {"period": "+1y", "growth": 0.109}, {"period": "+5y", "growth": 0.120865}, {"period": "-5y"}]}, "defaultKeyStatistics": {"maxAge": 1, "priceHint": 2, "enterpriseValue": 5293487616, "profitMargins": 0.43465, "floatShares": 9136495, "sharesOutstanding": 33200000, "heldPercentInsiders": 0.64444, "heldPercentInstitutions": 0.0, "beta": 0.460027, "category": null, "bookValue": -30.937, "fundFamily": null, "legalType": null, "lastFiscalYearEnd": "2020-03-31 05:30:00", "nextFiscalYearEnd": "2022-03-31 05:30:00", "mostRecentQuarter": "2020-12-31 05:30:00", "netIncomeToCommon": 143560000, "trailingEps": 4.325, "lastSplitFactor": null, "enterpriseToRevenue": 16.027, "enterpriseToEbitda": -21.42}, "summaryProfile": {"address1": "PGP House", "address2": "#57, Sterling Road Nungambakkam", "city": "Chennai", "zip": "600034", "country": "India", "phone": "91 44 2831 1313", "fax": "91 44 2823 2074", "website": "http://www.dharanisugars.in", "industry": "Confectioners", "sector": "Consumer Defensive", "longBusinessSummary": "Dharani Sugars and Chemicals Limited engages in the manufacture and sale of white sugar in India. It is also involved in the generation of electricity; and production of industrial alcohol, including ethanol. In addition, it produces molasses and other by products. The company was founded in 1987 and is based in Chennai, India.", "fullTimeEmployees": 828, "companyOfficers": [], "maxAge": 86400}, "netSharePurchaseActivity": {"maxAge": 1, "period": "6m", "buyInfoCount": 0, "buyInfoShares": 0, "sellInfoCount": 0, "netInfoCount": 0, "netInfoShares": 0, "netPercentInsiderShares": 0.0, "totalInsiderShares": 21421534}, "insiderTransactions": {"transactions": [{"maxAge": 1, "shares": 2270000, "filerUrl": "", "transactionText": "", "filerName": "Dharani Developers Pvt Ltd", "filerRelation": "Promoter", "moneyText": "", "startDate": "2016-10-12", "ownership": "D"}, {"maxAge": 1, "shares": 1540154, "filerUrl": "", "transactionText": "", "filerName": "Dharani Developers Pvt Ltd", "filerRelation": "Promoter", "moneyText": "", "startDate": "2016-05-14", "ownership": "D"}, {"maxAge": 1, "shares": 670000, "filerUrl": "", "transactionText": "", "filerName": "Periasamy (Palani G. Ph.D.)", "filerRelation": "Executive Chairman", "moneyText": "", "startDate": "2013-12-04", "ownership": "D"}, {"maxAge": 1, "shares": 132174, "filerUrl": "", "transactionText": "", "filerName": "Periasamy (Jayanthi)", "filerRelation": "Promoter", "moneyText": "", "startDate": "2013-08-28", "ownership": "D"}, {"maxAge": 1, "shares": 137450, "filerUrl": "", "transactionText": "", "filerName": "Periasamy (Nalini)", "filerRelation": "Promoter", "moneyText": "", "startDate": "2013-08-26", "ownership": "D"}, {"maxAge": 1, "shares": 140450, "filerUrl": "", "transactionText": "", "filerName": "Periasamy (Ananthi)", "filerRelation": "Promoter", "moneyText": "", "startDate": "2013-08-21", "ownership": "D"}, {"maxAge": 1, "shares": 140400, "filerUrl": "", "transactionText": "", "filerName": "Periasamy (Santhi)", "filerRelation": "Promoter", "moneyText": "", "startDate": "2013-08-21", "ownership": "D"}, {"maxAge": 1, "shares": 565000, "filerUrl": "", "transactionText": "", "filerName": "Periasamy (Palani G. Ph.D.)", "filerRelation": "Director", "moneyText": "", "startDate": "2010-10-11", "ownership": "D"}, {"maxAge": 1, "shares": 1565000, "filerUrl": "", "transactionText": "", "filerName": "Dharani Developers Pvt Ltd", "filerRelation": "Institution- Corporation", "moneyText": "", "startDate": "2010-10-11", "ownership": "D"}], "maxAge": 1}, "quoteType": {"exchange": "NSI", "quoteType": "EQUITY", "symbol": "DHARSUGAR.NS", "underlyingSymbol": "DHARSUGAR.NS", "shortName": "DHARANI SUGAR & CH", "longName": "Dharani Sugars and Chemicals Limited", "firstTradeDateEpochUtc": "2002-07-01 09:15:00", "timeZoneFullName": "Asia/Kolkata", "timeZoneShortName": "IST", "uuid": "41068d00-1540-37bb-92fb-ec0dbedf9c01", "gmtOffSetMilliseconds": 19800000, "maxAge": 1}, "incomeStatementHistory": {"incomeStatementHistory": [{"maxAge": 1, "endDate": "2020-03-31", "totalRevenue": 1099675000, "costOfRevenue": 874225000, "grossProfit": 225450000, "researchDevelopment": {}, "sellingGeneralAdministrative": 223485000, "nonRecurring": {}, "otherOperatingExpenses": 420197000, "totalOperatingExpenses": 1742459000, "operatingIncome": -642784000, "totalOtherIncomeExpenseNet": 310004000, "ebit": -642784000, "interestExpense": -21540000, "incomeBeforeTax": -332780000, "incomeTaxExpense": -33968000, "minorityInterest": {}, "netIncomeFromContinuingOps": -298812000, "discontinuedOperations": {}, "extraordinaryItems": {}, "effectOfAccountingCharges": {}, "otherItems": {}, "netIncome": -298812000, "netIncomeApplicableToCommonShares": -298812000}, {"maxAge": 1, "endDate": "2019-03-31", "totalRevenue": 3156973000, "costOfRevenue": 2839283000, "grossProfit": 317690000, "researchDevelopment": {}, "sellingGeneralAdministrative": 244927000, "nonRecurring": {}, "otherOperatingExpenses": 292077000, "totalOperatingExpenses": 3602229000, "operatingIncome": -445256000, "totalOtherIncomeExpenseNet": -863715000, "ebit": -445256000, "interestExpense": -745497000, "incomeBeforeTax": -1308971000, "incomeTaxExpense": 184321000, "minorityInterest": {}, "netIncomeFromContinuingOps": -1493292000, "discontinuedOperations": {}, "extraordinaryItems": {}, "effectOfAccountingCharges": {}, "otherItems": {}, "netIncome": -1493292000, "netIncomeApplicableToCommonShares": -1493292000}, {"maxAge": 1, "endDate": "2018-03-31", "totalRevenue": 4814997000, "costOfRevenue": 4105615000, "grossProfit": 709382000, "researchDevelopment": {}, "sellingGeneralAdministrative": 256512000, "nonRecurring": {}, "otherOperatingExpenses": 348848000, "totalOperatingExpenses": 4936726000, "operatingIncome": -121729000, "totalOtherIncomeExpenseNet": -725143000, "ebit": -121729000, "interestExpense": -762858000, "incomeBeforeTax": -846872000, "incomeTaxExpense": 6933000, "minorityInterest": {}, "netIncomeFromContinuingOps": -853805000, "discontinuedOperations": {}, "extraordinaryItems": {}, "effectOfAccountingCharges": {}, "otherItems": {}, "netIncome": -853805000, "netIncomeApplicableToCommonShares": -853805000}, {"maxAge": 1, "endDate": "2017-03-31", "totalRevenue": 5091296000, "costOfRevenue": 3728913000, "grossProfit": 1362383000, "researchDevelopment": {}, "sellingGeneralAdministrative": 250502000, "nonRecurring": {}, "otherOperatingExpenses": 392818000, "totalOperatingExpenses": 4600993000, "operatingIncome": 490303000, "totalOtherIncomeExpenseNet": -645786000, "ebit": 490303000, "interestExpense": -728275000, "incomeBeforeTax": -155483000, "incomeTaxExpense": 18702000, "minorityInterest": {}, "netIncomeFromContinuingOps": -174185000, "discontinuedOperations": {}, "extraordinaryItems": {}, "effectOfAccountingCharges": {}, "otherItems": {}, "netIncome": -174185000, "netIncomeApplicableToCommonShares": -174185000}], "maxAge": 86400}, "fundOwnership": {"ownershipList": [], "maxAge": 1}, "summaryDetail": {"maxAge": 1, "priceHint": 2, "previousClose": 6.6, "open": 6.5, "dayLow": 6.45, "dayHigh": 6.9, "regularMarketPreviousClose": 6.6, "regularMarketOpen": 6.5, "regularMarketDayLow": 6.45, "regularMarketDayHigh": 6.9, "exDividendDate": "2013-09-12 05:30:00", "payoutRatio": 0.0, "beta": 0.460027, "trailingPE": 1.5838151, "volume": 130180, "regularMarketVolume": 130180, "averageVolume": 28898, "averageVolume10days": 23369, "averageDailyVolume10Day": 23369, "bid": 0.0, "ask": 0.0, "bidSize": 0, "askSize": 0, "marketCap": 225697216, "fiftyTwoWeekLow": 4.0, "fiftyTwoWeekHigh": 8.65, "priceToSalesTrailing12Months": 0.6833305, "fiftyDayAverage": 6.572727, "twoHundredDayAverage": 5.4057145, "currency": "INR", "fromCurrency": null, "lastMarket": null, "algorithm": null, "tradeable": false}, "incomeStatementHistoryQuarterly": {"incomeStatementHistory": [{"maxAge": 1, "endDate": "2020-12-31", "totalRevenue": 1601000, "costOfRevenue": 1275000, "grossProfit": 326000, "researchDevelopment": {}, "sellingGeneralAdministrative": 33537000, "nonRecurring": {}, "otherOperatingExpenses": 19248000, "totalOperatingExpenses": 112560000, "operatingIncome": -110959000, "totalOtherIncomeExpenseNet": 268000, "ebit": -110959000, "interestExpense": -152000, "incomeBeforeTax": -110691000, "incomeTaxExpense": 0, "minorityInterest": {}, "netIncomeFromContinuingOps": -110691000, "discontinuedOperations": {}, "extraordinaryItems": {}, "effectOfAccountingCharges": {}, "otherItems": {}, "netIncome": -110691000, "netIncomeApplicableToCommonShares": -110691000}, {"maxAge": 1, "endDate": "2020-09-30", "totalRevenue": 65950000, "costOfRevenue": 47166000, "grossProfit": 18784000, "researchDevelopment": {}, "sellingGeneralAdministrative": 35567000, "nonRecurring": {}, "otherOperatingExpenses": 36936000, "totalOperatingExpenses": 181091000, "operatingIncome": -115141000, "totalOtherIncomeExpenseNet": 56090000, "ebit": -115141000, "interestExpense": -157000, "incomeBeforeTax": -59051000, "incomeTaxExpense": 0, "minorityInterest": {}, "netIncomeFromContinuingOps": -59051000, "discontinuedOperations": {}, "extraordinaryItems": {}, "effectOfAccountingCharges": {}, "otherItems": {}, "netIncome": -59051000, "netIncomeApplicableToCommonShares": -59051000}, {"maxAge": 1, "endDate": "2020-06-30", "totalRevenue": 241025000, "costOfRevenue": 197631000, "grossProfit": 43394000, "researchDevelopment": {}, "sellingGeneralAdministrative": 36832000, "nonRecurring": {}, "otherOperatingExpenses": 25010000, "totalOperatingExpenses": 315049000, "operatingIncome": -74024000, "totalOtherIncomeExpenseNet": 807000, "ebit": -74024000, "interestExpense": -140000, "incomeBeforeTax": -73217000, "incomeTaxExpense": 0, "minorityInterest": {}, "netIncomeFromContinuingOps": -73217000, "discontinuedOperations": {}, "extraordinaryItems": {}, "effectOfAccountingCharges": {}, "otherItems": {}, "netIncome": -73217000, "netIncomeApplicableToCommonShares": -73217000}, {"maxAge": 1, "endDate": "2020-03-31", "totalRevenue": 21714000, "costOfRevenue": 52226000, "grossProfit": -30512000, "researchDevelopment": {}, "sellingGeneralAdministrative": 58090000, "nonRecurring": {}, "otherOperatingExpenses": 25769000, "totalOperatingExpenses": 192230000, "operatingIncome": -170516000, "totalOtherIncomeExpenseNet": 523067000, "ebit": -170516000, "interestExpense": -140000, "incomeBeforeTax": 352551000, "incomeTaxExpense": -33968000, "minorityInterest": {}, "netIncomeFromContinuingOps": 386519000, "discontinuedOperations": {}, "extraordinaryItems": {}, "effectOfAccountingCharges": {}, "otherItems": {}, "netIncome": 386519000, "netIncomeApplicableToCommonShares": 386519000}], "maxAge": 86400}, "cashflowStatementHistoryQuarterly": {"cashflowStatements": [{"maxAge": 1, "endDate": "2020-12-31", "netIncome": -110691000, "changeToLiabilities": 0}, {"maxAge": 1, "endDate": "2020-09-30", "netIncome": -59051000, "changeToLiabilities": 0}, {"maxAge": 1, "endDate": "2020-06-30", "netIncome": -73217000, "changeToLiabilities": 0}, {"maxAge": 1, "endDate": "2020-03-31", "netIncome": 386519000, "changeToLiabilities": 0}], "maxAge": 86400}, "insiderHolders": {"holders": [{"maxAge": 1, "name": "Dharani Developers Pvt Ltd", "relation": "Promoter", "url": "", "transactionDescription": "Other", "latestTransDate": "2016-10-12", "positionDirect": 6584242, "positionDirectDate": "2016-10-12"}, {"maxAge": 1, "name": "Periasamy (Ananthi)", "relation": "Promoter", "url": "", "transactionDescription": "Purchase", "latestTransDate": "2013-08-21", "positionDirect": 885293, "positionDirectDate": "2013-08-21"}, {"maxAge": 1, "name": "Periasamy (Jayanthi)", "relation": "Promoter", "url": "", "transactionDescription": "Purchase", "latestTransDate": "2013-08-28", "positionDirect": 886016, "positionDirectDate": "2013-08-28"}, {"maxAge": 1, "name": "Periasamy (Nalini)", "relation": "Promoter", "url": "", "transactionDescription": "Purchase", "latestTransDate": "2013-08-26", "positionDirect": 882492, "positionDirectDate": "2013-08-26"}, {"maxAge": 1, "name": "Periasamy (Palani G. Ph.D.)", "relation": "Executive Chairman", "url": "", "transactionDescription": "Purchase", "latestTransDate": "2013-12-04", "positionDirect": 3602775, "positionDirectDate": "2013-12-04"}, {"maxAge": 1, "name": "Periasamy (Santhi)", "relation": "Promoter", "url": "", "transactionDescription": "Purchase", "latestTransDate": "2013-08-21", "positionDirect": 885142, "positionDirectDate": "2013-08-21"}], "maxAge": 1}, "calendarEvents": {"maxAge": 1, "earnings": {"earningsDate": []}, "exDividendDate": "2013-09-12 05:30:00"}, "upgradeDowngradeHistory": {"history": [], "maxAge": 86400}, "price": {"maxAge": 1, "regularMarketChangePercent": 0.03787879, "regularMarketChange": 0.25, "regularMarketTime": "2021-04-30 15:29:19", "priceHint": 2, "regularMarketPrice": 6.85, "regularMarketDayHigh": 6.9, "regularMarketDayLow": 6.45, "regularMarketVolume": 130180, "averageDailyVolume10Day": 23369, "averageDailyVolume3Month": 28898, "regularMarketPreviousClose": 6.6, "regularMarketSource": "FREE_REALTIME", "regularMarketOpen": 6.5, "exchange": "NSI", "exchangeName": "NSE", "exchangeDataDelayedBy": 15, "marketState": "CLOSED", "quoteType": "EQUITY", "symbol": "DHARSUGAR.NS", "underlyingSymbol": null, "shortName": "DHARANI SUGAR & CH", "longName": "Dharani Sugars and Chemicals Limited", "currency": "INR", "quoteSourceName": "Delayed Quote", "currencySymbol": "\u20b9", "fromCurrency": null, "lastMarket": null, "marketCap": 225697216}, "balanceSheetHistory": {"balanceSheetStatements": [{"maxAge": 1, "endDate": "2020-03-31", "cash": 5899000, "netReceivables": 171342000, "inventory": 58274000, "otherCurrentAssets": 28619000, "totalCurrentAssets": 272407000, "longTermInvestments": 146035000, "propertyPlantEquipment": 5578006000, "otherAssets": 28983000, "totalAssets": 6025431000, "accountsPayable": 921016000, "otherCurrentLiab": 267027000, "longTermDebt": 6301000, "otherLiab": 192132000, "totalCurrentLiabilities": 6718180000, "totalLiab": 6917833000, "commonStock": 332000000, "retainedEarnings": -1535960000, "treasuryStock": 86000, "capitalSurplus": 311472000, "otherStockholderEquity": 86000, "totalStockholderEquity": -892402000, "netTangibleAssets": -892402000}, {"maxAge": 1, "endDate": "2019-03-31", "cash": 20930000, "shortTermInvestments": 497000, "netReceivables": 421171000, "inventory": 246416000, "otherCurrentAssets": 199697000, "totalCurrentAssets": 901436000, "longTermInvestments": 166629000, "propertyPlantEquipment": 5828438000, "otherAssets": 46993000, "totalAssets": 6943496000, "accountsPayable": 1063293000, "shortLongTermDebt": 1534280000, "otherCurrentLiab": 295900000, "longTermDebt": 1548541000, "otherLiab": 216438000, "deferredLongTermLiab": 16842000, "totalCurrentLiabilities": 5766642000, "totalLiab": 7533791000, "commonStock": 332000000, "retainedEarnings": -1233853000, "treasuryStock": 86000, "capitalSurplus": 311472000, "otherStockholderEquity": 86000, "totalStockholderEquity": -590295000, "netTangibleAssets": -590295000}, {"maxAge": 1, "endDate": "2018-03-31", "cash": 26169000, "shortTermInvestments": 119893000, "netReceivables": 456015000, "inventory": 1469020000, "otherCurrentAssets": 67917000, "totalCurrentAssets": 2150688000, "longTermInvestments": 285781000, "propertyPlantEquipment": 6042913000, "intangibleAssets": 6000, "otherAssets": 86455000, "deferredLongTermAssetCharges": 16389000, "totalAssets": 8565843000, "accountsPayable": 1265316000, "shortLongTermDebt": 1134353000, "otherCurrentLiab": 511127000, "longTermDebt": 2382267000, "otherLiab": 47920000, "deferredLongTermLiab": 24616000, "totalCurrentLiabilities": 5234834000, "totalLiab": 7668299000, "commonStock": 332000000, "retainedEarnings": 246486000, "treasuryStock": 7586000, "capitalSurplus": 311472000, "otherStockholderEquity": 7586000, "totalStockholderEquity": 897544000, "netTangibleAssets": 897538000}, {"maxAge": 1, "endDate": "2017-03-31", "cash": 34824000, "shortTermInvestments": 27661000, "netReceivables": 564679000, "inventory": 2267186000, "otherCurrentAssets": 41286000, "totalCurrentAssets": 2944039000, "longTermInvestments": 264895000, "propertyPlantEquipment": 6279741000, "intangibleAssets": 6000, "otherAssets": 101833000, "deferredLongTermAssetCharges": 23322000, "totalAssets": 9590514000, "accountsPayable": 771101000, "shortLongTermDebt": 1053484000, "otherCurrentLiab": 509872000, "longTermDebt": 3078360000, "otherLiab": 53068000, "deferredLongTermLiab": 34338000, "totalCurrentLiabilities": 4712936000, "totalLiab": 7846665000, "commonStock": 332000000, "retainedEarnings": 1100291000, "treasuryStock": 86000, "capitalSurplus": 311472000, "otherStockholderEquity": 86000, "totalStockholderEquity": 1743849000, "netTangibleAssets": 1743843000}], "maxAge": 86400}, "financialData": {"maxAge": 86400, "currentPrice": 6.85, "recommendationKey": "none", "totalCash": 5548000, "totalCashPerShare": 0.167, "ebitda": -247126000, "totalDebt": 5079648256, "totalRevenue": 330289984, "revenuePerShare": 9.951, "grossProfits": 225450000, "revenueGrowth": -0.953, "grossMargins": 0.09686, "ebitdaMargins": -0.74821, "operatingMargins": -1.42493, "profitMargins": 0.43465, "financialCurrency": "INR"}}}