{"DHARSUGAR.BO": {"cashflowStatementHistory": {"cashflowStatements": [{"maxAge": 1, "endDate": "2020-03-31", "netIncome": -298812000, "depreciation": 224552000, "changeToNetincome": -48773000, "changeToAccountReceivables": -25812000, "changeToLiabilities": -142277000, "changeToInventory": 188142000, "changeToOperatingActivities": 172408000, "totalCashFromOperatingActivities": 69428000, "capitalExpenditures": -248000, "investments": 1585000, "otherCashflowsFromInvestingActivities": 1256000, "totalCashflowsFromInvestingActivities": 2593000, "netBorrowings": -57351000, "otherCashflowsFromFinancingActivities": -29701000, "totalCashFromFinancingActivities": -87052000, "changeInCash": -15031000}, {"maxAge": 1, "endDate": "2019-03-31", "netIncome": -1493292000, "depreciation": 225936000, "changeToNetincome": 1023248000, "changeToAccountReceivables": 20923000, "changeToLiabilities": -202023000, "changeToInventory": 1222604000, "changeToOperatingActivities": 95775000, "totalCashFromOperatingActivities": 893177000, "capitalExpenditures": -12966000, "investments": 119393000, "otherCashflowsFromInvestingActivities": 3150000, "totalCashflowsFromInvestingActivities": 138577000, "netBorrowings": -812645000, "otherCashflowsFromFinancingActivities": -224348000, "totalCashFromFinancingActivities": -1036993000, "changeInCash": -5239000}, {"maxAge": 1, "endDate": "2018-03-31", "netIncome": -853805000, "depreciation": 225751000, "changeToNetincome": 740802000, "changeToAccountReceivables": 108381000, "changeToLiabilities": 520608000, "changeToInventory": 798166000, "changeToOperatingActivities": -87570000, "totalCashFromOperatingActivities": 1452333000, "capitalExpenditures": -14108000, "investments": -90231000, "otherCashflowsFromInvestingActivities": 4651000, "totalCashflowsFromInvestingActivities": -80296000, "netBorrowings": -692464000, "otherCashflowsFromFinancingActivities": -688228000, "totalCashFromFinancingActivities": -1380692000, "changeInCash": -8655000}, {"maxAge": 1, "endDate": "2017-03-31", "netIncome": -174185000, "depreciation": 228760000, "changeToNetincome": 671714000, "changeToAccountReceivables": -17166000, "changeToLiabilities": -57519000, "changeToInventory": -26169000, "changeToOperatingActivities": 504489000, "totalCashFromOperatingActivities": 1129924000, "capitalExpenditures": -50901000, "investments": -90231000, "otherCashflowsFromInvestingActivities": 2322000, "totalCashflowsFromInvestingActivities": -48454000, "netBorrowings": -422136000, "otherCashflowsFromFinancingActivities": -702830000, "totalCashFromFinancingActivities": -1075025000, "changeInCash": 6445000, "issuanceOfStock": 49941000}], "maxAge": 86400}, "institutionOwnership": {"maxAge": 1, "ownershipList": []}, "balanceSheetHistoryQuarterly": {"balanceSheetStatements": [{"maxAge": 1, "endDate": "2020-06-30", "totalStockholderEquity": -892402000, "netTangibleAssets": -892402000}, {"maxAge": 1, "endDate": "2020-03-31", "cash": 5899000, "netReceivables": 171342000, "inventory": 58274000, "otherCurrentAssets": 28619000, "totalCurrentAssets": 272407000, "longTermInvestments": 146035000, "propertyPlantEquipment": 5578006000, "otherAssets": 28983000, "totalAssets": 6025431000, "accountsPayable": 921016000, "otherCurrentLiab": 267027000, "longTermDebt": 6301000, "otherLiab": 192132000, "totalCurrentLiabilities": 6718180000, "totalLiab": 6917833000, "commonStock": 332000000, "retainedEarnings": -1535960000, "treasuryStock": 86000, "capitalSurplus": 311472000, "otherStockholderEquity": 86000, "totalStockholderEquity": -892402000, "netTangibleAssets": -892402000}, {"maxAge": 1, "endDate": "2019-12-31", "totalStockholderEquity": -1009411000, "netTangibleAssets": -1009411000}, {"maxAge": 1, "endDate": "2019-09-30", "cash": 27843000, "netReceivables": 420303000, "inventory": 80103000, "otherCurrentAssets": 81808000, "totalCurrentAssets": 610057000, "longTermInvestments": 154580000, "propertyPlantEquipment": 5716414000, "otherAssets": 26775000, "totalAssets": 6507826000, "accountsPayable": 934645000, "otherCurrentLiab": 1199560000, "longTermDebt": 7726000, "otherLiab": 215321000, "totalCurrentLiabilities": 7294190000, "totalLiab": 7517237000, "commonStock": 332000000, "treasuryStock": -1341411000, "otherStockholderEquity": -1341411000, "totalStockholderEquity": -1009411000, "netTangibleAssets": -1009411000}], "maxAge": 86400}, "indexTrend": {"maxAge": 1, "symbol": "SP5", "peRatio": 19.7411, "pegRatio": 1.34172, "estimates": [{"period": "0q", "growth": 0.549}, {"period": "+1q", "growth": 0.431}, {"period": "0y", "growth": 0.305}, {"period": "+1y", "growth": 0.109}, {"period": "+5y", "growth": 0.120865}, {"period": "-5y"}]}, "insiderTransactions": {"transactions": [{"maxAge": 1, "shares": 2270000, "filerUrl": "", "transactionText": "", "filerName": "Dharani Developers Pvt Ltd", "filerRelation": "Promoter", "moneyText": "", "startDate": "2016-10-12", "ownership": "D"}, {"maxAge": 1, "shares": 1540154, "filerUrl": "", "transactionText": "", "filerName": "Dharani Developers Pvt Ltd", "filerRelation": "Promoter", "moneyText": "", "startDate": "2016-05-14", "ownership": "D"}, {"maxAge": 1, "shares": 670000, "filerUrl": "", "transactionText": "", "filerName": "Periasamy (Palani G. Ph.D.)", "filerRelation": "Executive Chairman", "moneyText": "", "startDate": "2013-12-04", "ownership": "D"}, {"maxAge": 1, "shares": 132174, "filerUrl": "", "transactionText": "", "filerName": "Periasamy (Jayanthi)", "filerRelation": "Promoter", "moneyText": "", "startDate": "2013-08-28", "ownership": "D"}, {"maxAge": 1, "shares": 137450, "filerUrl": "", "transactionText": "", "filerName": "Periasamy (Nalini)", "filerRelation": "Promoter", "moneyText": "", "startDate": "2013-08-26", "ownership": "D"}, {"maxAge": 1, "shares": 140400, "filerUrl": "", "transactionText": "", "filerName": "Periasamy (Santhi)", "filerRelation": "Promoter", "moneyText": "", "startDate": "2013-08-21", "ownership": "D"}, {"maxAge": 1, "shares": 140450, "filerUrl": "", "transactionText": "", "filerName": "Periasamy (Ananthi)", "filerRelation": "Promoter", "moneyText": "", "startDate": "2013-08-21", "ownership": "D"}, {"maxAge": 1, "shares": 565000, "filerUrl": "", "transactionText": "", "filerName": "Periasamy (Palani G. Ph.D.)", "filerRelation": "Director", "moneyText": "", "startDate": "2010-10-11", "ownership": "D"}, {"maxAge": 1, "shares": 1565000, "filerUrl": "", "transactionText": "", "filerName": "Dharani Developers Pvt Ltd", "filerRelation": "Institution- Corporation", "moneyText": "", "startDate": "2010-10-11", "ownership": "D"}], "maxAge": 1}, "quoteType": {"exchange": "BSE", "quoteType": "EQUITY", "symbol": "DHARSUGAR.BO", "underlyingSymbol": "DHARSUGAR.BO", "shortName": "DHARANI SUGARS & CHEMICALS LTD", "longName": "Dharani Sugars and Chemicals Limited", "firstTradeDateEpochUtc": "2001-12-12 09:15:00", "timeZoneFullName": "Asia/Kolkata", "timeZoneShortName": "IST", "uuid": "987d2321-c4c5-3098-b16f-5311767cd0ca", "messageBoardId": null, "gmtOffSetMilliseconds": 19800000, "maxAge": 1}, "incomeStatementHistory": {"incomeStatementHistory": [{"maxAge": 1, "endDate": "2020-03-31", "totalRevenue": 1099675000, "costOfRevenue": 874225000, "grossProfit": 225450000, "researchDevelopment": {}, "sellingGeneralAdministrative": 223485000, "nonRecurring": {}, "otherOperatingExpenses": 420197000, "totalOperatingExpenses": 1742459000, "operatingIncome": -642784000, "totalOtherIncomeExpenseNet": 310004000, "ebit": -642784000, "interestExpense": -21540000, "incomeBeforeTax": -332780000, "incomeTaxExpense": -33968000, "minorityInterest": {}, "netIncomeFromContinuingOps": -298812000, "discontinuedOperations": {}, "extraordinaryItems": {}, "effectOfAccountingCharges": {}, "otherItems": {}, "netIncome": -298812000, "netIncomeApplicableToCommonShares": -298812000}, {"maxAge": 1, "endDate": "2019-03-31", "totalRevenue": 3156973000, "costOfRevenue": 2839283000, "grossProfit": 317690000, "researchDevelopment": {}, "sellingGeneralAdministrative": 244927000, "nonRecurring": {}, "otherOperatingExpenses": 292077000, "totalOperatingExpenses": 3602229000, "operatingIncome": -445256000, "totalOtherIncomeExpenseNet": -863715000, "ebit": -445256000, "interestExpense": -745497000, "incomeBeforeTax": -1308971000, "incomeTaxExpense": 184321000, "minorityInterest": {}, "netIncomeFromContinuingOps": -1493292000, "discontinuedOperations": {}, "extraordinaryItems": {}, "effectOfAccountingCharges": {}, "otherItems": {}, "netIncome": -1493292000, "netIncomeApplicableToCommonShares": -1493292000}, {"maxAge": 1, "endDate": "2018-03-31", "totalRevenue": 4814997000, "costOfRevenue": 4105615000, "grossProfit": 709382000, "researchDevelopment": {}, "sellingGeneralAdministrative": 256512000, "nonRecurring": {}, "otherOperatingExpenses": 348848000, "totalOperatingExpenses": 4936726000, "operatingIncome": -121729000, "totalOtherIncomeExpenseNet": -725143000, "ebit": -121729000, "interestExpense": -762858000, "incomeBeforeTax": -846872000, "incomeTaxExpense": 6933000, "minorityInterest": {}, "netIncomeFromContinuingOps": -853805000, "discontinuedOperations": {}, "extraordinaryItems": {}, "effectOfAccountingCharges": {}, "otherItems": {}, "netIncome": -853805000, "netIncomeApplicableToCommonShares": -853805000}, {"maxAge": 1, "endDate": "2017-03-31", "totalRevenue": 5091296000, "costOfRevenue": 3728913000, "grossProfit": 1362383000, "researchDevelopment": {}, "sellingGeneralAdministrative": 250502000, "nonRecurring": {}, "otherOperatingExpenses": 392818000, "totalOperatingExpenses": 4600993000, "operatingIncome": 490303000, "totalOtherIncomeExpenseNet": -645786000, "ebit": 490303000, "interestExpense": -728275000, "incomeBeforeTax": -155483000, "incomeTaxExpense": 18702000, "minorityInterest": {}, "netIncomeFromContinuingOps": -174185000, "discontinuedOperations": {}, "extraordinaryItems": {}, "effectOfAccountingCharges": {}, "otherItems": {}, "netIncome": -174185000, "netIncomeApplicableToCommonShares": -174185000}], "maxAge": 86400}, "fundOwnership": {"maxAge": 1, "ownershipList": []}, "summaryDetail": {"maxAge": 1, "priceHint": 2, "previousClose": 6.55, "open": 6.6, "dayLow": 6.6, "dayHigh": 6.87, "regularMarketPreviousClose": 6.55, "regularMarketOpen": 6.6, "regularMarketDayLow": 6.6, "regularMarketDayHigh": 6.87, "volume": 8766, "regularMarketVolume": 8766, "averageVolume": 5450, "averageVolume10days": 12371, "averageDailyVolume10Day": 12371, "bid": 6.87, "ask": 0.0, "bidSize": 0, "askSize": 0, "marketCap": 228084000, "fiftyTwoWeekLow": 3.97, "fiftyTwoWeekHigh": 8.2, "fiftyDayAverage": 5.8220587, "twoHundredDayAverage": 5.288015, "currency": "INR", "fromCurrency": null, "toCurrency": null, "lastMarket": null, "algorithm": null, "tradeable": false}, "incomeStatementHistoryQuarterly": {"incomeStatementHistory": [{"maxAge": 1, "endDate": "2020-06-30", "totalRevenue": 241025000, "costOfRevenue": 197631000, "grossProfit": 43394000, "researchDevelopment": {}, "sellingGeneralAdministrative": 36832000, "nonRecurring": {}, "otherOperatingExpenses": 25010000, "totalOperatingExpenses": 315049000, "operatingIncome": -74024000, "totalOtherIncomeExpenseNet": 807000, "ebit": -74024000, "interestExpense": -140000, "incomeBeforeTax": -73217000, "incomeTaxExpense": 0, "minorityInterest": {}, "netIncomeFromContinuingOps": -73217000, "discontinuedOperations": {}, "extraordinaryItems": {}, "effectOfAccountingCharges": {}, "otherItems": {}, "netIncome": -73217000, "netIncomeApplicableToCommonShares": -73217000}, {"maxAge": 1, "endDate": "2020-03-31", "totalRevenue": 21714000, "costOfRevenue": 52226000, "grossProfit": -30512000, "researchDevelopment": {}, "sellingGeneralAdministrative": 58090000, "nonRecurring": {}, "otherOperatingExpenses": 25769000, "totalOperatingExpenses": 192230000, "operatingIncome": -170516000, "totalOtherIncomeExpenseNet": 523067000, "ebit": -170516000, "interestExpense": -140000, "incomeBeforeTax": 352551000, "incomeTaxExpense": -33968000, "minorityInterest": {}, "netIncomeFromContinuingOps": 386519000, "discontinuedOperations": {}, "extraordinaryItems": {}, "effectOfAccountingCharges": {}, "otherItems": {}, "netIncome": 386519000, "netIncomeApplicableToCommonShares": 386519000}, {"maxAge": 1, "endDate": "2019-12-31", "totalRevenue": 34360000, "costOfRevenue": 29712000, "grossProfit": 4648000, "researchDevelopment": {}, "sellingGeneralAdministrative": 52931000, "nonRecurring": {}, "otherOperatingExpenses": 159290000, "totalOperatingExpenses": 298069000, "operatingIncome": -263709000, "totalOtherIncomeExpenseNet": 220000, "ebit": -263709000, "interestExpense": -255000, "incomeBeforeTax": -263489000, "incomeTaxExpense": 0, "minorityInterest": {}, "netIncomeFromContinuingOps": -263489000, "discontinuedOperations": {}, "extraordinaryItems": {}, "effectOfAccountingCharges": {}, "otherItems": {}, "netIncome": -263489000, "netIncomeApplicableToCommonShares": -263489000}, {"maxAge": 1, "endDate": "2019-09-30", "totalRevenue": 436768000, "costOfRevenue": 335523000, "grossProfit": 101245000, "researchDevelopment": {}, "sellingGeneralAdministrative": 55677000, "nonRecurring": {}, "otherOperatingExpenses": 160399000, "totalOperatingExpenses": 607734000, "operatingIncome": -170966000, "totalOtherIncomeExpenseNet": -25164000, "ebit": -170966000, "interestExpense": -25628000, "incomeBeforeTax": -196130000, "incomeTaxExpense": 0, "minorityInterest": {}, "netIncomeFromContinuingOps": -196130000, "discontinuedOperations": {}, "extraordinaryItems": {}, "effectOfAccountingCharges": {}, "otherItems": {}, "netIncome": -196130000, "netIncomeApplicableToCommonShares": -196130000}], "maxAge": 86400}, "cashflowStatementHistoryQuarterly": {"cashflowStatements": [{"maxAge": 1, "endDate": "2020-06-30", "netIncome": -73217000, "changeToLiabilities": 0}, {"maxAge": 1, "endDate": "2020-03-31", "netIncome": 386519000, "changeToLiabilities": 0}, {"maxAge": 1, "endDate": "2019-12-31", "netIncome": -263489000, "changeToLiabilities": 0}, {"maxAge": 1, "endDate": "2019-09-30", "netIncome": -196130000, "changeToLiabilities": 0}], "maxAge": 86400}, "insiderHolders": {"holders": [{"maxAge": 1, "name": "Dharani Developers Pvt Ltd", "relation": "Promoter", "url": "", "transactionDescription": "Other", "latestTransDate": "2016-10-12", "positionDirect": 6584242, "positionDirectDate": "2016-10-12"}, {"maxAge": 1, "name": "Periasamy (Ananthi)", "relation": "Promoter", "url": "", "transactionDescription": "Purchase", "latestTransDate": "2013-08-21", "positionDirect": 885293, "positionDirectDate": "2013-08-21"}, {"maxAge": 1, "name": "Periasamy (Jayanthi)", "relation": "Promoter", "url": "", "transactionDescription": "Purchase", "latestTransDate": "2013-08-28", "positionDirect": 886016, "positionDirectDate": "2013-08-28"}, {"maxAge": 1, "name": "Periasamy (Nalini)", "relation": "Promoter", "url": "", "transactionDescription": "Purchase", "latestTransDate": "2013-08-26", "positionDirect": 882492, "positionDirectDate": "2013-08-26"}, {"maxAge": 1, "name": "Periasamy (Palani G. Ph.D.)", "relation": "Executive Chairman", "url": "", "transactionDescription": "Purchase", "latestTransDate": "2013-12-04", "positionDirect": 3602775, "positionDirectDate": "2013-12-04"}, {"maxAge": 1, "name": "Periasamy (Santhi)", "relation": "Promoter", "url": "", "transactionDescription": "Purchase", "latestTransDate": "2013-08-21", "positionDirect": 885142, "positionDirectDate": "2013-08-21"}], "maxAge": 1}, "calendarEvents": {"maxAge": 1, "earnings": {"earningsDate": []}}, "price": {"maxAge": 1, "regularMarketChangePercent": 0.048854914, "regularMarketChange": 0.3199997, "regularMarketTime": "2021-04-30 15:24:00", "priceHint": 2, "regularMarketPrice": 6.87, "regularMarketDayHigh": 6.87, "regularMarketDayLow": 6.6, "regularMarketVolume": 8766, "averageDailyVolume10Day": 12371, "averageDailyVolume3Month": 5450, "regularMarketPreviousClose": 6.55, "regularMarketSource": "FREE_REALTIME", "regularMarketOpen": 6.6, "exchange": "BSE", "exchangeName": "BSE", "exchangeDataDelayedBy": 0, "marketState": "CLOSED", "quoteType": "EQUITY", "symbol": "DHARSUGAR.BO", "underlyingSymbol": null, "shortName": "DHARANI SUGARS & CHEMICALS LTD", "longName": "Dharani Sugars and Chemicals Limited", "currency": "INR", "quoteSourceName": "Delayed Quote", "currencySymbol": "\u20b9", "fromCurrency": null, "toCurrency": null, "lastMarket": null, "marketCap": 228084000}, "balanceSheetHistory": {"balanceSheetStatements": [{"maxAge": 1, "endDate": "2020-03-31", "cash": 5899000, "netReceivables": 171342000, "inventory": 58274000, "otherCurrentAssets": 28619000, "totalCurrentAssets": 272407000, "longTermInvestments": 146035000, "propertyPlantEquipment": 5578006000, "otherAssets": 28983000, "totalAssets": 6025431000, "accountsPayable": 921016000, "otherCurrentLiab": 267027000, "longTermDebt": 6301000, "otherLiab": 192132000, "totalCurrentLiabilities": 6718180000, "totalLiab": 6917833000, "commonStock": 332000000, "retainedEarnings": -1535960000, "treasuryStock": 86000, "capitalSurplus": 311472000, "otherStockholderEquity": 86000, "totalStockholderEquity": -892402000, "netTangibleAssets": -892402000}, {"maxAge": 1, "endDate": "2019-03-31", "cash": 20930000, "shortTermInvestments": 497000, "netReceivables": 421171000, "inventory": 246416000, "otherCurrentAssets": 199697000, "totalCurrentAssets": 901436000, "longTermInvestments": 166629000, "propertyPlantEquipment": 5828438000, "otherAssets": 46993000, "totalAssets": 6943496000, "accountsPayable": 1063293000, "shortLongTermDebt": 1534280000, "otherCurrentLiab": 295900000, "longTermDebt": 1548541000, "otherLiab": 216438000, "deferredLongTermLiab": 16842000, "totalCurrentLiabilities": 5766642000, "totalLiab": 7533791000, "commonStock": 332000000, "retainedEarnings": -1233853000, "treasuryStock": 86000, "capitalSurplus": 311472000, "otherStockholderEquity": 86000, "totalStockholderEquity": -590295000, "netTangibleAssets": -590295000}, {"maxAge": 1, "endDate": "2018-03-31", "cash": 26169000, "shortTermInvestments": 119893000, "netReceivables": 456015000, "inventory": 1469020000, "otherCurrentAssets": 67917000, "totalCurrentAssets": 2150688000, "longTermInvestments": 285781000, "propertyPlantEquipment": 6042913000, "intangibleAssets": 6000, "otherAssets": 86455000, "deferredLongTermAssetCharges": 16389000, "totalAssets": 8565843000, "accountsPayable": 1265316000, "shortLongTermDebt": 1134353000, "otherCurrentLiab": 511127000, "longTermDebt": 2382267000, "otherLiab": 47920000, "deferredLongTermLiab": 24616000, "totalCurrentLiabilities": 5234834000, "totalLiab": 7668299000, "commonStock": 332000000, "retainedEarnings": 246486000, "treasuryStock": 7586000, "capitalSurplus": 311472000, "otherStockholderEquity": 7586000, "totalStockholderEquity": 897544000, "netTangibleAssets": 897538000}, {"maxAge": 1, "endDate": "2017-03-31", "cash": 34824000, "shortTermInvestments": 27661000, "netReceivables": 564679000, "inventory": 2267186000, "otherCurrentAssets": 41286000, "totalCurrentAssets": 2944039000, "longTermInvestments": 264895000, "propertyPlantEquipment": 6279741000, "intangibleAssets": 6000, "otherAssets": 101833000, "deferredLongTermAssetCharges": 23322000, "totalAssets": 9590514000, "accountsPayable": 771101000, "shortLongTermDebt": 1053484000, "otherCurrentLiab": 509872000, "longTermDebt": 3078360000, "otherLiab": 53068000, "deferredLongTermLiab": 34338000, "totalCurrentLiabilities": 4712936000, "totalLiab": 7846665000, "commonStock": 332000000, "retainedEarnings": 1100291000, "treasuryStock": 86000, "capitalSurplus": 311472000, "otherStockholderEquity": 86000, "totalStockholderEquity": 1743849000, "netTangibleAssets": 1743843000}], "maxAge": 86400}, "financialData": {"maxAge": 86400, "currentPrice": 6.87, "recommendationKey": "none", "grossProfits": 225450000, "financialCurrency": "INR"}}}