{"DHARAMSI.BO": {"recommendationTrend": {"trend": [{"period": "0m", "strongBuy": 0, "buy": 0, "hold": 0, "sell": 0, "strongSell": 0}, {"period": "-1m", "strongBuy": 0, "buy": 0, "hold": 0, "sell": 0, "strongSell": 0}, {"period": "-2m", "strongBuy": 0, "buy": 0, "hold": 0, "sell": 0, "strongSell": 0}, {"period": "-3m", "strongBuy": 0, "buy": 0, "hold": 0, "sell": 0, "strongSell": 0}], "maxAge": 86400}, "cashflowStatementHistory": {"cashflowStatements": [{"maxAge": 1, "endDate": "2020-03-31", "netIncome": 314630000, "depreciation": 60644000, "changeToNetincome": -84308000, "changeToAccountReceivables": 49241000, "changeToLiabilities": -79165000, "changeToInventory": -27308000, "changeToOperatingActivities": 35228000, "totalCashFromOperatingActivities": 269959000, "capitalExpenditures": -169614000, "otherCashflowsFromInvestingActivities": 1210000, "totalCashflowsFromInvestingActivities": -168404000, "dividendsPaid": -29418000, "netBorrowings": -7865000, "otherCashflowsFromFinancingActivities": -19273000, "totalCashFromFinancingActivities": -56556000, "changeInCash": 44999000}, {"maxAge": 1, "endDate": "2019-03-31", "netIncome": 461414000, "depreciation": 45131000, "changeToNetincome": -60622000, "changeToAccountReceivables": -79054000, "changeToLiabilities": -78874000, "changeToInventory": -42439000, "changeToOperatingActivities": -37042000, "totalCashFromOperatingActivities": 208514000, "capitalExpenditures": -137965000, "investments": 8662000, "otherCashflowsFromInvestingActivities": 2365000, "totalCashflowsFromInvestingActivities": -126938000, "dividendsPaid": -30017000, "netBorrowings": -22401000, "otherCashflowsFromFinancingActivities": -28885000, "totalCashFromFinancingActivities": -81303000, "changeInCash": 273000}, {"maxAge": 1, "endDate": "2018-03-31", "netIncome": 122962000, "depreciation": 41964000, "changeToNetincome": 43411000, "changeToAccountReceivables": -4413000, "changeToLiabilities": -51742000, "changeToInventory": -41932000, "changeToOperatingActivities": 73409000, "totalCashFromOperatingActivities": 183659000, "capitalExpenditures": -84972000, "investments": -16137000, "otherCashflowsFromInvestingActivities": 3908000, "totalCashflowsFromInvestingActivities": -91763000, "dividendsPaid": -30017000, "netBorrowings": -56800000, "otherCashflowsFromFinancingActivities": -33753000, "totalCashFromFinancingActivities": -90553000, "changeInCash": 1343000}, {"maxAge": 1, "endDate": "2017-03-31", "netIncome": 170461000, "depreciation": 35993000, "changeToNetincome": 41633000, "changeToAccountReceivables": -22666000, "changeToLiabilities": -20758000, "changeToInventory": 53471000, "changeToOperatingActivities": 30577000, "totalCashFromOperatingActivities": 289957000, "capitalExpenditures": -71127000, "investments": -15497000, "otherCashflowsFromInvestingActivities": 3500000, "totalCashflowsFromInvestingActivities": -83107000, "dividendsPaid": -30017000, "netBorrowings": -198600000, "otherCashflowsFromFinancingActivities": -48589000, "totalCashFromFinancingActivities": -187189000, "changeInCash": 19662000, "issuanceOfStock": 60000000}], "maxAge": 86400}, "institutionOwnership": {"maxAge": 1, "ownershipList": []}, "balanceSheetHistoryQuarterly": {"balanceSheetStatements": [{"maxAge": 1, "endDate": "2020-03-31", "cash": 83149000, "shortTermInvestments": 7197000, "netReceivables": 247396000, "inventory": 276819000, "otherCurrentAssets": 343279000, "totalCurrentAssets": 994020000, "longTermInvestments": 3908000, "propertyPlantEquipment": 954002000, "goodWill": 146510000, "intangibleAssets": 2452000, "otherAssets": 17910000, "totalAssets": 2118802000, "accountsPayable": 167482000, "shortLongTermDebt": 71155000, "otherCurrentLiab": 182318000, "longTermDebt": 173377000, "otherLiab": 28832000, "totalCurrentLiabilities": 467759000, "totalLiab": 669968000, "commonStock": 249399000, "retainedEarnings": 1009594000, "treasuryStock": 18359000, "capitalSurplus": 171482000, "otherStockholderEquity": 18359000, "totalStockholderEquity": 1448834000, "netTangibleAssets": 1299872000}, {"maxAge": 1, "endDate": "2019-12-31", "totalStockholderEquity": 1269632000, "netTangibleAssets": 1120846000}, {"maxAge": 1, "endDate": "2019-09-30", "cash": 73937000, "shortTermInvestments": 30981000, "netReceivables": 272483000, "inventory": 236860000, "otherCurrentAssets": 258170000, "totalCurrentAssets": 872431000, "longTermInvestments": 3908000, "propertyPlantEquipment": 886439000, "goodWill": 146510000, "intangibleAssets": 2276000, "otherAssets": 17703000, "totalAssets": 1929267000, "accountsPayable": 196982000, "otherCurrentLiab": 225925000, "longTermDebt": 136730000, "otherLiab": 27152000, "totalCurrentLiabilities": 495753000, "totalLiab": 659635000, "commonStock": 249399000, "treasuryStock": 1020233000, "otherStockholderEquity": 1020233000, "totalStockholderEquity": 1269632000, "netTangibleAssets": 1120846000}, {"maxAge": 1, "endDate": "2019-06-30", "totalStockholderEquity": 1157842000, "netTangibleAssets": 1009136000}], "maxAge": 86400}, "earningsHistory": {"history": [{"maxAge": 1, "epsActual": {}, "epsEstimate": {}, "epsDifference": {}, "surprisePercent": {}, "quarter": {}, "period": "-4q"}, {"maxAge": 1, "epsActual": {}, "epsEstimate": {}, "epsDifference": {}, "surprisePercent": {}, "quarter": {}, "period": "-3q"}, {"maxAge": 1, "epsActual": {}, "epsEstimate": {}, "epsDifference": {}, "surprisePercent": {}, "quarter": {}, "period": "-2q"}, {"maxAge": 1, "epsActual": 0.24, "epsEstimate": 2.36, "epsDifference": -2.12, "surprisePercent": -0.898, "quarter": "2017-06-30", "period": "-1q"}], "maxAge": 86400}, "indexTrend": {"maxAge": 1, "symbol": "SP5", "peRatio": 19.7411, "pegRatio": 1.34172, "estimates": [{"period": "0q", "growth": 0.549}, {"period": "+1q", "growth": 0.431}, {"period": "0y", "growth": 0.305}, {"period": "+1y", "growth": 0.109}, {"period": "+5y", "growth": 0.120859005}, {"period": "-5y"}]}, "industryTrend": {"maxAge": 1, "symbol": null, "estimates": []}, "insiderTransactions": {"transactions": [{"maxAge": 1, "shares": 902667, "filerUrl": "", "transactionText": "", "filerName": "Goculdas (Laxmikumar Narottamdas)", "filerRelation": "Chairman of the Board", "moneyText": "", "startDate": "2018-06-04", "ownership": "D"}, {"maxAge": 1, "shares": 103475, "filerUrl": "", "transactionText": "", "filerName": "Phoenix Distributors Pvt Ltd", "filerRelation": "Promoter", "moneyText": "", "startDate": "2017-05-15", "ownership": "D"}, {"maxAge": 1, "shares": 103475, "filerUrl": "", "transactionText": "", "filerName": "Santalaxmi Investments Pvt.Ltd.", "filerRelation": "Institution- Corporation", "moneyText": "", "startDate": "2017-05-15", "ownership": "D"}, {"maxAge": 1, "shares": 6844442, "filerUrl": "", "transactionText": "", "filerName": "Goculdas (Laxmikumar Narottamdas)", "filerRelation": "Non Executive Chairman", "moneyText": "", "startDate": "2017-03-21", "ownership": "D"}, {"maxAge": 1, "shares": 294465, "filerUrl": "", "transactionText": "", "filerName": "Goculdas (Laxmikumar Narottamdas)", "filerRelation": "Promoter", "moneyText": "", "startDate": "2016-12-20", "ownership": "D"}, {"maxAge": 1, "shares": 294465, "filerUrl": "", "transactionText": "", "filerName": "Phoenix Distributors Pvt Ltd", "filerRelation": "Promoter", "moneyText": "", "startDate": "2016-12-20", "ownership": "D"}, {"maxAge": 1, "shares": 685, "filerUrl": "", "transactionText": "", "filerName": "Phoenix Distributors Pvt Ltd", "filerRelation": "Promoter", "moneyText": "", "startDate": "2014-04-04", "ownership": "D"}, {"maxAge": 1, "shares": 12609, "filerUrl": "", "transactionText": "", "filerName": "Phoenix Distributors Pvt Ltd", "filerRelation": "Promoter", "moneyText": "", "startDate": "2014-04-03", "ownership": "D"}, {"maxAge": 1, "shares": 9247, "filerUrl": "", "transactionText": "", "filerName": "Phoenix Distributors Pvt Ltd", "filerRelation": "Promoter", "moneyText": "", "startDate": "2014-04-02", "ownership": "D"}, {"maxAge": 1, "shares": 7459, "filerUrl": "", "transactionText": "", "filerName": "Phoenix Distributors Pvt Ltd", "filerRelation": "Promoter", "moneyText": "", "startDate": "2014-04-01", "ownership": "D"}, {"maxAge": 1, "shares": 12891, "filerUrl": "", "transactionText": "", "filerName": "Phoenix Distributors Pvt Ltd", "filerRelation": "Promoter", "moneyText": "", "startDate": "2014-03-31", "ownership": "D"}, {"maxAge": 1, "shares": 17481, "filerUrl": "", "transactionText": "", "filerName": "Phoenix Distributors Pvt Ltd", "filerRelation": "Promoter", "moneyText": "", "startDate": "2014-03-28", "ownership": "D"}, {"maxAge": 1, "shares": 2680, "filerUrl": "", "transactionText": "", "filerName": "Phoenix Distributors Pvt Ltd", "filerRelation": "Promoter", "moneyText": "", "startDate": "2014-03-27", "ownership": "D"}, {"maxAge": 1, "shares": 16554, "filerUrl": "", "transactionText": "", "filerName": "Phoenix Distributors Pvt Ltd", "filerRelation": "Promoter", "moneyText": "", "startDate": "2014-03-26", "ownership": "D"}, {"maxAge": 1, "shares": 1231538, "filerUrl": "", "transactionText": "", "filerName": "Anushakti Chemicals & Drugs Ltd", "filerRelation": "Institution- Corporation", "moneyText": "", "startDate": "2010-09-28", "ownership": "D"}], "maxAge": 1}, "quoteType": {"exchange": "BSE", "quoteType": "EQUITY", "symbol": "DHARAMSI.BO", "underlyingSymbol": "DHARAMSI.BO", "shortName": "DHARAMSI MORARJI CHEMICAL CO.L", "longName": "The Dharamsi Morarji Chemical Co. Ltd.", "firstTradeDateEpochUtc": "2000-01-03 09:15:00", "timeZoneFullName": "Asia/Kolkata", "timeZoneShortName": "IST", "uuid": "8d09d72d-c74e-3137-9e68-1c19ab19497b", "messageBoardId": null, "gmtOffSetMilliseconds": 19800000, "maxAge": 1}, "incomeStatementHistory": {"incomeStatementHistory": [{"maxAge": 1, "endDate": "2020-03-31", "totalRevenue": 1876639000, "costOfRevenue": 1033446000, "grossProfit": 843193000, "researchDevelopment": {}, "sellingGeneralAdministrative": 168738000, "nonRecurring": {}, "otherOperatingExpenses": 343270000, "totalOperatingExpenses": 1605046000, "operatingIncome": 271593000, "totalOtherIncomeExpenseNet": -13072000, "ebit": 271593000, "interestExpense": -20312000, "incomeBeforeTax": 258521000, "incomeTaxExpense": -56109000, "minorityInterest": {}, "netIncomeFromContinuingOps": 314630000, "discontinuedOperations": {}, "extraordinaryItems": {}, "effectOfAccountingCharges": {}, "otherItems": {}, "netIncome": 314630000, "netIncomeApplicableToCommonShares": 314630000}, {"maxAge": 1, "endDate": "2019-03-31", "totalRevenue": 2275798000, "costOfRevenue": 1295596000, "grossProfit": 980202000, "researchDevelopment": {}, "sellingGeneralAdministrative": 127625000, "nonRecurring": {}, "otherOperatingExpenses": 317944000, "totalOperatingExpenses": 1786296000, "operatingIncome": 489502000, "totalOtherIncomeExpenseNet": -17254000, "ebit": 489502000, "interestExpense": -27714000, "incomeBeforeTax": 472248000, "incomeTaxExpense": 10834000, "minorityInterest": {}, "netIncomeFromContinuingOps": 461414000, "discontinuedOperations": {}, "extraordinaryItems": {}, "effectOfAccountingCharges": {}, "otherItems": {}, "netIncome": 461414000, "netIncomeApplicableToCommonShares": 461414000}, {"maxAge": 1, "endDate": "2018-03-31", "totalRevenue": 1782073000, "costOfRevenue": 1130961000, "grossProfit": 651112000, "researchDevelopment": {}, "sellingGeneralAdministrative": 143206000, "nonRecurring": {}, "otherOperatingExpenses": 278335000, "totalOperatingExpenses": 1594466000, "operatingIncome": 187607000, "totalOtherIncomeExpenseNet": -31255000, "ebit": 187607000, "interestExpense": -39672000, "incomeBeforeTax": 156352000, "incomeTaxExpense": 33390000, "minorityInterest": {}, "netIncomeFromContinuingOps": 122962000, "discontinuedOperations": {}, "extraordinaryItems": {}, "effectOfAccountingCharges": {}, "otherItems": {}, "netIncome": 122962000, "netIncomeApplicableToCommonShares": 122962000}, {"maxAge": 1, "endDate": "2017-03-31", "totalRevenue": 1752296000, "costOfRevenue": 1095392000, "grossProfit": 656904000, "researchDevelopment": {}, "sellingGeneralAdministrative": 131046000, "nonRecurring": {}, "otherOperatingExpenses": 228632000, "totalOperatingExpenses": 1490220000, "operatingIncome": 262076000, "totalOtherIncomeExpenseNet": -47343000, "ebit": 262076000, "interestExpense": -50245000, "incomeBeforeTax": 214733000, "incomeTaxExpense": 44272000, "minorityInterest": {}, "netIncomeFromContinuingOps": 170461000, "discontinuedOperations": {}, "extraordinaryItems": {}, "effectOfAccountingCharges": {}, "otherItems": {}, "netIncome": 170461000, "netIncomeApplicableToCommonShares": 170461000}], "maxAge": 86400}, "fundOwnership": {"maxAge": 1, "ownershipList": []}, "summaryDetail": {"maxAge": 1, "priceHint": 2, "previousClose": 325.5, "open": 323.0, "dayLow": 312.35, "dayHigh": 326.95, "regularMarketPreviousClose": 325.5, "regularMarketOpen": 323.0, "regularMarketDayLow": 312.35, "regularMarketDayHigh": 326.95, "trailingPE": 25.11097, "volume": 25493, "regularMarketVolume": 25493, "averageVolume": 32750, "averageVolume10days": 51753, "averageDailyVolume10Day": 51753, "bid": 0.0, "ask": 318.5, "bidSize": 0, "askSize": 0, "marketCap": 7900960256, "fiftyTwoWeekLow": 52.05, "fiftyTwoWeekHigh": 326.95, "fiftyDayAverage": 197.12941, "twoHundredDayAverage": 163.73161, "trailingAnnualDividendRate": 0.5, "trailingAnnualDividendYield": 0.0015360983, "currency": "INR", "fromCurrency": null, "toCurrency": null, "lastMarket": null, "algorithm": null, "tradeable": false}, "sectorTrend": {"maxAge": 1, "symbol": null, "estimates": []}, "incomeStatementHistoryQuarterly": {"incomeStatementHistory": [{"maxAge": 1, "endDate": "2020-03-31", "totalRevenue": 465414000, "costOfRevenue": 150801000, "grossProfit": 314613000, "researchDevelopment": {}, "sellingGeneralAdministrative": 48536000, "nonRecurring": {}, "otherOperatingExpenses": 178307000, "totalOperatingExpenses": 392382000, "operatingIncome": 73032000, "totalOtherIncomeExpenseNet": -3635000, "ebit": 73032000, "interestExpense": -3972000, "incomeBeforeTax": 69397000, "incomeTaxExpense": 1158000, "minorityInterest": {}, "netIncomeFromContinuingOps": 68239000, "discontinuedOperations": {}, "extraordinaryItems": {}, "effectOfAccountingCharges": {}, "otherItems": {}, "netIncome": 68239000, "netIncomeApplicableToCommonShares": 68239000}, {"maxAge": 1, "endDate": "2019-12-31", "totalRevenue": 404685000, "costOfRevenue": 262903000, "grossProfit": 141782000, "researchDevelopment": {}, "sellingGeneralAdministrative": 41859000, "nonRecurring": {}, "otherOperatingExpenses": 41009000, "totalOperatingExpenses": 361215000, "operatingIncome": 43470000, "totalOtherIncomeExpenseNet": -3064000, "ebit": 43470000, "interestExpense": -4714000, "incomeBeforeTax": 40406000, "incomeTaxExpense": -89183000, "minorityInterest": {}, "netIncomeFromContinuingOps": 129589000, "discontinuedOperations": {}, "extraordinaryItems": {}, "effectOfAccountingCharges": {}, "otherItems": {}, "netIncome": 129589000, "netIncomeApplicableToCommonShares": 129589000}, {"maxAge": 1, "endDate": "2019-09-30", "totalRevenue": 446750000, "costOfRevenue": 279193000, "grossProfit": 167557000, "researchDevelopment": {}, "sellingGeneralAdministrative": 36409000, "nonRecurring": {}, "otherOperatingExpenses": 56678000, "totalOperatingExpenses": 387909000, "operatingIncome": 58841000, "totalOtherIncomeExpenseNet": -3851000, "ebit": 58841000, "interestExpense": -6006000, "incomeBeforeTax": 54990000, "incomeTaxExpense": 11696000, "minorityInterest": {}, "netIncomeFromContinuingOps": 43294000, "discontinuedOperations": {}, "extraordinaryItems": {}, "effectOfAccountingCharges": {}, "otherItems": {}, "netIncome": 43294000, "netIncomeApplicableToCommonShares": 43294000}, {"maxAge": 1, "endDate": "2019-06-30", "totalRevenue": 559789000, "costOfRevenue": 340549000, "grossProfit": 219240000, "researchDevelopment": {}, "sellingGeneralAdministrative": 41934000, "nonRecurring": {}, "otherOperatingExpenses": 67276000, "totalOperatingExpenses": 463540000, "operatingIncome": 96249000, "totalOtherIncomeExpenseNet": -2520000, "ebit": 96249000, "interestExpense": -5620000, "incomeBeforeTax": 93729000, "incomeTaxExpense": 20220000, "minorityInterest": {}, "netIncomeFromContinuingOps": 73509000, "discontinuedOperations": {}, "extraordinaryItems": {}, "effectOfAccountingCharges": {}, "otherItems": {}, "netIncome": 73509000, "netIncomeApplicableToCommonShares": 73509000}], "maxAge": 86400}, "cashflowStatementHistoryQuarterly": {"cashflowStatements": [{"maxAge": 1, "endDate": "2020-03-31", "netIncome": 68239000, "changeToLiabilities": 0}, {"maxAge": 1, "endDate": "2019-12-31", "netIncome": 129589000, "changeToLiabilities": 0}, {"maxAge": 1, "endDate": "2019-09-30", "netIncome": 43294000, "changeToLiabilities": 0}, {"maxAge": 1, "endDate": "2019-06-30", "netIncome": 73509000, "changeToLiabilities": 0}], "maxAge": 86400}, "insiderHolders": {"holders": [{"maxAge": 1, "name": "Anushakti Chemicals & Drugs Ltd", "relation": "Institution- Corporation", "url": "", "transactionDescription": "Acquisition", "latestTransDate": "2010-09-28", "positionDirect": 1231538, "positionDirectDate": "2010-09-28"}, {"maxAge": 1, "name": "Goculdas (Laxmikumar Narottamdas)", "relation": "Chairman of the Board", "url": "", "transactionDescription": "Sale", "latestTransDate": "2018-06-04", "positionDirect": 8827231, "positionDirectDate": "2018-06-04"}, {"maxAge": 1, "name": "Phoenix Distributors Pvt Ltd", "relation": "Promoter", "url": "", "transactionDescription": "Acquisition", "latestTransDate": "2017-05-15", "positionDirect": 1128235, "positionDirectDate": "2017-05-15"}, {"maxAge": 1, "name": "Santalaxmi Investments Pvt.Ltd.", "relation": "Institution- Corporation", "url": "", "transactionDescription": "Sale", "latestTransDate": "2017-05-15", "positionDirect": 0, "positionDirectDate": "2017-05-15"}], "maxAge": 1}, "earnings": {"maxAge": 86400, "earningsChart": {"quarterly": [{"date": "2Q2017", "actual": 0.24, "estimate": 2.36}], "currentQuarterEstimateDate": "3Q", "currentQuarterEstimateYear": 2017, "earningsDate": []}, "financialsChart": {"yearly": [{"date": 2017, "revenue": 1752296000, "earnings": 170461000}, {"date": 2018, "revenue": 1782073000, "earnings": 122962000}, {"date": 2019, "revenue": 2275798000, "earnings": 461414000}, {"date": 2020, "revenue": 1876639000, "earnings": 314630000}], "quarterly": [{"date": "2Q2019", "revenue": 559789000, "earnings": 73509000}, {"date": "3Q2019", "revenue": 446750000, "earnings": 43294000}, {"date": "4Q2019", "revenue": 404685000, "earnings": 129589000}, {"date": "1Q2020", "revenue": 465414000, "earnings": 68239000}]}, "financialCurrency": "INR"}, "calendarEvents": {"maxAge": 1, "earnings": {"earningsDate": [], "revenueAverage": 871480000}}, "price": {"maxAge": 1, "regularMarketChangePercent": -0.026728148, "regularMarketChange": -8.700012, "regularMarketTime": "2021-04-30 15:42:44", "priceHint": 2, "regularMarketPrice": 316.8, "regularMarketDayHigh": 326.95, "regularMarketDayLow": 312.35, "regularMarketVolume": 25493, "averageDailyVolume10Day": 51753, "averageDailyVolume3Month": 32750, "regularMarketPreviousClose": 325.5, "regularMarketSource": "FREE_REALTIME", "regularMarketOpen": 323.0, "exchange": "BSE", "exchangeName": "BSE", "exchangeDataDelayedBy": 0, "marketState": "CLOSED", "quoteType": "EQUITY", "symbol": "DHARAMSI.BO", "underlyingSymbol": null, "shortName": "DHARAMSI MORARJI CHEMICAL CO.L", "longName": "The Dharamsi Morarji Chemical Co. Ltd.", "currency": "INR", "quoteSourceName": "Delayed Quote", "currencySymbol": "\u20b9", "fromCurrency": null, "toCurrency": null, "lastMarket": null, "marketCap": 7900960256}, "balanceSheetHistory": {"balanceSheetStatements": [{"maxAge": 1, "endDate": "2020-03-31", "cash": 83149000, "shortTermInvestments": 7197000, "netReceivables": 247396000, "inventory": 276819000, "otherCurrentAssets": 343279000, "totalCurrentAssets": 994020000, "longTermInvestments": 3908000, "propertyPlantEquipment": 954002000, "goodWill": 146510000, "intangibleAssets": 2452000, "otherAssets": 17910000, "totalAssets": 2118802000, "accountsPayable": 167482000, "shortLongTermDebt": 71155000, "otherCurrentLiab": 182318000, "longTermDebt": 173377000, "otherLiab": 28832000, "totalCurrentLiabilities": 467759000, "totalLiab": 669968000, "commonStock": 249399000, "retainedEarnings": 1009594000, "treasuryStock": 18359000, "capitalSurplus": 171482000, "otherStockholderEquity": 18359000, "totalStockholderEquity": 1448834000, "netTangibleAssets": 1299872000}, {"maxAge": 1, "endDate": "2019-03-31", "cash": 38150000, "shortTermInvestments": 3757000, "netReceivables": 351084000, "inventory": 249511000, "otherCurrentAssets": 192995000, "totalCurrentAssets": 866472000, "longTermInvestments": 3908000, "propertyPlantEquipment": 845777000, "goodWill": 146510000, "intangibleAssets": 2743000, "otherAssets": 17378000, "totalAssets": 1882788000, "accountsPayable": 246645000, "shortLongTermDebt": 31179000, "otherCurrentLiab": 201519000, "longTermDebt": 164155000, "otherLiab": 31187000, "totalCurrentLiabilities": 529605000, "totalLiab": 724947000, "commonStock": 249399000, "retainedEarnings": 724382000, "treasuryStock": 12578000, "capitalSurplus": 171482000, "otherStockholderEquity": 12578000, "totalStockholderEquity": 1157841000, "netTangibleAssets": 1008588000}, {"maxAge": 1, "endDate": "2018-03-31", "cash": 37877000, "shortTermInvestments": 13778000, "netReceivables": 222031000, "inventory": 207072000, "otherCurrentAssets": 126913000, "totalCurrentAssets": 645920000, "longTermInvestments": 3908000, "propertyPlantEquipment": 752544000, "goodWill": 146510000, "intangibleAssets": 2672000, "otherAssets": 16130000, "totalAssets": 1567684000, "accountsPayable": 325520000, "shortLongTermDebt": 39122000, "otherCurrentLiab": 194342000, "longTermDebt": 208300000, "otherLiab": 33735000, "totalCurrentLiabilities": 597927000, "totalLiab": 839962000, "commonStock": 249399000, "retainedEarnings": 292986000, "treasuryStock": 13847000, "capitalSurplus": 171490000, "otherStockholderEquity": 13847000, "totalStockholderEquity": 727722000, "netTangibleAssets": 578540000}, {"maxAge": 1, "endDate": "2017-03-31", "cash": 36534000, "shortTermInvestments": 14771000, "netReceivables": 213804000, "inventory": 165140000, "otherCurrentAssets": 145066000, "totalCurrentAssets": 599648000, "longTermInvestments": 3908000, "propertyPlantEquipment": 714260000, "goodWill": 146510000, "intangibleAssets": 3460000, "otherAssets": 22682000, "totalAssets": 1490468000, "accountsPayable": 357256000, "shortLongTermDebt": 34209000, "otherCurrentLiab": 151270000, "longTermDebt": 162668000, "otherLiab": 21332000, "totalCurrentLiabilities": 708072000, "totalLiab": 892072000, "commonStock": 249399000, "retainedEarnings": 170024000, "treasuryStock": 7483000, "capitalSurplus": 171490000, "otherStockholderEquity": 7483000, "totalStockholderEquity": 598396000, "netTangibleAssets": 448426000}], "maxAge": 86400}, "earningsTrend": {"trend": [{"maxAge": 1, "period": "0q", "endDate": "2017-09-30", "growth": {}, "earningsEstimate": {"avg": 0.0, "low": 0.0, "high": 0.0, "yearAgoEps": {}, "numberOfAnalysts": 0, "growth": {}}, "revenueEstimate": {"avg": 871480000, "low": 0, "high": 0, "numberOfAnalysts": 0, "yearAgoRevenue": {}, "growth": {}}, "epsTrend": {"current": 0.0, "7daysAgo": 0.0, "30daysAgo": 0.0, "60daysAgo": 0.0, "90daysAgo": 0.0}, "epsRevisions": {"upLast7days": 0, "upLast30days": 0, "downLast30days": 0, "downLast90days": {}}}, {"maxAge": 1, "period": "+1q", "endDate": "2017-12-31", "growth": {}, "earningsEstimate": {"avg": 0.0, "low": 0.0, "high": 0.0, "yearAgoEps": {}, "numberOfAnalysts": 0, "growth": {}}, "revenueEstimate": {"avg": 492506000, "low": 0, "high": 0, "numberOfAnalysts": 0, "yearAgoRevenue": {}, "growth": {}}, "epsTrend": {"current": 0.0, "7daysAgo": 0.0, "30daysAgo": 0.0, "60daysAgo": 0.0, "90daysAgo": 0.0}, "epsRevisions": {"upLast7days": 0, "upLast30days": 0, "downLast30days": 0, "downLast90days": {}}}, {"maxAge": 1, "period": "0y", "endDate": "2018-03-31", "growth": {}, "earningsEstimate": {"avg": 0.0, "low": 0.0, "high": 0.0, "yearAgoEps": {}, "numberOfAnalysts": 0, "growth": {}}, "revenueEstimate": {"avg": 1816560000, "low": 1626780000, "high": 1626780000, "numberOfAnalysts": 1, "yearAgoRevenue": {}, "growth": {}}, "epsTrend": {"current": 0.0, "7daysAgo": 9.12, "30daysAgo": 9.12, "60daysAgo": 9.12, "90daysAgo": 9.12}, "epsRevisions": {"upLast7days": 0, "upLast30days": 0, "downLast30days": 0, "downLast90days": {}}}, {"maxAge": 1, "period": "+1y", "endDate": "2019-03-31", "growth": {}, "earningsEstimate": {"avg": 0.0, "low": 0.0, "high": 0.0, "yearAgoEps": {}, "numberOfAnalysts": 0, "growth": {}}, "revenueEstimate": {"avg": 1903330000, "low": 1903330000, "high": 1903330000, "numberOfAnalysts": 1, "yearAgoRevenue": 1816560000, "growth": 0.048}, "epsTrend": {"current": 0.0, "7daysAgo": 11.04, "30daysAgo": 11.04, "60daysAgo": 11.04, "90daysAgo": 11.04}, "epsRevisions": {"upLast7days": 0, "upLast30days": 0, "downLast30days": 0, "downLast90days": {}}}, {"maxAge": 1, "period": "+5y", "endDate": null, "growth": {}, "earningsEstimate": {"avg": {}, "low": {}, "high": {}, "yearAgoEps": {}, "numberOfAnalysts": {}, "growth": {}}, "revenueEstimate": {"avg": {}, "low": {}, "high": {}, "numberOfAnalysts": {}, "yearAgoRevenue": {}, "growth": {}}, "epsTrend": {"current": {}, "7daysAgo": {}, "30daysAgo": {}, "60daysAgo": {}, "90daysAgo": {}}, "epsRevisions": {"upLast7days": {}, "upLast30days": {}, "downLast30days": {}, "downLast90days": {}}}, {"maxAge": 1, "period": "-5y", "endDate": null, "growth": {}, "earningsEstimate": {"avg": {}, "low": {}, "high": {}, "yearAgoEps": {}, "numberOfAnalysts": {}, "growth": {}}, "revenueEstimate": {"avg": {}, "low": {}, "high": {}, "numberOfAnalysts": {}, "yearAgoRevenue": {}, "growth": {}}, "epsTrend": {"current": {}, "7daysAgo": {}, "30daysAgo": {}, "60daysAgo": {}, "90daysAgo": {}}, "epsRevisions": {"upLast7days": {}, "upLast30days": {}, "downLast30days": {}, "downLast90days": {}}}], "maxAge": 1}, "financialData": {"maxAge": 86400, "currentPrice": 316.8, "recommendationKey": "none", "grossProfits": 843193000, "financialCurrency": "INR"}}}