{"DHFL.BO": {"recommendationTrend": {"trend": [{"period": "0m", "strongBuy": 0, "buy": 0, "hold": 0, "sell": 0, "strongSell": 0}, {"period": "-1m", "strongBuy": 0, "buy": 0, "hold": 0, "sell": 0, "strongSell": 0}, {"period": "-2m", "strongBuy": 0, "buy": 0, "hold": 0, "sell": 0, "strongSell": 0}, {"period": "-3m", "strongBuy": 0, "buy": 0, "hold": 0, "sell": 0, "strongSell": 0}], "maxAge": 86400}, "cashflowStatementHistory": {"cashflowStatements": [{"maxAge": 1, "endDate": "2020-03-31", "netIncome": -134558100000, "depreciation": 643200000, "changeToNetincome": 244668100000, "changeToLiabilities": 191700000, "changeToOperatingActivities": 14666500000, "totalCashFromOperatingActivities": 125762300000, "capitalExpenditures": -221100000, "investments": 5904900000, "otherCashflowsFromInvestingActivities": 736800000, "totalCashflowsFromInvestingActivities": 6435600000, "dividendsPaid": -1000000, "netBorrowings": -76305300000, "totalCashFromFinancingActivities": -76306300000, "changeInCash": 55891600000}, {"maxAge": 1, "endDate": "2019-03-31", "netIncome": -9659100000, "depreciation": 445300000, "changeToNetincome": -56729900000, "changeToLiabilities": -20300000, "changeToOperatingActivities": -21454000000, "totalCashFromOperatingActivities": -87351800000, "capitalExpenditures": -853800000, "investments": 59609000000, "otherCashflowsFromInvestingActivities": 2586200000, "totalCashflowsFromInvestingActivities": 61347500000, "dividendsPaid": -943800000, "netBorrowings": 20316500000, "totalCashFromFinancingActivities": 19374600000, "changeInCash": -6629700000, "issuanceOfStock": 1900000}, {"maxAge": 1, "endDate": "2018-03-31", "netIncome": 12633200000, "depreciation": 245200000, "changeToNetincome": -216635500000, "changeToLiabilities": 559200000, "changeToOperatingActivities": 21811300000, "totalCashFromOperatingActivities": -181355500000, "capitalExpenditures": -1838500000, "investments": 58792200000, "otherCashflowsFromInvestingActivities": 3952400000, "totalCashflowsFromInvestingActivities": 60908200000, "dividendsPaid": -2262000000, "netBorrowings": 113939400000, "totalCashFromFinancingActivities": 111728800000, "changeInCash": -8718500000, "issuanceOfStock": 51400000}, {"maxAge": 1, "endDate": "2017-03-31", "netIncome": 28063000000, "depreciation": 363500000, "changeToNetincome": -182308000000, "changeToLiabilities": 0, "changeToOperatingActivities": -2121500000, "totalCashFromOperatingActivities": -155931900000, "capitalExpenditures": -1241600000, "investments": -111754900000, "otherCashflowsFromInvestingActivities": 4452900000, "totalCashflowsFromInvestingActivities": -109302200000, "dividendsPaid": -1081900000, "netBorrowings": 260205600000, "totalCashFromFinancingActivities": 262891500000, "changeInCash": -2342600000, "issuanceOfStock": 3767800000}], "maxAge": 86400}, "institutionOwnership": {"maxAge": 1, "ownershipList": []}, "balanceSheetHistoryQuarterly": {"balanceSheetStatements": [{"maxAge": 1, "endDate": "2020-06-30", "totalStockholderEquity": -55461400000, "netTangibleAssets": -57180000000}, {"maxAge": 1, "endDate": "2020-03-31", "cash": 68492800000, "netReceivables": 671133400000, "otherCurrentAssets": 12818500000, "totalCurrentAssets": 778038000000, "longTermInvestments": 19524500000, "propertyPlantEquipment": 8536100000, "intangibleAssets": 1718600000, "otherAssets": 50479500000, "deferredLongTermAssetCharges": 50433000000, "totalAssets": 858296700000, "accountsPayable": 54769400000, "shortLongTermDebt": 189658000000, "otherCurrentLiab": 2336300000, "longTermDebt": 609451800000, "totalCurrentLiabilities": 304306300000, "totalLiab": 913758100000, "commonStock": 3138200000, "retainedEarnings": -92642100000, "treasuryStock": 11954000000, "capitalSurplus": 22088500000, "otherStockholderEquity": 11954000000, "totalStockholderEquity": -55461400000, "netTangibleAssets": -57180000000}, {"maxAge": 1, "endDate": "2019-12-31", "totalStockholderEquity": 8399100000, "netTangibleAssets": 6605000000}, {"maxAge": 1, "endDate": "2019-09-30", "cash": 33208000000, "netReceivables": 811803400000, "otherCurrentAssets": 2906100000, "totalCurrentAssets": 848928700000, "longTermInvestments": 51201100000, "propertyPlantEquipment": 7661000000, "intangibleAssets": 1794100000, "otherAssets": 14557900000, "deferredLongTermAssetCharges": 13391400000, "totalAssets": 924142800000, "accountsPayable": 49402900000, "otherCurrentLiab": 1874000000, "longTermDebt": 816382200000, "otherLiab": 43715100000, "totalCurrentLiabilities": 55646400000, "totalLiab": 915743700000, "commonStock": 3138200000, "treasuryStock": 5260900000, "otherStockholderEquity": 5260900000, "totalStockholderEquity": 8399100000, "netTangibleAssets": 6605000000}], "maxAge": 86400}, "earningsHistory": {"history": [{"maxAge": 1, "epsActual": {}, "epsEstimate": {}, "epsDifference": {}, "surprisePercent": {}, "quarter": {}, "period": "-4q"}, {"maxAge": 1, "epsActual": {}, "epsEstimate": {}, "epsDifference": {}, "surprisePercent": {}, "quarter": {}, "period": "-3q"}, {"maxAge": 1, "epsActual": 9.3, "epsEstimate": 8.7, "epsDifference": 0.6, "surprisePercent": 0.069, "quarter": "2017-09-30", "period": "-2q"}, {"maxAge": 1, "epsActual": 9.89, "epsEstimate": 10.19, "epsDifference": -0.3, "surprisePercent": -0.029000001, "quarter": "2018-03-31", "period": "-1q"}], "maxAge": 86400}, "indexTrend": {"maxAge": 1, "symbol": "SP5", "peRatio": 19.7411, "pegRatio": 1.34172, "estimates": [{"period": "0q", "growth": 0.549}, {"period": "+1q", "growth": 0.431}, {"period": "0y", "growth": 0.305}, {"period": "+1y", "growth": 0.109}, {"period": "+5y", "growth": 0.120865}, {"period": "-5y"}]}, "industryTrend": {"maxAge": 1, "symbol": null, "estimates": []}, "insiderTransactions": {"transactions": [{"maxAge": 1, "shares": 25000, "filerUrl": "", "transactionText": "", "filerName": "Khona (Jayesh)", "filerRelation": "UNREPORTED", "moneyText": "", "startDate": "2019-03-28", "ownership": "D"}], "maxAge": 1}, "quoteType": {"exchange": "BSE", "quoteType": "EQUITY", "symbol": "DHFL.BO", "underlyingSymbol": "DHFL.BO", "shortName": "DEWAN HOUSING FINANCE CORPORAT", "longName": "Dewan Housing Finance Corporation Limited", "firstTradeDateEpochUtc": "2000-06-22 09:15:00", "timeZoneFullName": "Asia/Kolkata", "timeZoneShortName": "IST", "uuid": "58710e56-e58c-33c6-8fbb-4b1cf6a2d51d", "messageBoardId": null, "gmtOffSetMilliseconds": 19800000, "maxAge": 1}, "incomeStatementHistory": {"incomeStatementHistory": [{"maxAge": 1, "endDate": "2020-03-31", "totalRevenue": 40866700000, "costOfRevenue": 548200000, "grossProfit": 40318500000, "researchDevelopment": {}, "sellingGeneralAdministrative": 3113800000, "nonRecurring": {}, "otherOperatingExpenses": 222344200000, "totalOperatingExpenses": 226800300000, "operatingIncome": -185933600000, "totalOtherIncomeExpenseNet": 5018800000, "ebit": 0, "interestExpense": {}, "incomeBeforeTax": -180914800000, "incomeTaxExpense": -46356700000, "minorityInterest": {}, "netIncomeFromContinuingOps": -134558100000, "discontinuedOperations": {}, "extraordinaryItems": {}, "effectOfAccountingCharges": {}, "otherItems": {}, "netIncome": -134558100000, "netIncomeApplicableToCommonShares": -134558100000}, {"maxAge": 1, "endDate": "2019-03-31", "totalRevenue": 38796000000, "costOfRevenue": 261600000, "grossProfit": 38534400000, "researchDevelopment": {}, "sellingGeneralAdministrative": 6201000000, "nonRecurring": {}, "otherOperatingExpenses": 40771500000, "totalOperatingExpenses": 47745600000, "operatingIncome": -8949600000, "totalOtherIncomeExpenseNet": -1910300000, "ebit": 0, "interestExpense": {}, "incomeBeforeTax": -10859900000, "incomeTaxExpense": -1200800000, "minorityInterest": {}, "netIncomeFromContinuingOps": -9659100000, "discontinuedOperations": {}, "extraordinaryItems": {}, "effectOfAccountingCharges": {}, "otherItems": {}, "netIncome": -9659100000, "netIncomeApplicableToCommonShares": -9659100000}, {"maxAge": 1, "endDate": "2018-03-31", "totalRevenue": 33575700000, "costOfRevenue": 266200000, "grossProfit": 33309500000, "researchDevelopment": {}, "sellingGeneralAdministrative": 5011600000, "nonRecurring": {}, "otherOperatingExpenses": 9360500000, "totalOperatingExpenses": 16513700000, "operatingIncome": 17062000000, "totalOtherIncomeExpenseNet": 181500000, "ebit": 0, "interestExpense": {}, "incomeBeforeTax": 17243500000, "incomeTaxExpense": 4610300000, "minorityInterest": {}, "netIncomeFromContinuingOps": 12633200000, "discontinuedOperations": {}, "extraordinaryItems": {}, "effectOfAccountingCharges": {}, "otherItems": {}, "netIncome": 12633200000, "netIncomeApplicableToCommonShares": 12633200000}, {"maxAge": 1, "endDate": "2017-03-31", "totalRevenue": 28995900000, "costOfRevenue": 1753300000, "grossProfit": 27242600000, "researchDevelopment": {}, "sellingGeneralAdministrative": 5857800000, "nonRecurring": {}, "otherOperatingExpenses": 3890500000, "totalOperatingExpenses": 12811100000, "operatingIncome": 16184800000, "totalOtherIncomeExpenseNet": 16677200000, "ebit": 0, "interestExpense": {}, "incomeBeforeTax": 32862000000, "incomeTaxExpense": 4799000000, "minorityInterest": {}, "netIncomeFromContinuingOps": 28063000000, "discontinuedOperations": {}, "extraordinaryItems": {}, "effectOfAccountingCharges": {}, "otherItems": {}, "netIncome": 28063000000, "netIncomeApplicableToCommonShares": 28063000000}], "maxAge": 86400}, "fundOwnership": {"maxAge": 1, "ownershipList": [{"maxAge": 1, "reportDate": "2020-08-31", "organization": "SPDR Portfolio Emerging Markets ETF", "pctHeld": 0.0016, "position": 513874, "value": 7281594}, {"maxAge": 1, "reportDate": "2020-08-31", "organization": "SPDR (R) Idx Shares-SPDR (R) Emerging Markets Small Cap ETF", "pctHeld": 0.0008, "position": 254427, "value": 3605230}]}, "summaryDetail": {"maxAge": 1, "priceHint": 2, "previousClose": 15.7, "open": 16.2, "dayLow": 15.2, "dayHigh": 16.2, "regularMarketPreviousClose": 15.7, "regularMarketOpen": 16.2, "regularMarketDayLow": 15.2, "regularMarketDayHigh": 16.2, "forwardPE": 0.27588677, "volume": 273563, "regularMarketVolume": 273563, "averageVolume": 747298, "averageVolume10days": 530911, "averageDailyVolume10Day": 530911, "bid": 15.3, "ask": 15.4, "bidSize": 0, "askSize": 0, "marketCap": 4832873984, "fiftyTwoWeekLow": 8.4, "fiftyTwoWeekHigh": 43.0, "fiftyDayAverage": 24.192648, "twoHundredDayAverage": 19.911985, "trailingAnnualDividendRate": 5.5, "trailingAnnualDividendYield": 0.35031846, "currency": "INR", "fromCurrency": null, "toCurrency": null, "lastMarket": null, "algorithm": null, "tradeable": false}, "sectorTrend": {"maxAge": 1, "symbol": null, "estimates": []}, "incomeStatementHistoryQuarterly": {"incomeStatementHistory": [{"maxAge": 1, "endDate": "2020-06-30", "totalRevenue": 22672100000, "costOfRevenue": 0, "grossProfit": 22672100000, "researchDevelopment": {}, "sellingGeneralAdministrative": 567500000, "nonRecurring": {}, "otherOperatingExpenses": 20974200000, "totalOperatingExpenses": 21744000000, "operatingIncome": 928100000, "totalOtherIncomeExpenseNet": 0, "ebit": 0, "interestExpense": {}, "incomeBeforeTax": 928100000, "incomeTaxExpense": 227100000, "minorityInterest": {}, "netIncomeFromContinuingOps": 701000000, "discontinuedOperations": {}, "extraordinaryItems": {}, "effectOfAccountingCharges": {}, "otherItems": {}, "netIncome": 701000000, "netIncomeApplicableToCommonShares": 701000000}, {"maxAge": 1, "endDate": "2020-03-31", "totalRevenue": 27551400000, "costOfRevenue": 548200000, "grossProfit": 27003200000, "researchDevelopment": {}, "sellingGeneralAdministrative": 724900000, "nonRecurring": {}, "otherOperatingExpenses": 132704500000, "totalOperatingExpenses": 134550100000, "operatingIncome": -106998700000, "totalOtherIncomeExpenseNet": 5308400000, "ebit": 0, "interestExpense": {}, "incomeBeforeTax": -101690300000, "incomeTaxExpense": -26620200000, "minorityInterest": {}, "netIncomeFromContinuingOps": -75070100000, "discontinuedOperations": {}, "extraordinaryItems": {}, "effectOfAccountingCharges": {}, "otherItems": {}, "netIncome": -75070100000, "netIncomeApplicableToCommonShares": -75070100000}, {"maxAge": 1, "endDate": "2019-12-31", "totalRevenue": 10085200000, "costOfRevenue": 0, "grossProfit": 10085200000, "researchDevelopment": {}, "sellingGeneralAdministrative": 693800000, "nonRecurring": {}, "otherOperatingExpenses": 10966500000, "totalOperatingExpenses": 11763600000, "operatingIncome": -1678400000, "totalOtherIncomeExpenseNet": 0, "ebit": 0, "interestExpense": {}, "incomeBeforeTax": -1678400000, "incomeTaxExpense": -11021500000, "minorityInterest": {}, "netIncomeFromContinuingOps": 9343100000, "discontinuedOperations": {}, "extraordinaryItems": {}, "effectOfAccountingCharges": {}, "otherItems": {}, "netIncome": 9343100000, "netIncomeApplicableToCommonShares": 9343100000}, {"maxAge": 1, "endDate": "2019-09-30", "totalRevenue": 925200000, "costOfRevenue": 0, "grossProfit": 925200000, "researchDevelopment": {}, "sellingGeneralAdministrative": 866100000, "nonRecurring": {}, "otherOperatingExpenses": 75307600000, "totalOperatingExpenses": 76102600000, "operatingIncome": -75177400000, "totalOtherIncomeExpenseNet": -19600000, "ebit": 0, "interestExpense": {}, "incomeBeforeTax": -75197000000, "incomeTaxExpense": -8790800000, "minorityInterest": {}, "netIncomeFromContinuingOps": -66406200000, "discontinuedOperations": {}, "extraordinaryItems": {}, "effectOfAccountingCharges": {}, "otherItems": {}, "netIncome": -66406200000, "netIncomeApplicableToCommonShares": -66406200000}], "maxAge": 86400}, "cashflowStatementHistoryQuarterly": {"cashflowStatements": [{"maxAge": 1, "endDate": "2020-06-30", "netIncome": 701000000, "changeToLiabilities": 0}, {"maxAge": 1, "endDate": "2020-03-31", "netIncome": -75070100000, "changeToLiabilities": 0}, {"maxAge": 1, "endDate": "2019-12-31", "netIncome": 9343100000, "changeToLiabilities": 0}, {"maxAge": 1, "endDate": "2019-09-30", "netIncome": -66406200000, "changeToLiabilities": 0}], "maxAge": 86400}, "insiderHolders": {"holders": [{"maxAge": 1, "name": "Khona (Jayesh)", "relation": "UNREPORTED", "url": "", "transactionDescription": "Sale", "latestTransDate": "2019-03-28", "positionDirect": 52062, "positionDirectDate": "2019-03-28"}], "maxAge": 1}, "earnings": {"maxAge": 86400, "earningsChart": {"quarterly": [{"date": "3Q2017", "actual": 9.3, "estimate": 8.7}, {"date": "1Q2018", "actual": 9.89, "estimate": 10.19}], "currentQuarterEstimate": 10.55, "currentQuarterEstimateDate": "2Q", "currentQuarterEstimateYear": 2018, "earningsDate": ["2019-01-25 05:30:S"]}, "financialsChart": {"yearly": [{"date": 2017, "revenue": 28995900000, "earnings": 28063000000}, {"date": 2018, "revenue": 33575700000, "earnings": 12633200000}, {"date": 2019, "revenue": 38796000000, "earnings": -9659100000}, {"date": 2020, "revenue": 40866700000, "earnings": -134558100000}], "quarterly": [{"date": "3Q2019", "revenue": 925200000, "earnings": -66406200000}, {"date": "4Q2019", "revenue": 10085200000, "earnings": 9343100000}, {"date": "1Q2020", "revenue": 27551400000, "earnings": -75070100000}, {"date": "2Q2020", "revenue": 22672100000, "earnings": 701000000}]}, "financialCurrency": "INR"}, "calendarEvents": {"maxAge": 1, "earnings": {"earningsDate": ["2019-01-25 05:30:S"], "earningsAverage": 10.55, "earningsLow": 10.55, "earningsHigh": 10.55}}, "price": {"maxAge": 1, "regularMarketChangePercent": -0.019108292, "regularMarketChange": -0.3000002, "regularMarketTime": "2021-04-30 15:56:05", "priceHint": 2, "regularMarketPrice": 15.4, "regularMarketDayHigh": 16.2, "regularMarketDayLow": 15.2, "regularMarketVolume": 273563, "averageDailyVolume10Day": 530911, "averageDailyVolume3Month": 747298, "regularMarketPreviousClose": 15.7, "regularMarketSource": "FREE_REALTIME", "regularMarketOpen": 16.2, "exchange": "BSE", "exchangeName": "BSE", "exchangeDataDelayedBy": 0, "marketState": "CLOSED", "quoteType": "EQUITY", "symbol": "DHFL.BO", "underlyingSymbol": null, "shortName": "DEWAN HOUSING FINANCE CORPORAT", "longName": "Dewan Housing Finance Corporation Limited", "currency": "INR", "quoteSourceName": "Delayed Quote", "currencySymbol": "\u20b9", "fromCurrency": null, "toCurrency": null, "lastMarket": null, "marketCap": 4832873984}, "balanceSheetHistory": {"balanceSheetStatements": [{"maxAge": 1, "endDate": "2020-03-31", "cash": 68492800000, "netReceivables": 671133400000, "otherCurrentAssets": 12818500000, "totalCurrentAssets": 778038000000, "longTermInvestments": 19524500000, "propertyPlantEquipment": 8536100000, "intangibleAssets": 1718600000, "otherAssets": 50479500000, "deferredLongTermAssetCharges": 50433000000, "totalAssets": 858296700000, "accountsPayable": 54769400000, "shortLongTermDebt": 189658000000, "otherCurrentLiab": 2336300000, "longTermDebt": 609451800000, "totalCurrentLiabilities": 304306300000, "totalLiab": 913758100000, "commonStock": 3138200000, "retainedEarnings": -92642100000, "treasuryStock": 11954000000, "capitalSurplus": 22088500000, "otherStockholderEquity": 11954000000, "totalStockholderEquity": -55461400000, "netTangibleAssets": -57180000000}, {"maxAge": 1, "endDate": "2019-03-31", "cash": 12601200000, "netReceivables": 990428100000, "otherCurrentAssets": 21849400000, "totalCurrentAssets": 1038272400000, "longTermInvestments": 13652600000, "propertyPlantEquipment": 7829300000, "intangibleAssets": 1857600000, "otherAssets": 4407900000, "deferredLongTermAssetCharges": 4339600000, "totalAssets": 1066019800000, "accountsPayable": 70176000000, "shortLongTermDebt": 184379600000, "otherCurrentLiab": 1651000000, "longTermDebt": 681635400000, "otherLiab": 1322000000, "totalCurrentLiabilities": 303688900000, "totalLiab": 986646300000, "commonStock": 3138200000, "retainedEarnings": 42396800000, "treasuryStock": 11750000000, "capitalSurplus": 22088500000, "otherStockholderEquity": 11750000000, "totalStockholderEquity": 79373500000, "netTangibleAssets": 77515900000}, {"maxAge": 1, "endDate": "2018-03-31", "cash": 19230900000, "netReceivables": 938365300000, "otherCurrentAssets": 12405400000, "totalCurrentAssets": 1021118900000, "longTermInvestments": 31581100000, "propertyPlantEquipment": 8422800000, "intangibleAssets": 1365600000, "otherAssets": 956300000, "deferredLongTermAssetCharges": 956300000, "totalAssets": 1063444700000, "accountsPayable": 98599900000, "shortLongTermDebt": 91938900000, "otherCurrentLiab": 1666100000, "longTermDebt": 654035200000, "otherLiab": 1239000000, "totalCurrentLiabilities": 318190400000, "totalLiab": 973464600000, "commonStock": 3136600000, "retainedEarnings": 53339100000, "treasuryStock": 11440700000, "capitalSurplus": 22063700000, "otherStockholderEquity": 11440700000, "totalStockholderEquity": 89980100000, "netTangibleAssets": 88614500000}, {"maxAge": 1, "endDate": "2017-03-31", "cash": 34300900000, "netReceivables": 725920400000, "otherCurrentAssets": 85535600000, "totalCurrentAssets": 845757200000, "longTermInvestments": 56267900000, "propertyPlantEquipment": 7521100000, "intangibleAssets": 923400000, "otherAssets": 12431100000, "totalAssets": 922900700000, "accountsPayable": 226200000, "shortLongTermDebt": 102419300000, "otherCurrentLiab": 6061500000, "longTermDebt": 669991600000, "otherLiab": 10240900000, "totalCurrentLiabilities": 165362200000, "totalLiab": 845594700000, "commonStock": 3131500000, "retainedEarnings": 40130100000, "treasuryStock": 12053500000, "capitalSurplus": 21990900000, "otherStockholderEquity": 12053500000, "totalStockholderEquity": 77306000000, "netTangibleAssets": 76382600000}], "maxAge": 86400}, "earningsTrend": {"trend": [{"maxAge": 1, "period": "0q", "endDate": "2018-06-30", "growth": {}, "earningsEstimate": {"avg": 10.55, "low": 10.55, "high": 10.55, "yearAgoEps": {}, "numberOfAnalysts": 1, "growth": {}}, "revenueEstimate": {"avg": 0, "low": 0, "high": 0, "numberOfAnalysts": 0, "yearAgoRevenue": {}, "growth": {}}, "epsTrend": {"current": 10.55, "7daysAgo": 10.55, "30daysAgo": 10.55, "60daysAgo": 0.0, "90daysAgo": 0.0}, "epsRevisions": {"upLast7days": 0, "upLast30days": 0, "downLast30days": 0, "downLast90days": {}}}, {"maxAge": 1, "period": "+1q", "endDate": "2018-09-30", "growth": {}, "earningsEstimate": {"avg": 0.0, "low": 0.0, "high": 0.0, "yearAgoEps": {}, "numberOfAnalysts": 0, "growth": {}}, "revenueEstimate": {"avg": 0, "low": 0, "high": 0, "numberOfAnalysts": 0, "yearAgoRevenue": {}, "growth": {}}, "epsTrend": {"current": 0.0, "7daysAgo": 0.0, "30daysAgo": 0.0, "60daysAgo": 0.0, "90daysAgo": 0.0}, "epsRevisions": {"upLast7days": 0, "upLast30days": 0, "downLast30days": 0, "downLast90days": {}}}, {"maxAge": 1, "period": "0y", "endDate": "2019-03-31", "growth": 0.25100002, "earningsEstimate": {"avg": 46.39, "low": 41.2, "high": 51.7, "yearAgoEps": 37.09, "numberOfAnalysts": 8, "growth": 0.25100002}, "revenueEstimate": {"avg": 36537400000, "low": 32050000000, "high": 40933000000, "numberOfAnalysts": 5, "yearAgoRevenue": 28852400000, "growth": 0.266}, "epsTrend": {"current": 46.39, "7daysAgo": 46.39, "30daysAgo": 46.39, "60daysAgo": 45.82, "90daysAgo": 45.61}, "epsRevisions": {"upLast7days": 0, "upLast30days": 0, "downLast30days": 0, "downLast90days": {}}}, {"maxAge": 1, "period": "+1y", "endDate": "2020-03-31", "growth": 0.203, "earningsEstimate": {"avg": 55.82, "low": 50.5, "high": 63.5, "yearAgoEps": 46.39, "numberOfAnalysts": 8, "growth": 0.203}, "revenueEstimate": {"avg": 44170600000, "low": 38157000000, "high": 50659000000, "numberOfAnalysts": 5, "yearAgoRevenue": 36537400000, "growth": 0.20899999}, "epsTrend": {"current": 55.82, "7daysAgo": 55.82, "30daysAgo": 55.82, "60daysAgo": 55.07, "90daysAgo": 54.57}, "epsRevisions": {"upLast7days": 0, "upLast30days": 0, "downLast30days": 0, "downLast90days": {}}}, {"maxAge": 1, "period": "+5y", "endDate": null, "growth": 0.43400002, "earningsEstimate": {"avg": {}, "low": {}, "high": {}, "yearAgoEps": {}, "numberOfAnalysts": {}, "growth": {}}, "revenueEstimate": {"avg": {}, "low": {}, "high": {}, "numberOfAnalysts": {}, "yearAgoRevenue": {}, "growth": {}}, "epsTrend": {"current": {}, "7daysAgo": {}, "30daysAgo": {}, "60daysAgo": {}, "90daysAgo": {}}, "epsRevisions": {"upLast7days": {}, "upLast30days": {}, "downLast30days": {}, "downLast90days": {}}}, {"maxAge": 1, "period": "-5y", "endDate": null, "growth": 0.07446, "earningsEstimate": {"avg": {}, "low": {}, "high": {}, "yearAgoEps": {}, "numberOfAnalysts": {}, "growth": {}}, "revenueEstimate": {"avg": {}, "low": {}, "high": {}, "numberOfAnalysts": {}, "yearAgoRevenue": {}, "growth": {}}, "epsTrend": {"current": {}, "7daysAgo": {}, "30daysAgo": {}, "60daysAgo": {}, "90daysAgo": {}}, "epsRevisions": {"upLast7days": {}, "upLast30days": {}, "downLast30days": {}, "downLast90days": {}}}], "maxAge": 1}, "financialData": {"maxAge": 86400, "currentPrice": 15.4, "targetHighPrice": 765.0, "targetLowPrice": 600.0, "targetMeanPrice": 705.75, "targetMedianPrice": 730.5, "recommendationMean": 1.8, "recommendationKey": "buy", "numberOfAnalystOpinions": 8, "grossProfits": 40318500000, "financialCurrency": "INR"}}}