{"DHINDIA.BO": {"cashflowStatementHistory": {"cashflowStatements": [{"maxAge": 1, "endDate": "2020-03-31", "netIncome": -17194041, "depreciation": 17877843, "changeToNetincome": 10242366, "changeToAccountReceivables": 4843468, "changeToLiabilities": -27151439, "changeToInventory": 9410249, "totalCashFromOperatingActivities": -1971554, "otherCashflowsFromInvestingActivities": 516361, "totalCashflowsFromInvestingActivities": 14198861, "netBorrowings": 3332795, "otherCashflowsFromFinancingActivities": -18030651, "totalCashFromFinancingActivities": -14697856, "changeInCash": -2470548}, {"maxAge": 1, "endDate": "2019-03-31", "netIncome": 19118050, "depreciation": 17511556, "changeToNetincome": 18090180, "changeToAccountReceivables": -15375142, "changeToLiabilities": -19413365, "changeToInventory": -31947366, "totalCashFromOperatingActivities": -12016087, "capitalExpenditures": -4322897, "investments": 1210554, "otherCashflowsFromInvestingActivities": 1698692, "totalCashflowsFromInvestingActivities": 864695, "netBorrowings": 26283974, "otherCashflowsFromFinancingActivities": -17634940, "totalCashFromFinancingActivities": 8649034, "changeInCash": -2502357}, {"maxAge": 1, "endDate": "2018-03-31", "netIncome": 1897833, "depreciation": 17477096, "changeToNetincome": 13106367, "changeToAccountReceivables": -17253383, "changeToLiabilities": 31153239, "changeToInventory": -25044982, "totalCashFromOperatingActivities": 21336170, "capitalExpenditures": -2037709, "investments": -115390, "otherCashflowsFromInvestingActivities": 1663728, "totalCashflowsFromInvestingActivities": 1126209, "netBorrowings": -16136931, "otherCashflowsFromFinancingActivities": -9291174, "totalCashFromFinancingActivities": -25428105, "changeInCash": -2965724}, {"maxAge": 1, "endDate": "2017-03-31", "netIncome": 2904223, "depreciation": 17658517, "changeToNetincome": 15520939, "changeToAccountReceivables": 12550644, "changeToLiabilities": 2924219, "changeToInventory": -28535433, "totalCashFromOperatingActivities": 23023109, "capitalExpenditures": -6960199, "investments": -115390, "otherCashflowsFromInvestingActivities": 924522, "totalCashflowsFromInvestingActivities": -17599250, "netBorrowings": 8756958, "otherCashflowsFromFinancingActivities": -16269623, "totalCashFromFinancingActivities": -7512665, "changeInCash": -2088807}], "maxAge": 86400}, "institutionOwnership": {"ownershipList": [], "maxAge": 1}, "balanceSheetHistoryQuarterly": {"balanceSheetStatements": [{"maxAge": 1, "endDate": "2020-06-30", "totalStockholderEquity": 303527000, "netTangibleAssets": 295013000}, {"maxAge": 1, "endDate": "2020-03-31", "cash": 6556210, "netReceivables": 168201232, "inventory": 257566879, "otherCurrentAssets": 5752102, "totalCurrentAssets": 439911041, "longTermInvestments": 1244474, "propertyPlantEquipment": 152067432, "goodWill": 6888212, "intangibleAssets": 1625969, "otherAssets": 5674146, "totalAssets": 607411274, "accountsPayable": 97030377, "shortLongTermDebt": 11514176, "otherCurrentLiab": 16698583, "longTermDebt": 16314979, "otherLiab": 19795473, "totalCurrentLiabilities": 267773809, "totalLiab": 303884261, "commonStock": 74000000, "retainedEarnings": 183035515, "treasuryStock": 17056698, "capitalSurplus": 29434800, "otherStockholderEquity": 17056698, "totalStockholderEquity": 303527013, "netTangibleAssets": 295012832}, {"maxAge": 1, "endDate": "2019-12-31", "totalStockholderEquity": 324445000, "netTangibleAssets": 314979000}, {"maxAge": 1, "endDate": "2019-09-30", "cash": 8806000, "netReceivables": 197474000, "inventory": 272971000, "otherCurrentAssets": 21889000, "totalCurrentAssets": 501140000, "longTermInvestments": 1580000, "propertyPlantEquipment": 161436000, "goodWill": 6888000, "intangibleAssets": 2578000, "otherAssets": 4789000, "totalAssets": 678411000, "accountsPayable": 91349000, "shortLongTermDebt": 17931000, "otherCurrentLiab": 47797000, "longTermDebt": 18728000, "otherLiab": 20284000, "totalCurrentLiabilities": 314954000, "totalLiab": 353966000, "commonStock": 74000000, "treasuryStock": 250445000, "otherStockholderEquity": 250445000, "totalStockholderEquity": 324445000, "netTangibleAssets": 314979000}], "maxAge": 86400}, "indexTrend": {"maxAge": 1, "symbol": "SP5", "peRatio": 19.7411, "pegRatio": 1.34172, "estimates": [{"period": "0q", "growth": 0.549}, {"period": "+1q", "growth": 0.431}, {"period": "0y", "growth": 0.305}, {"period": "+1y", "growth": 0.109}, {"period": "+5y", "growth": 0.120859005}, {"period": "-5y"}]}, "insiderTransactions": {"transactions": [{"maxAge": 1, "shares": 70830, "filerUrl": "", "transactionText": "", "filerName": "Lunia (Aishwarya Ajay)", "filerRelation": "UNREPORTED", "moneyText": "", "startDate": "2020-03-12", "ownership": "D"}, {"maxAge": 1, "shares": 57621, "filerUrl": "", "transactionText": "", "filerName": "Lunia (Aishwarya Ajay)", "filerRelation": "UNREPORTED", "moneyText": "", "startDate": "2020-03-02", "ownership": "D"}, {"maxAge": 1, "shares": 491000, "filerUrl": "", "transactionText": "", "filerName": "Corna Infra Ltd", "filerRelation": "Promoter", "moneyText": "", "startDate": "2019-09-03", "ownership": "D"}, {"maxAge": 1, "shares": 121000, "filerUrl": "", "transactionText": "", "filerName": "Vora (Kiran)", "filerRelation": "Promoter", "moneyText": "", "startDate": "2019-09-03", "ownership": "D"}, {"maxAge": 1, "shares": 370000, "filerUrl": "", "transactionText": "", "filerName": "Vora (Saurabh H)", "filerRelation": "Promoter", "moneyText": "", "startDate": "2019-09-03", "ownership": "D"}, {"maxAge": 1, "shares": 50000, "filerUrl": "", "transactionText": "", "filerName": "Atithi (Vora)", "filerRelation": "Promoter", "moneyText": "", "startDate": "2015-03-30", "ownership": "D"}, {"maxAge": 1, "shares": 50000, "filerUrl": "", "transactionText": "", "filerName": "Suhani (Vora)", "filerRelation": "Promoter", "moneyText": "", "startDate": "2015-03-30", "ownership": "D"}, {"maxAge": 1, "shares": 50000, "filerUrl": "", "transactionText": "", "filerName": "Vora (Harsh)", "filerRelation": "Managing Director", "moneyText": "", "startDate": "2015-03-30", "ownership": "D"}, {"maxAge": 1, "shares": 50000, "filerUrl": "", "transactionText": "", "filerName": "Vora (Saurabh H)", "filerRelation": "Promoter", "moneyText": "", "startDate": "2015-03-30", "ownership": "D"}, {"maxAge": 1, "shares": 40000, "filerUrl": "", "transactionText": "", "filerName": "Jain (Madhusudan)", "filerRelation": "Wholetime Director", "moneyText": "", "startDate": "2014-02-20", "ownership": "D"}, {"maxAge": 1, "shares": 380000, "filerUrl": "", "transactionText": "", "filerName": "Good Creation Investment & Finance Ltd", "filerRelation": "Institution- Corporation", "moneyText": "", "startDate": "2010-08-13", "ownership": "D"}, {"maxAge": 1, "shares": 55000, "filerUrl": "", "transactionText": "", "filerName": "Vora (Harsh)", "filerRelation": "Managing Director", "moneyText": "", "startDate": "2010-08-13", "ownership": "D"}, {"maxAge": 1, "shares": 380000, "filerUrl": "", "transactionText": "", "filerName": "Vora Wires Industries India Ltd", "filerRelation": "Institution- Corporation", "moneyText": "", "startDate": "2010-08-13", "ownership": "D"}, {"maxAge": 1, "shares": 37945, "filerUrl": "", "transactionText": "", "filerName": "Vora (Harsh)", "filerRelation": "Managing Director", "moneyText": "", "startDate": "2010-04-09", "ownership": "D"}, {"maxAge": 1, "shares": 85000, "filerUrl": "", "transactionText": "", "filerName": "Kakrecha (Priya)", "filerRelation": "UNREPORTED", "moneyText": "", "startDate": "2009-10-05", "ownership": "D"}, {"maxAge": 1, "shares": 165000, "filerUrl": "", "transactionText": "", "filerName": "Vora (Kiran)", "filerRelation": "UNREPORTED", "moneyText": "", "startDate": "2009-10-05", "ownership": "D"}], "maxAge": 1}, "quoteType": {"exchange": "BSE", "quoteType": "EQUITY", "symbol": "DHINDIA.BO", "underlyingSymbol": "DHINDIA.BO", "shortName": "D&H INDIA LTD", "longName": "D &amp; H India Limited", "firstTradeDateEpochUtc": "2002-06-24 09:15:00", "timeZoneFullName": "Asia/Kolkata", "timeZoneShortName": "IST", "uuid": "611632d8-66d0-30ea-afa6-8a668fc54000", "gmtOffSetMilliseconds": 19800000, "maxAge": 1}, "incomeStatementHistory": {"incomeStatementHistory": [{"maxAge": 1, "endDate": "2020-03-31", "totalRevenue": 790183459, "costOfRevenue": 578255352, "grossProfit": 211928107, "researchDevelopment": {}, "sellingGeneralAdministrative": 89670734, "nonRecurring": {}, "otherOperatingExpenses": 102709605, "totalOperatingExpenses": 788513534, "operatingIncome": 1669925, "totalOtherIncomeExpenseNet": -20572962, "ebit": 1669925, "interestExpense": -17123489, "incomeBeforeTax": -18903037, "incomeTaxExpense": -1708996, "minorityInterest": {}, "netIncomeFromContinuingOps": -17194041, "discontinuedOperations": {}, "extraordinaryItems": {}, "effectOfAccountingCharges": {}, "otherItems": {}, "netIncome": -17194041, "netIncomeApplicableToCommonShares": -17194041}, {"maxAge": 1, "endDate": "2019-03-31", "totalRevenue": 794107197, "costOfRevenue": 570132842, "grossProfit": 223974355, "researchDevelopment": {}, "sellingGeneralAdministrative": 88037646, "nonRecurring": {}, "otherOperatingExpenses": 77418263, "totalOperatingExpenses": 753100307, "operatingIncome": 41006890, "totalOtherIncomeExpenseNet": -16560496, "ebit": 41006890, "interestExpense": -16019387, "incomeBeforeTax": 24446394, "incomeTaxExpense": 5328344, "minorityInterest": {}, "netIncomeFromContinuingOps": 19118050, "discontinuedOperations": {}, "extraordinaryItems": {}, "effectOfAccountingCharges": {}, "otherItems": {}, "netIncome": 19118050, "netIncomeApplicableToCommonShares": 19118050}, {"maxAge": 1, "endDate": "2018-03-31", "totalRevenue": 687002353, "costOfRevenue": 484218219, "grossProfit": 202784134, "researchDevelopment": {}, "sellingGeneralAdministrative": 89891902, "nonRecurring": {}, "otherOperatingExpenses": 77761218, "totalOperatingExpenses": 669348435, "operatingIncome": 17653918, "totalOtherIncomeExpenseNet": -14591582, "ebit": 17653918, "interestExpense": -13964474, "incomeBeforeTax": 3062336, "incomeTaxExpense": 1164503, "minorityInterest": {}, "netIncomeFromContinuingOps": 1897833, "discontinuedOperations": {}, "extraordinaryItems": {}, "effectOfAccountingCharges": {}, "otherItems": {}, "netIncome": 1897833, "netIncomeApplicableToCommonShares": 1897833}, {"maxAge": 1, "endDate": "2017-03-31", "totalRevenue": 602260962, "costOfRevenue": 384386220, "grossProfit": 217874742, "researchDevelopment": {}, "sellingGeneralAdministrative": 82595779, "nonRecurring": {}, "otherOperatingExpenses": 96591117, "totalOperatingExpenses": 581914807, "operatingIncome": 20346155, "totalOtherIncomeExpenseNet": -15484821, "ebit": 20346155, "interestExpense": -14116589, "incomeBeforeTax": 4861334, "incomeTaxExpense": 1957111, "minorityInterest": {}, "netIncomeFromContinuingOps": 2904223, "discontinuedOperations": {}, "extraordinaryItems": {}, "effectOfAccountingCharges": {}, "otherItems": {}, "netIncome": 2904223, "netIncomeApplicableToCommonShares": 2904223}], "maxAge": 86400}, "fundOwnership": {"ownershipList": [], "maxAge": 1}, "summaryDetail": {"maxAge": 1, "priceHint": 2, "previousClose": 15.25, "open": 15.2, "dayLow": 14.65, "dayHigh": 15.48, "regularMarketPreviousClose": 15.25, "regularMarketOpen": 15.2, "regularMarketDayLow": 14.65, "regularMarketDayHigh": 15.48, "volume": 1413, "regularMarketVolume": 1413, "averageVolume": 5151, "averageVolume10days": 4105, "averageDailyVolume10Day": 4105, "bid": 14.69, "ask": 15.5, "bidSize": 0, "askSize": 0, "marketCap": 114478000, "fiftyTwoWeekLow": 12.0, "fiftyTwoWeekHigh": 20.9, "fiftyDayAverage": 14.536364, "twoHundredDayAverage": 13.542868, "currency": "INR", "fromCurrency": null, "lastMarket": null, "algorithm": null, "tradeable": false}, "incomeStatementHistoryQuarterly": {"incomeStatementHistory": [{"maxAge": 1, "endDate": "2020-06-30", "totalRevenue": 81314000, "costOfRevenue": 61924000, "grossProfit": 19390000, "researchDevelopment": {}, "sellingGeneralAdministrative": 14557000, "nonRecurring": {}, "otherOperatingExpenses": 8388000, "totalOperatingExpenses": 88873000, "operatingIncome": -7559000, "totalOtherIncomeExpenseNet": -1966000, "ebit": -7559000, "interestExpense": -3520000, "incomeBeforeTax": -9525000, "incomeTaxExpense": -465000, "minorityInterest": {}, "netIncomeFromContinuingOps": -9060000, "discontinuedOperations": {}, "extraordinaryItems": {}, "effectOfAccountingCharges": {}, "otherItems": {}, "netIncome": -9060000, "netIncomeApplicableToCommonShares": -9060000}, {"maxAge": 1, "endDate": "2020-03-31", "totalRevenue": 203793459, "costOfRevenue": 160865352, "grossProfit": 42928107, "researchDevelopment": {}, "sellingGeneralAdministrative": 24448734, "nonRecurring": {}, "otherOperatingExpenses": 17165605, "totalOperatingExpenses": 206283534, "operatingIncome": -2490075, "totalOtherIncomeExpenseNet": -5638962, "ebit": -2490075, "interestExpense": -2439489, "incomeBeforeTax": -8129037, "incomeTaxExpense": 72004, "minorityInterest": {}, "netIncomeFromContinuingOps": -8201041, "discontinuedOperations": {}, "extraordinaryItems": {}, "effectOfAccountingCharges": {}, "otherItems": {}, "netIncome": -8201041, "netIncomeApplicableToCommonShares": -8201041}, {"maxAge": 1, "endDate": "2019-12-31", "totalRevenue": 205604000, "costOfRevenue": 148745000, "grossProfit": 56859000, "researchDevelopment": {}, "sellingGeneralAdministrative": 21439000, "nonRecurring": {}, "otherOperatingExpenses": 24493000, "totalOperatingExpenses": 214746000, "operatingIncome": -9142000, "totalOtherIncomeExpenseNet": -5384000, "ebit": -9142000, "interestExpense": -4612000, "incomeBeforeTax": -14526000, "incomeTaxExpense": -2054000, "minorityInterest": {}, "netIncomeFromContinuingOps": -12472000, "discontinuedOperations": {}, "extraordinaryItems": {}, "effectOfAccountingCharges": {}, "otherItems": {}, "netIncome": -12472000, "netIncomeApplicableToCommonShares": -12472000}, {"maxAge": 1, "endDate": "2019-09-30", "totalRevenue": 203008000, "costOfRevenue": 143013000, "grossProfit": 59995000, "researchDevelopment": {}, "sellingGeneralAdministrative": 22134000, "nonRecurring": {}, "otherOperatingExpenses": 25655000, "totalOperatingExpenses": 195756000, "operatingIncome": 7252000, "totalOtherIncomeExpenseNet": -4988000, "ebit": 7252000, "interestExpense": -5414000, "incomeBeforeTax": 2264000, "incomeTaxExpense": 244000, "minorityInterest": {}, "netIncomeFromContinuingOps": 2020000, "discontinuedOperations": {}, "extraordinaryItems": {}, "effectOfAccountingCharges": {}, "otherItems": {}, "netIncome": 2020000, "netIncomeApplicableToCommonShares": 2020000}], "maxAge": 86400}, "cashflowStatementHistoryQuarterly": {"cashflowStatements": [{"maxAge": 1, "endDate": "2020-06-30", "netIncome": -9060000, "changeToLiabilities": 0}, {"maxAge": 1, "endDate": "2020-03-31", "netIncome": -8201041, "changeToLiabilities": 0}, {"maxAge": 1, "endDate": "2019-12-31", "netIncome": -12472000, "changeToLiabilities": 0}, {"maxAge": 1, "endDate": "2019-09-30", "netIncome": 2020000, "changeToLiabilities": 0}], "maxAge": 86400}, "insiderHolders": {"holders": [{"maxAge": 1, "name": "Atithi (Vora)", "relation": "Promoter", "url": "", "transactionDescription": "Other", "latestTransDate": "2015-03-30", "positionDirect": 50000, "positionDirectDate": "2015-03-30"}, {"maxAge": 1, "name": "Corna Infra Ltd", "relation": "Promoter", "url": "", "transactionDescription": "Other", "latestTransDate": "2019-09-03", "positionDirect": 315000, "positionDirectDate": "2019-09-03"}, {"maxAge": 1, "name": "Good Creation Investment & Finance Ltd", "relation": "Institution- Corporation", "url": "", "transactionDescription": "Acquisition", "latestTransDate": "2010-08-13", "positionDirect": 806000, "positionDirectDate": "2010-08-13"}, {"maxAge": 1, "name": "Jain (Madhusudan)", "relation": "Wholetime Director", "url": "", "transactionDescription": "Purchase", "latestTransDate": "2014-02-20", "positionDirect": 100000, "positionDirectDate": "2014-02-20"}, {"maxAge": 1, "name": "Lunia (Aishwarya Ajay)", "relation": "UNREPORTED", "url": "", "transactionDescription": "Acquisition", "latestTransDate": "2020-03-12", "positionDirect": 128451, "positionDirectDate": "2020-03-12"}, {"maxAge": 1, "name": "Suhani (Vora)", "relation": "Promoter", "url": "", "transactionDescription": "Other", "latestTransDate": "2015-03-30", "positionDirect": 50000, "positionDirectDate": "2015-03-30"}, {"maxAge": 1, "name": "Vora (Harsh)", "relation": "Managing Director", "url": "", "transactionDescription": "Other", "latestTransDate": "2015-03-30", "positionDirect": 311745, "positionDirectDate": "2015-03-30"}, {"maxAge": 1, "name": "Vora (Kiran)", "relation": "Promoter", "url": "", "transactionDescription": "Other", "latestTransDate": "2019-09-03", "positionDirect": 314300, "positionDirectDate": "2019-09-03"}, {"maxAge": 1, "name": "Vora (Saurabh H)", "relation": "Promoter", "url": "", "transactionDescription": "Other", "latestTransDate": "2019-09-03", "positionDirect": 533600, "positionDirectDate": "2019-09-03"}, {"maxAge": 1, "name": "Vora Wires Industries India Ltd", "relation": "Institution- Corporation", "url": "", "transactionDescription": "Sale", "latestTransDate": "2010-08-13", "positionDirect": 120000, "positionDirectDate": "2010-08-13"}], "maxAge": 1}, "calendarEvents": {"maxAge": 1, "earnings": {"earningsDate": ["2020-08-31 05:30:S"]}}, "upgradeDowngradeHistory": {"history": [], "maxAge": 86400}, "price": {"maxAge": 1, "regularMarketChangePercent": 0.014426247, "regularMarketChange": 0.22000027, "regularMarketTime": "2021-04-30 15:12:54", "priceHint": 2, "regularMarketPrice": 15.47, "regularMarketDayHigh": 15.48, "regularMarketDayLow": 14.65, "regularMarketVolume": 1413, "averageDailyVolume10Day": 4105, "averageDailyVolume3Month": 5151, "regularMarketPreviousClose": 15.25, "regularMarketSource": "FREE_REALTIME", "regularMarketOpen": 15.2, "exchange": "BSE", "exchangeName": "BSE", "exchangeDataDelayedBy": 0, "marketState": "CLOSED", "quoteType": "EQUITY", "symbol": "DHINDIA.BO", "underlyingSymbol": null, "shortName": "D&H INDIA LTD", "longName": "D &amp; H India Limited", "currency": "INR", "quoteSourceName": "Delayed Quote", "currencySymbol": "\u20b9", "fromCurrency": null, "lastMarket": null, "marketCap": 114478000}, "balanceSheetHistory": {"balanceSheetStatements": [{"maxAge": 1, "endDate": "2020-03-31", "cash": 6556210, "netReceivables": 168201232, "inventory": 257566879, "otherCurrentAssets": 5752102, "totalCurrentAssets": 439911041, "longTermInvestments": 1244474, "propertyPlantEquipment": 152067432, "goodWill": 6888212, "intangibleAssets": 1625969, "otherAssets": 5674146, "totalAssets": 607411274, "accountsPayable": 97030377, "shortLongTermDebt": 11514176, "otherCurrentLiab": 16698583, "longTermDebt": 16314979, "otherLiab": 19795473, "totalCurrentLiabilities": 267773809, "totalLiab": 303884261, "commonStock": 74000000, "retainedEarnings": 183035515, "treasuryStock": 17056698, "capitalSurplus": 29434800, "otherStockholderEquity": 17056698, "totalStockholderEquity": 303527013, "netTangibleAssets": 295012832}, {"maxAge": 1, "endDate": "2019-03-31", "cash": 9026758, "netReceivables": 179961940, "inventory": 266977128, "otherCurrentAssets": 8657774, "totalCurrentAssets": 466464955, "longTermInvestments": 1506280, "propertyPlantEquipment": 171780187, "goodWill": 6888212, "intangibleAssets": 1625969, "otherAssets": 6301741, "totalAssets": 654567344, "accountsPayable": 118918529, "shortLongTermDebt": 19210648, "otherCurrentLiab": 19439333, "longTermDebt": 27064651, "otherLiab": 21917052, "totalCurrentLiabilities": 284692781, "totalLiab": 333674484, "commonStock": 74000000, "retainedEarnings": 200271542, "treasuryStock": 17186518, "capitalSurplus": 29434800, "otherStockholderEquity": 17186518, "totalStockholderEquity": 320892860, "netTangibleAssets": 312378679}, {"maxAge": 1, "endDate": "2018-03-31", "cash": 11529115, "netReceivables": 166259411, "inventory": 235029762, "otherCurrentAssets": 7919477, "totalCurrentAssets": 422298835, "longTermInvestments": 1987456, "propertyPlantEquipment": 184610669, "goodWill": 6888212, "intangibleAssets": 1625969, "otherAssets": 7926056, "totalAssets": 625337197, "accountsPayable": 130082119, "shortLongTermDebt": 19396484, "otherCurrentLiab": 24356470, "longTermDebt": 23094497, "otherLiab": 22151291, "totalCurrentLiabilities": 278025027, "totalLiab": 323270815, "commonStock": 74000000, "retainedEarnings": 181150590, "treasuryStock": 17480992, "capitalSurplus": 29434800, "otherStockholderEquity": 17480992, "totalStockholderEquity": 302066382, "netTangibleAssets": 293552201}, {"maxAge": 1, "endDate": "2017-03-31", "cash": 14439312, "netReceivables": 148918554, "inventory": 209984780, "otherCurrentAssets": 10497637, "totalCurrentAssets": 384536180, "longTermInvestments": 1604274, "propertyPlantEquipment": 199927060, "goodWill": 6888212, "intangibleAssets": 1625969, "otherAssets": 7916122, "totalAssets": 602497817, "accountsPayable": 89878532, "shortLongTermDebt": 15930618, "otherCurrentLiab": 41249419, "longTermDebt": 26589698, "otherLiab": 17194656, "totalCurrentLiabilities": 258815116, "totalLiab": 302599470, "commonStock": 74000000, "retainedEarnings": 179250347, "treasuryStock": 17213200, "capitalSurplus": 29434800, "otherStockholderEquity": 17213200, "totalStockholderEquity": 299898347, "netTangibleAssets": 291384166}], "maxAge": 86400}, "financialData": {"maxAge": 86400, "currentPrice": 15.47, "recommendationKey": "none", "grossProfits": 211928107, "financialCurrency": "INR"}}}