{"DHPIND.BO": {"recommendationTrend": {"trend": [{"period": "0m", "strongBuy": 0, "buy": 0, "hold": 0, "sell": 0, "strongSell": 0}, {"period": "-1m", "strongBuy": 0, "buy": 0, "hold": 0, "sell": 0, "strongSell": 0}, {"period": "-2m", "strongBuy": 0, "buy": 0, "hold": 0, "sell": 0, "strongSell": 0}, {"period": "-3m", "strongBuy": 0, "buy": 0, "hold": 0, "sell": 0, "strongSell": 0}], "maxAge": 86400}, "cashflowStatementHistory": {"cashflowStatements": [{"maxAge": 1, "endDate": "2020-03-31", "netIncome": 30912969, "depreciation": 17538477, "changeToNetincome": 59441057, "changeToAccountReceivables": 30444898, "changeToLiabilities": 13278375, "changeToInventory": -11000917, "changeToOperatingActivities": 5358185, "totalCashFromOperatingActivities": 145973044, "capitalExpenditures": -20798061, "investments": -103402749, "otherCashflowsFromInvestingActivities": 254201, "totalCashflowsFromInvestingActivities": -58417795, "dividendsPaid": -7500000, "netBorrowings": -11290023, "otherCashflowsFromFinancingActivities": -3529752, "totalCashFromFinancingActivities": -22319775, "changeInCash": 65235474}, {"maxAge": 1, "endDate": "2019-03-31", "netIncome": 121094862, "depreciation": 13446250, "changeToNetincome": -12826821, "changeToAccountReceivables": -23350111, "changeToLiabilities": 8756118, "changeToInventory": -2564935, "changeToOperatingActivities": 21394683, "totalCashFromOperatingActivities": 125950046, "capitalExpenditures": -44934841, "investments": -77000000, "otherCashflowsFromInvestingActivities": 271074, "totalCashflowsFromInvestingActivities": -121652829, "dividendsPaid": -7500000, "netBorrowings": 1548442, "otherCashflowsFromFinancingActivities": -3157160, "totalCashFromFinancingActivities": -9108718, "changeInCash": -4811501}, {"maxAge": 1, "endDate": "2018-03-31", "netIncome": 129287982, "depreciation": 13544109, "changeToNetincome": -34179329, "changeToAccountReceivables": -7594982, "changeToLiabilities": -2997280, "changeToInventory": -19275699, "changeToOperatingActivities": -20256219, "totalCashFromOperatingActivities": 58528582, "capitalExpenditures": -12846508, "investments": -42990433, "otherCashflowsFromInvestingActivities": 234490, "totalCashflowsFromInvestingActivities": -55602451, "dividendsPaid": -6000000, "netBorrowings": 12071377, "otherCashflowsFromFinancingActivities": -3491917, "totalCashFromFinancingActivities": 2579460, "changeInCash": 5505591}, {"maxAge": 1, "endDate": "2017-03-31", "netIncome": 109530583, "depreciation": 14652149, "changeToNetincome": -38104720, "changeToAccountReceivables": 6031085, "changeToLiabilities": 2817128, "changeToInventory": -20998119, "changeToOperatingActivities": -273666, "totalCashFromOperatingActivities": 73654440, "capitalExpenditures": -10016099, "investments": -61036676, "otherCashflowsFromInvestingActivities": 297815, "totalCashflowsFromInvestingActivities": -70754960, "dividendsPaid": -6000000, "netBorrowings": -9062679, "otherCashflowsFromFinancingActivities": -3423248, "totalCashFromFinancingActivities": -18485927, "changeInCash": -15586447}], "maxAge": 86400}, "institutionOwnership": {"maxAge": 1, "ownershipList": []}, "balanceSheetHistoryQuarterly": {"balanceSheetStatements": [{"maxAge": 1, "endDate": "2020-06-30", "totalStockholderEquity": 685217554, "netTangibleAssets": 685217554}, {"maxAge": 1, "endDate": "2020-03-31", "cash": 68856815, "shortTermInvestments": 392150173, "netReceivables": 45407262, "inventory": 125541557, "otherCurrentAssets": 8126946, "totalCurrentAssets": 640913600, "propertyPlantEquipment": 104195678, "otherAssets": 15606000, "deferredLongTermAssetCharges": 15606000, "totalAssets": 760715278, "accountsPayable": 34169589, "otherCurrentLiab": 7291454, "totalCurrentLiabilities": 75497724, "totalLiab": 75497724, "commonStock": 30000000, "retainedEarnings": 654217554, "capitalSurplus": 1000000, "totalStockholderEquity": 685217554, "netTangibleAssets": 685217554}, {"maxAge": 1, "endDate": "2019-12-31", "totalStockholderEquity": 726349000, "netTangibleAssets": 726349000}, {"maxAge": 1, "endDate": "2019-09-30", "cash": 12052000, "shortTermInvestments": 477525000, "netReceivables": 42243000, "inventory": 104224000, "totalCurrentAssets": 636044000, "propertyPlantEquipment": 152808000, "otherAssets": 1263000, "deferredLongTermAssetCharges": 1263000, "totalAssets": 790115000, "accountsPayable": 24767000, "otherCurrentLiab": 16057000, "totalCurrentLiabilities": 63766000, "totalLiab": 63766000, "commonStock": 30000000, "treasuryStock": 696349000, "otherStockholderEquity": 696349000, "totalStockholderEquity": 726349000, "netTangibleAssets": 726349000}], "maxAge": 86400}, "earningsHistory": {"history": [{"maxAge": 1, "epsActual": {}, "epsEstimate": {}, "epsDifference": {}, "surprisePercent": {}, "quarter": {}, "period": "-4q"}, {"maxAge": 1, "epsActual": {}, "epsEstimate": {}, "epsDifference": {}, "surprisePercent": {}, "quarter": {}, "period": "-3q"}, {"maxAge": 1, "epsActual": {}, "epsEstimate": {}, "epsDifference": {}, "surprisePercent": {}, "quarter": {}, "period": "-2q"}, {"maxAge": 1, "epsActual": {}, "epsEstimate": {}, "epsDifference": {}, "surprisePercent": {}, "quarter": {}, "period": "-1q"}], "maxAge": 86400}, "indexTrend": {"maxAge": 1, "symbol": "SP5", "peRatio": 19.7411, "pegRatio": 1.34172, "estimates": [{"period": "0q", "growth": 0.549}, {"period": "+1q", "growth": 0.431}, {"period": "0y", "growth": 0.305}, {"period": "+1y", "growth": 0.109}, {"period": "+5y", "growth": 0.120859005}, {"period": "-5y"}]}, "industryTrend": {"maxAge": 1, "symbol": null, "estimates": []}, "quoteType": {"exchange": "BSE", "quoteType": "EQUITY", "symbol": "DHPIND.BO", "underlyingSymbol": "DHPIND.BO", "shortName": "DHP INDIA LTD.", "longName": "DHP India Limited", "firstTradeDateEpochUtc": "2001-11-19 09:15:00", "timeZoneFullName": "Asia/Kolkata", "timeZoneShortName": "IST", "uuid": "49eb95e9-5304-3047-bcb7-85043dc5dc02", "messageBoardId": null, "gmtOffSetMilliseconds": 19800000, "maxAge": 1}, "incomeStatementHistory": {"incomeStatementHistory": [{"maxAge": 1, "endDate": "2020-03-31", "totalRevenue": 478701127, "costOfRevenue": 276789090, "grossProfit": 201912037, "researchDevelopment": {}, "sellingGeneralAdministrative": 96740118, "nonRecurring": {}, "otherOperatingExpenses": -12816335, "totalOperatingExpenses": 378251350, "operatingIncome": 100449777, "totalOtherIncomeExpenseNet": -51061718, "ebit": 100449777, "interestExpense": -1699006, "incomeBeforeTax": 49388059, "incomeTaxExpense": 18475090, "minorityInterest": {}, "netIncomeFromContinuingOps": 30912969, "discontinuedOperations": {}, "extraordinaryItems": {}, "effectOfAccountingCharges": {}, "otherItems": {}, "netIncome": 30912969, "netIncomeApplicableToCommonShares": 30912969}, {"maxAge": 1, "endDate": "2019-03-31", "totalRevenue": 564673404, "costOfRevenue": 345668053, "grossProfit": 219005351, "researchDevelopment": {}, "sellingGeneralAdministrative": 87826617, "nonRecurring": {}, "otherOperatingExpenses": -11290620, "totalOperatingExpenses": 435650300, "operatingIncome": 129023104, "totalOtherIncomeExpenseNet": 39218650, "ebit": 129023104, "interestExpense": -1405514, "incomeBeforeTax": 168241754, "incomeTaxExpense": 47146892, "minorityInterest": {}, "netIncomeFromContinuingOps": 121094862, "discontinuedOperations": {}, "extraordinaryItems": {}, "effectOfAccountingCharges": {}, "otherItems": {}, "netIncome": 121094862, "netIncomeApplicableToCommonShares": 121094862}, {"maxAge": 1, "endDate": "2018-03-31", "totalRevenue": 446706483, "costOfRevenue": 274543409, "grossProfit": 172163074, "researchDevelopment": {}, "sellingGeneralAdministrative": 77828081, "nonRecurring": {}, "otherOperatingExpenses": -15107314, "totalOperatingExpenses": 350808285, "operatingIncome": 95898198, "totalOtherIncomeExpenseNet": 68533636, "ebit": 95898198, "interestExpense": -1983358, "incomeBeforeTax": 164431834, "incomeTaxExpense": 35143852, "minorityInterest": {}, "netIncomeFromContinuingOps": 129287982, "discontinuedOperations": {}, "extraordinaryItems": {}, "effectOfAccountingCharges": {}, "otherItems": {}, "netIncome": 129287982, "netIncomeApplicableToCommonShares": 129287982}, {"maxAge": 1, "endDate": "2017-03-31", "totalRevenue": 391935655, "costOfRevenue": 227022927, "grossProfit": 164912728, "researchDevelopment": {}, "sellingGeneralAdministrative": 65974747, "nonRecurring": {}, "otherOperatingExpenses": -7046453, "totalOperatingExpenses": 300603370, "operatingIncome": 91332285, "totalOtherIncomeExpenseNet": 59930701, "ebit": 91332285, "interestExpense": -1990739, "incomeBeforeTax": 151262986, "incomeTaxExpense": 41732403, "minorityInterest": {}, "netIncomeFromContinuingOps": 109530583, "discontinuedOperations": {}, "extraordinaryItems": {}, "effectOfAccountingCharges": {}, "otherItems": {}, "netIncome": 109530583, "netIncomeApplicableToCommonShares": 109530583}], "maxAge": 86400}, "fundOwnership": {"maxAge": 1, "ownershipList": []}, "summaryDetail": {"maxAge": 1, "priceHint": 2, "previousClose": 378.15, "open": 391.4, "dayLow": 368.0, "dayHigh": 394.5, "regularMarketPreviousClose": 378.15, "regularMarketOpen": 391.4, "regularMarketDayLow": 368.0, "regularMarketDayHigh": 394.5, "trailingPE": 13.897198, "forwardPE": 6.408139, "volume": 4044, "regularMarketVolume": 4044, "averageVolume": 1371, "averageVolume10days": 1975, "averageDailyVolume10Day": 1975, "bid": 368.1, "ask": 380.9, "bidSize": 0, "askSize": 0, "marketCap": 1129049984, "fiftyTwoWeekLow": 221.05, "fiftyTwoWeekHigh": 449.0, "fiftyDayAverage": 405.66, "twoHundredDayAverage": 362.75366, "trailingAnnualDividendRate": 2.5, "trailingAnnualDividendYield": 0.0066111335, "currency": "INR", "fromCurrency": null, "toCurrency": null, "lastMarket": null, "algorithm": null, "tradeable": false}, "sectorTrend": {"maxAge": 1, "symbol": null, "estimates": []}, "incomeStatementHistoryQuarterly": {"incomeStatementHistory": [{"maxAge": 1, "endDate": "2020-06-30", "totalRevenue": 69728000, "costOfRevenue": 38478000, "grossProfit": 31250000, "researchDevelopment": {}, "sellingGeneralAdministrative": 19242000, "nonRecurring": {}, "otherOperatingExpenses": 5308000, "totalOperatingExpenses": 67034000, "operatingIncome": 2694000, "totalOtherIncomeExpenseNet": 73048000, "ebit": 2694000, "interestExpense": -316000, "incomeBeforeTax": 75742000, "incomeTaxExpense": 9422000, "minorityInterest": {}, "netIncomeFromContinuingOps": 66320000, "discontinuedOperations": {}, "extraordinaryItems": {}, "effectOfAccountingCharges": {}, "otherItems": {}, "netIncome": 66320000, "netIncomeApplicableToCommonShares": 66320000}, {"maxAge": 1, "endDate": "2020-03-31", "totalRevenue": 121427127, "costOfRevenue": 56644090, "grossProfit": 64783037, "researchDevelopment": {}, "sellingGeneralAdministrative": 27643118, "nonRecurring": {}, "otherOperatingExpenses": 6418665, "totalOperatingExpenses": 95673350, "operatingIncome": 25753777, "totalOtherIncomeExpenseNet": -61989718, "ebit": 25753777, "interestExpense": -22006, "incomeBeforeTax": -36235941, "incomeTaxExpense": -2795910, "minorityInterest": {}, "netIncomeFromContinuingOps": -33440031, "discontinuedOperations": {}, "extraordinaryItems": {}, "effectOfAccountingCharges": {}, "otherItems": {}, "netIncome": -33440031, "netIncomeApplicableToCommonShares": -33440031}, {"maxAge": 1, "endDate": "2019-12-31", "totalRevenue": 127254000, "costOfRevenue": 70688000, "grossProfit": 56566000, "researchDevelopment": {}, "sellingGeneralAdministrative": 23292000, "nonRecurring": {}, "otherOperatingExpenses": -3375000, "totalOperatingExpenses": 95126000, "operatingIncome": 32128000, "totalOtherIncomeExpenseNet": 2784000, "ebit": 32128000, "interestExpense": -287000, "incomeBeforeTax": 34912000, "incomeTaxExpense": 8906000, "minorityInterest": {}, "netIncomeFromContinuingOps": 26006000, "discontinuedOperations": {}, "extraordinaryItems": {}, "effectOfAccountingCharges": {}, "otherItems": {}, "netIncome": 26006000, "netIncomeApplicableToCommonShares": 26006000}, {"maxAge": 1, "endDate": "2019-09-30", "totalRevenue": 113094000, "costOfRevenue": 71259000, "grossProfit": 41835000, "researchDevelopment": {}, "sellingGeneralAdministrative": 24545000, "nonRecurring": {}, "otherOperatingExpenses": -8555000, "totalOperatingExpenses": 91329000, "operatingIncome": 21765000, "totalOtherIncomeExpenseNet": -7777000, "ebit": 21765000, "interestExpense": -574000, "incomeBeforeTax": 13988000, "incomeTaxExpense": 5083000, "minorityInterest": {}, "netIncomeFromContinuingOps": 8905000, "discontinuedOperations": {}, "extraordinaryItems": {}, "effectOfAccountingCharges": {}, "otherItems": {}, "netIncome": 8905000, "netIncomeApplicableToCommonShares": 8905000}], "maxAge": 86400}, "cashflowStatementHistoryQuarterly": {"cashflowStatements": [{"maxAge": 1, "endDate": "2020-06-30", "netIncome": 66320000, "changeToLiabilities": 0}, {"maxAge": 1, "endDate": "2020-03-31", "netIncome": -33440031, "changeToLiabilities": 0}, {"maxAge": 1, "endDate": "2019-12-31", "netIncome": 26006000, "changeToLiabilities": 0}, {"maxAge": 1, "endDate": "2019-09-30", "netIncome": 8905000, "changeToLiabilities": 0}], "maxAge": 86400}, "insiderHolders": {"holders": [], "maxAge": 1}, "earnings": {"maxAge": 86400, "earningsChart": {"quarterly": [], "earningsDate": ["2020-06-30 05:30:S"]}, "financialsChart": {"yearly": [{"date": 2017, "revenue": 391935655, "earnings": 109530583}, {"date": 2018, "revenue": 446706483, "earnings": 129287982}, {"date": 2019, "revenue": 564673404, "earnings": 121094862}, {"date": 2020, "revenue": 478701127, "earnings": 30912969}], "quarterly": [{"date": "3Q2019", "revenue": 113094000, "earnings": 8905000}, {"date": "4Q2019", "revenue": 127254000, "earnings": 26006000}, {"date": "1Q2020", "revenue": 121427127, "earnings": -33440031}, {"date": "2Q2020", "revenue": 69728000, "earnings": 66320000}]}, "financialCurrency": "INR"}, "calendarEvents": {"maxAge": 1, "earnings": {"earningsDate": ["2020-06-30 05:30:S"]}}, "price": {"maxAge": 1, "regularMarketChangePercent": -0.0047599836, "regularMarketChange": -1.7999878, "regularMarketTime": "2021-04-30 15:58:41", "priceHint": 2, "regularMarketPrice": 376.35, "regularMarketDayHigh": 394.5, "regularMarketDayLow": 368.0, "regularMarketVolume": 4044, "averageDailyVolume10Day": 1975, "averageDailyVolume3Month": 1371, "regularMarketPreviousClose": 378.15, "regularMarketSource": "FREE_REALTIME", "regularMarketOpen": 391.4, "exchange": "BSE", "exchangeName": "BSE", "exchangeDataDelayedBy": 0, "marketState": "CLOSED", "quoteType": "EQUITY", "symbol": "DHPIND.BO", "underlyingSymbol": null, "shortName": "DHP INDIA LTD.", "longName": "DHP India Limited", "currency": "INR", "quoteSourceName": "Delayed Quote", "currencySymbol": "\u20b9", "fromCurrency": null, "toCurrency": null, "lastMarket": null, "marketCap": 1129049984}, "balanceSheetHistory": {"balanceSheetStatements": [{"maxAge": 1, "endDate": "2020-03-31", "cash": 68856815, "shortTermInvestments": 392150173, "netReceivables": 45407262, "inventory": 125541557, "otherCurrentAssets": 8126946, "totalCurrentAssets": 640913600, "propertyPlantEquipment": 104195678, "otherAssets": 15606000, "deferredLongTermAssetCharges": 15606000, "totalAssets": 760715278, "accountsPayable": 34169589, "otherCurrentLiab": 7291454, "totalCurrentLiabilities": 75497724, "totalLiab": 75497724, "commonStock": 30000000, "retainedEarnings": 654217554, "capitalSurplus": 1000000, "totalStockholderEquity": 685217554, "netTangibleAssets": 685217554}, {"maxAge": 1, "endDate": "2019-03-31", "cash": 3621341, "shortTermInvestments": 427899121, "netReceivables": 84564916, "inventory": 114540640, "otherCurrentAssets": 3591591, "totalCurrentAssets": 634628733, "propertyPlantEquipment": 149975428, "otherAssets": 1144000, "deferredLongTermAssetCharges": 1144000, "totalAssets": 785748161, "accountsPayable": 20891214, "otherCurrentLiab": 7947250, "totalCurrentLiabilities": 76203585, "totalLiab": 76203585, "commonStock": 30000000, "retainedEarnings": 678544576, "treasuryStock": 679545000, "capitalSurplus": 1000000, "otherStockholderEquity": 679545000, "totalStockholderEquity": 709544576, "netTangibleAssets": 709544576}, {"maxAge": 1, "endDate": "2018-03-31", "cash": 8432842, "shortTermInvestments": 332401844, "netReceivables": 78504776, "inventory": 111975705, "otherCurrentAssets": 6864300, "totalCurrentAssets": 539016281, "propertyPlantEquipment": 118498704, "otherAssets": 2521000, "deferredLongTermAssetCharges": 2521000, "totalAssets": 660035985, "accountsPayable": 12135096, "otherCurrentLiab": 13555911, "totalCurrentLiabilities": 70367126, "totalLiab": 70367126, "commonStock": 30000000, "retainedEarnings": 558668859, "capitalSurplus": 1000000, "totalStockholderEquity": 589668859, "netTangibleAssets": 589668859}, {"maxAge": 1, "endDate": "2017-03-31", "cash": 2927251, "shortTermInvestments": 252781064, "netReceivables": 49877098, "inventory": 92700006, "otherCurrentAssets": 5799886, "totalCurrentAssets": 404858890, "propertyPlantEquipment": 119196305, "otherAssets": -430847, "deferredLongTermAssetCharges": -430847, "totalAssets": 523624348, "accountsPayable": 15132376, "otherCurrentLiab": 10796386, "totalCurrentLiabilities": 56022012, "totalLiab": 56022012, "commonStock": 30000000, "retainedEarnings": 436602336, "capitalSurplus": 1000000, "totalStockholderEquity": 467602336, "netTangibleAssets": 467602336}], "maxAge": 86400}, "earningsTrend": {"trend": [{"maxAge": 1, "period": "0q", "endDate": null, "growth": {}, "earningsEstimate": {"avg": 0.0, "low": 0.0, "high": 0.0, "yearAgoEps": {}, "numberOfAnalysts": 0, "growth": {}}, "revenueEstimate": {"avg": 0, "low": 0, "high": 0, "numberOfAnalysts": 0, "yearAgoRevenue": {}, "growth": {}}, "epsTrend": {"current": 0.0, "7daysAgo": 0.0, "30daysAgo": 0.0, "60daysAgo": 0.0, "90daysAgo": 0.0}, "epsRevisions": {"upLast7days": 0, "upLast30days": 0, "downLast30days": 0, "downLast90days": {}}}, {"maxAge": 1, "period": "+1q", "endDate": null, "growth": {}, "earningsEstimate": {"avg": 0.0, "low": 0.0, "high": 0.0, "yearAgoEps": {}, "numberOfAnalysts": 0, "growth": {}}, "revenueEstimate": {"avg": 0, "low": 0, "high": 0, "numberOfAnalysts": 0, "yearAgoRevenue": {}, "growth": {}}, "epsTrend": {"current": 0.0, "7daysAgo": 0.0, "30daysAgo": 0.0, "60daysAgo": 0.0, "90daysAgo": 0.0}, "epsRevisions": {"upLast7days": 0, "upLast30days": 0, "downLast30days": 0, "downLast90days": {}}}, {"maxAge": 1, "period": "0y", "endDate": null, "growth": {}, "earningsEstimate": {"avg": 0.0, "low": 0.0, "high": 0.0, "yearAgoEps": {}, "numberOfAnalysts": 0, "growth": {}}, "revenueEstimate": {"avg": 0, "low": 0, "high": 0, "numberOfAnalysts": 0, "yearAgoRevenue": {}, "growth": {}}, "epsTrend": {"current": 0.0, "7daysAgo": 0.0, "30daysAgo": 0.0, "60daysAgo": 0.0, "90daysAgo": 0.0}, "epsRevisions": {"upLast7days": 0, "upLast30days": 0, "downLast30days": 0, "downLast90days": {}}}, {"maxAge": 1, "period": "+1y", "endDate": null, "growth": {}, "earningsEstimate": {"avg": 0.0, "low": 0.0, "high": 0.0, "yearAgoEps": {}, "numberOfAnalysts": 0, "growth": {}}, "revenueEstimate": {"avg": 0, "low": 0, "high": 0, "numberOfAnalysts": 0, "yearAgoRevenue": {}, "growth": {}}, "epsTrend": {"current": 0.0, "7daysAgo": 0.0, "30daysAgo": 0.0, "60daysAgo": 0.0, "90daysAgo": 0.0}, "epsRevisions": {"upLast7days": 0, "upLast30days": 0, "downLast30days": 0, "downLast90days": {}}}, {"maxAge": 1, "period": "+5y", "endDate": null, "growth": {}, "earningsEstimate": {"avg": {}, "low": {}, "high": {}, "yearAgoEps": {}, "numberOfAnalysts": {}, "growth": {}}, "revenueEstimate": {"avg": {}, "low": {}, "high": {}, "numberOfAnalysts": {}, "yearAgoRevenue": {}, "growth": {}}, "epsTrend": {"current": {}, "7daysAgo": {}, "30daysAgo": {}, "60daysAgo": {}, "90daysAgo": {}}, "epsRevisions": {"upLast7days": {}, "upLast30days": {}, "downLast30days": {}, "downLast90days": {}}}, {"maxAge": 1, "period": "-5y", "endDate": null, "growth": {}, "earningsEstimate": {"avg": {}, "low": {}, "high": {}, "yearAgoEps": {}, "numberOfAnalysts": {}, "growth": {}}, "revenueEstimate": {"avg": {}, "low": {}, "high": {}, "numberOfAnalysts": {}, "yearAgoRevenue": {}, "growth": {}}, "epsTrend": {"current": {}, "7daysAgo": {}, "30daysAgo": {}, "60daysAgo": {}, "90daysAgo": {}}, "epsRevisions": {"upLast7days": {}, "upLast30days": {}, "downLast30days": {}, "downLast90days": {}}}], "maxAge": 1}, "financialData": {"maxAge": 86400, "currentPrice": 376.35, "recommendationKey": "none", "grossProfits": 201912037, "financialCurrency": "INR"}}}