{"DHUNINV.NS": {"assetProfile": {"address1": "Dhunseri House", "address2": "4A, Woodburn Park", "city": "Kolkata", "zip": "700020", "country": "India", "phone": "91 33 2280 1950", "fax": "91 22 2287 8350", "website": "http://www.dhunseriinvestments.com", "industry": "Capital Markets", "sector": "Financial Services", "longBusinessSummary": "Dhunseri Investments Limited formerly known as DI Marketing Limited. Dhunseri Investments Limited was founded on 4th February, 1997 is based in West Bengal, India.", "fullTimeEmployees": 5, "companyOfficers": [{"maxAge": 1, "name": "Ms. Aruna  Dhanuka", "age": 61, "title": "MD, CEO & Director", "yearBorn": 1959, "fiscalYear": 2020, "totalPay": 0, "exercisedValue": 0, "unexercisedValue": 0}, {"maxAge": 1, "name": "Mr. Pawan Kumar Lath", "age": 55, "title": "Chief Financial Officer", "yearBorn": 1965, "fiscalYear": 2020, "totalPay": 1211560, "exercisedValue": 0, "unexercisedValue": 0}, {"maxAge": 1, "name": "Ms. Priya  Agarwal", "age": 27, "title": "Company Sec. & Compliance Officer", "yearBorn": 1993, "fiscalYear": 2020, "totalPay": 326332, "exercisedValue": 0, "unexercisedValue": 0}, {"maxAge": 1, "name": "Ms. Gajal  Garodia", "age": 28, "title": "Accounts Exec.", "yearBorn": 1992, "exercisedValue": 0, "unexercisedValue": 0}, {"maxAge": 1, "name": "Mr. Pramod K. Poddar", "title": "Mang. of Jaipur Tea Factory", "exercisedValue": 0, "unexercisedValue": 0}, {"maxAge": 1, "name": "Mr. Hari Prasad Bhuwania", "age": 82, "title": "Advisor", "yearBorn": 1938, "exercisedValue": 0, "unexercisedValue": 0}], "compensationAsOfEpochDate": "2020-12-31 05:30:00", "maxAge": 86400}, "cashflowStatementHistory": {"cashflowStatements": [{"maxAge": 1, "endDate": "2020-03-31", "netIncome": 34010000, "depreciation": 205925000, "changeToNetincome": 108892000, "changeToAccountReceivables": -46000, "changeToLiabilities": 0, "changeToInventory": 897000, "changeToOperatingActivities": 134929000, "totalCashFromOperatingActivities": 484680000, "capitalExpenditures": -84594000, "investments": -101369000, "otherCashflowsFromInvestingActivities": 135725000, "totalCashflowsFromInvestingActivities": -48084000, "dividendsPaid": -82993000, "netBorrowings": -176936000, "otherCashflowsFromFinancingActivities": -52909000, "totalCashFromFinancingActivities": -312838000, "effectOfExchangeRate": -1138000, "changeInCash": 122620000}, {"maxAge": 1, "endDate": "2019-03-31", "netIncome": 289723000, "depreciation": 45385000, "changeToNetincome": -284583000, "changeToAccountReceivables": 1196001000, "changeToLiabilities": 0, "changeToInventory": 706528000, "changeToOperatingActivities": -1863424000, "totalCashFromOperatingActivities": 89692000, "capitalExpenditures": -100694000, "investments": -87096000, "otherCashflowsFromInvestingActivities": 396240000, "totalCashflowsFromInvestingActivities": 269755000, "dividendsPaid": -62471000, "netBorrowings": -469971000, "otherCashflowsFromFinancingActivities": -229704000, "totalCashFromFinancingActivities": -762146000, "effectOfExchangeRate": -1387000, "changeInCash": -404086000}, {"maxAge": 1, "endDate": "2018-03-31", "netIncome": 991396000, "depreciation": 314821000, "changeToNetincome": -314944000, "changeToAccountReceivables": -926530000, "changeToLiabilities": 2538607000, "changeToInventory": -1585130000, "changeToOperatingActivities": 321475000, "totalCashFromOperatingActivities": 1339695000, "capitalExpenditures": -177704000, "investments": 862545000, "otherCashflowsFromInvestingActivities": 297397000, "totalCashflowsFromInvestingActivities": 974647000, "dividendsPaid": -93426000, "netBorrowings": -744155000, "otherCashflowsFromFinancingActivities": -522782000, "totalCashFromFinancingActivities": -1360363000, "effectOfExchangeRate": -1387000, "changeInCash": 953979000}, {"maxAge": 1, "endDate": "2017-03-31", "netIncome": 3625874000, "depreciation": 364859000, "changeToNetincome": -2520367000, "changeToAccountReceivables": -2296205000, "changeToLiabilities": 1480035000, "changeToInventory": -2623345000, "changeToOperatingActivities": -2198388000, "totalCashFromOperatingActivities": -4167537000, "capitalExpenditures": -177704000, "investments": -3479335000, "otherCashflowsFromInvestingActivities": 207947000, "totalCashflowsFromInvestingActivities": -2645923000, "dividendsPaid": -85000, "netBorrowings": 8863445000, "otherCashflowsFromFinancingActivities": -1787043000, "totalCashFromFinancingActivities": 7076317000, "effectOfExchangeRate": -1387000, "changeInCash": 262857000}], "maxAge": 86400}, "institutionOwnership": {"ownershipList": [], "maxAge": 1}, "majorHoldersBreakdown": {"maxAge": 1, "insidersPercentHeld": 0.83177, "institutionsPercentHeld": 0.0, "institutionsFloatPercentHeld": 0.0, "institutionsCount": 0}, "balanceSheetHistoryQuarterly": {"balanceSheetStatements": [{"maxAge": 1, "endDate": "2020-12-31", "totalStockholderEquity": 14463976000, "netTangibleAssets": 14456963000}, {"maxAge": 1, "endDate": "2020-09-30", "cash": 382685000, "netReceivables": 24057000, "inventory": 2743000, "otherCurrentAssets": -8650000, "totalCurrentAssets": 400835000, "longTermInvestments": 14715478000, "propertyPlantEquipment": 866971000, "goodWill": 6981000, "intangibleAssets": 32000, "otherAssets": 4799286000, "deferredLongTermAssetCharges": 115441000, "totalAssets": 20789583000, "accountsPayable": 30981000, "otherCurrentLiab": 118140000, "longTermDebt": 557030000, "otherLiab": 1623669000, "minorityInterest": 3731863000, "totalCurrentLiabilities": 149121000, "totalLiab": 2593744000, "commonStock": 60972000, "treasuryStock": 14403004000, "otherStockholderEquity": 14403004000, "totalStockholderEquity": 14463976000, "netTangibleAssets": 14456963000}, {"maxAge": 1, "endDate": "2020-06-30", "totalStockholderEquity": 13690331000, "netTangibleAssets": 13683297000}, {"maxAge": 1, "endDate": "2020-03-31", "cash": 275393000, "shortTermInvestments": 38000000, "netReceivables": 375560000, "inventory": 2881000, "otherCurrentAssets": 319188000, "totalCurrentAssets": 1016336000, "longTermInvestments": 17250425000, "propertyPlantEquipment": 883392000, "goodWill": 6981000, "intangibleAssets": 53000, "otherAssets": 117185000, "totalAssets": 19274372000, "accountsPayable": 38585000, "shortLongTermDebt": 171087000, "otherCurrentLiab": 28261000, "longTermDebt": 492047000, "otherLiab": 1374597000, "minorityInterest": 3189064000, "totalCurrentLiabilities": 434670000, "totalLiab": 2394977000, "commonStock": 60972000, "retainedEarnings": 7214394000, "treasuryStock": 6414965000, "otherStockholderEquity": 6414965000, "totalStockholderEquity": 13690331000, "netTangibleAssets": 13683297000}], "maxAge": 86400}, "indexTrend": {"maxAge": 1, "symbol": "SP5", "peRatio": 19.7411, "pegRatio": 1.34172, "estimates": [{"period": "0q", "growth": 0.549}, {"period": "+1q", "growth": 0.431}, {"period": "0y", "growth": 0.305}, {"period": "+1y", "growth": 0.109}, {"period": "+5y", "growth": 0.120865}, {"period": "-5y"}]}, "defaultKeyStatistics": {"maxAge": 1, "priceHint": 2, "enterpriseValue": 5997468672, "profitMargins": 0.34566003, "floatShares": 994030, "sharesOutstanding": 6097180, "heldPercentInsiders": 0.83177, "heldPercentInstitutions": 0.0, "beta": 1.37597, "category": null, "bookValue": 2372.237, "priceToBook": 0.12235287, "fundFamily": null, "legalType": null, "lastFiscalYearEnd": "2020-03-31 05:30:00", "nextFiscalYearEnd": "2022-03-31 05:30:00", "mostRecentQuarter": "2020-12-31 05:30:00", "netIncomeToCommon": 564376000, "trailingEps": 92.56, "lastSplitFactor": null, "enterpriseToRevenue": 3.673, "enterpriseToEbitda": 7.576}, "summaryProfile": {"address1": "Dhunseri House", "address2": "4A, Woodburn Park", "city": "Kolkata", "zip": "700020", "country": "India", "phone": "91 33 2280 1950", "fax": "91 22 2287 8350", "website": "http://www.dhunseriinvestments.com", "industry": "Capital Markets", "sector": "Financial Services", "longBusinessSummary": "Dhunseri Investments Limited formerly known as DI Marketing Limited. Dhunseri Investments Limited was founded on 4th February, 1997 is based in West Bengal, India.", "fullTimeEmployees": 5, "companyOfficers": [], "maxAge": 86400}, "netSharePurchaseActivity": {"maxAge": 1, "period": "6m", "buyInfoCount": 0, "buyInfoShares": 0, "sellInfoCount": 0, "netInfoCount": 0, "netInfoShares": 0, "netPercentInsiderShares": 0.0, "totalInsiderShares": 5071484}, "insiderTransactions": {"transactions": [{"maxAge": 1, "shares": 5000, "filerUrl": "", "transactionText": "Acquisition at price 0.00 per share.", "filerName": "Khaitan (Haigreve)", "filerRelation": "UNREPORTED", "moneyText": "", "startDate": "2021-02-23", "ownership": "D"}, {"maxAge": 1, "shares": 5000, "filerUrl": "", "transactionText": "Sale at price 0.00 per share.", "filerName": "Tarugreve Trust", "filerRelation": "Promoter", "moneyText": "", "startDate": "2021-02-23", "ownership": "D"}, {"maxAge": 1, "shares": 5000, "filerUrl": "", "transactionText": "", "filerName": "Tarugreve Trust", "filerRelation": "Promoter", "moneyText": "", "startDate": "2020-02-28", "ownership": "D"}, {"maxAge": 1, "shares": 70000, "filerUrl": "", "transactionText": "", "filerName": "Dhanuka (Mrigank)", "filerRelation": "Promoter", "moneyText": "", "startDate": "2016-02-22", "ownership": "D"}, {"maxAge": 1, "shares": 70000, "filerUrl": "", "transactionText": "", "filerName": "Mrigank Dhaunka Trust", "filerRelation": "Institution- Corporation", "moneyText": "", "startDate": "2016-02-22", "ownership": "D"}, {"maxAge": 1, "shares": 311037, "filerUrl": "", "transactionText": "", "filerName": "Mint Investments, Ltd.", "filerRelation": "Promoter", "moneyText": "", "startDate": "2015-09-09", "ownership": "D"}, {"maxAge": 1, "shares": 1897527, "filerUrl": "", "transactionText": "", "filerName": "Mint Investments, Ltd.", "filerRelation": "Promoter", "moneyText": "", "startDate": "2011-10-21", "ownership": "D"}, {"maxAge": 1, "shares": 1897527, "filerUrl": "", "transactionText": "", "filerName": "Yves Lombard Asset Management AG", "filerRelation": "Promoter", "moneyText": "", "startDate": "2011-10-21", "ownership": "D"}], "maxAge": 1}, "quoteType": {"exchange": "NSI", "quoteType": "EQUITY", "symbol": "DHUNINV.NS", "underlyingSymbol": "DHUNINV.NS", "shortName": "DHUNSERI INVESTMEN", "longName": "Dhunseri Investments Limited", "firstTradeDateEpochUtc": "2011-03-18 09:15:00", "timeZoneFullName": "Asia/Kolkata", "timeZoneShortName": "IST", "uuid": "aafb4f97-6740-362a-80f5-6bee5d8e1631", "gmtOffSetMilliseconds": 19800000, "maxAge": 1}, "incomeStatementHistory": {"incomeStatementHistory": [{"maxAge": 1, "endDate": "2020-03-31", "totalRevenue": 1059081000, "costOfRevenue": 118077000, "grossProfit": 941004000, "researchDevelopment": {}, "sellingGeneralAdministrative": 296025000, "nonRecurring": {}, "otherOperatingExpenses": 220336000, "totalOperatingExpenses": 840083000, "operatingIncome": 218998000, "totalOtherIncomeExpenseNet": -581285000, "ebit": 218998000, "interestExpense": -67272000, "incomeBeforeTax": -362287000, "incomeTaxExpense": -136168000, "minorityInterest": 3189064000, "netIncomeFromContinuingOps": -226119000, "discontinuedOperations": {}, "extraordinaryItems": {}, "effectOfAccountingCharges": {}, "otherItems": {}, "netIncome": 34010000, "netIncomeApplicableToCommonShares": 34010000}, {"maxAge": 1, "endDate": "2019-03-31", "totalRevenue": 7907578000, "costOfRevenue": 6393290000, "grossProfit": 1514288000, "researchDevelopment": {}, "sellingGeneralAdministrative": 345776000, "nonRecurring": {}, "otherOperatingExpenses": 644808000, "totalOperatingExpenses": 7429321000, "operatingIncome": 478257000, "totalOtherIncomeExpenseNet": -79694000, "ebit": 478257000, "interestExpense": -229704000, "incomeBeforeTax": 398563000, "incomeTaxExpense": -23383000, "minorityInterest": 3451420000, "netIncomeFromContinuingOps": 421946000, "discontinuedOperations": {}, "extraordinaryItems": {}, "effectOfAccountingCharges": {}, "otherItems": {}, "netIncome": 289723000, "netIncomeApplicableToCommonShares": 289723000}, {"maxAge": 1, "endDate": "2018-03-31", "totalRevenue": 27713242000, "costOfRevenue": 22426271000, "grossProfit": 5286971000, "researchDevelopment": {}, "sellingGeneralAdministrative": 425127000, "nonRecurring": {}, "otherOperatingExpenses": 2514488000, "totalOperatingExpenses": 25680707000, "operatingIncome": 2032535000, "totalOtherIncomeExpenseNet": -257841000, "ebit": 2032535000, "interestExpense": -513044000, "incomeBeforeTax": 1774694000, "incomeTaxExpense": 288810000, "minorityInterest": 4074453000, "netIncomeFromContinuingOps": 1485884000, "discontinuedOperations": {}, "extraordinaryItems": {}, "effectOfAccountingCharges": {}, "otherItems": {}, "netIncome": 991396000, "netIncomeApplicableToCommonShares": 991396000}, {"maxAge": 1, "endDate": "2017-03-31", "totalRevenue": 23345930000, "costOfRevenue": 18216958000, "grossProfit": 5128972000, "researchDevelopment": {}, "sellingGeneralAdministrative": 229439000, "nonRecurring": {}, "otherOperatingExpenses": 2510468000, "totalOperatingExpenses": 21321724000, "operatingIncome": 2024206000, "totalOtherIncomeExpenseNet": 2438812000, "ebit": 2024206000, "interestExpense": -639101000, "incomeBeforeTax": 4463018000, "incomeTaxExpense": -436860000, "minorityInterest": 3864433000, "netIncomeFromContinuingOps": 4899878000, "discontinuedOperations": 1618760000, "extraordinaryItems": {}, "effectOfAccountingCharges": {}, "otherItems": {}, "netIncome": 3625874000, "netIncomeApplicableToCommonShares": 3625874000}], "maxAge": 86400}, "fundOwnership": {"ownershipList": [], "maxAge": 1}, "summaryDetail": {"maxAge": 1, "priceHint": 2, "previousClose": 299.7, "open": 296.35, "dayLow": 290.0, "dayHigh": 298.0, "regularMarketPreviousClose": 299.7, "regularMarketOpen": 296.35, "regularMarketDayLow": 290.0, "regularMarketDayHigh": 298.0, "dividendRate": 1.5, "dividendYield": 0.005, "exDividendDate": "2020-09-17 05:30:00", "payoutRatio": 0.0162, "fiveYearAvgDividendYield": 0.67, "beta": 1.37597, "trailingPE": 3.135804, "volume": 1023, "regularMarketVolume": 1023, "averageVolume": 8838, "averageVolume10days": 2263, "averageDailyVolume10Day": 2263, "bid": 0.0, "ask": 0.0, "bidSize": 0, "askSize": 0, "marketCap": 1773543552, "fiftyTwoWeekLow": 124.0, "fiftyTwoWeekHigh": 347.0, "priceToSalesTrailing12Months": 1.0862163, "fiftyDayAverage": 274.34558, "twoHundredDayAverage": 251.1351, "trailingAnnualDividendRate": 1.5, "trailingAnnualDividendYield": 0.005005005, "currency": "INR", "fromCurrency": null, "lastMarket": null, "algorithm": null, "tradeable": false}, "incomeStatementHistoryQuarterly": {"incomeStatementHistory": [{"maxAge": 1, "endDate": "2020-12-31", "totalRevenue": 741149000, "costOfRevenue": 47321000, "grossProfit": 693828000, "researchDevelopment": {}, "sellingGeneralAdministrative": 72727000, "nonRecurring": {}, "otherOperatingExpenses": 76830000, "totalOperatingExpenses": 262866000, "operatingIncome": 478283000, "totalOtherIncomeExpenseNet": 428800000, "ebit": 478283000, "interestExpense": -11547000, "incomeBeforeTax": 907083000, "incomeTaxExpense": 190765000, "minorityInterest": {}, "netIncomeFromContinuingOps": 716318000, "discontinuedOperations": {}, "extraordinaryItems": {}, "effectOfAccountingCharges": {}, "otherItems": {}, "netIncome": 440768000, "netIncomeApplicableToCommonShares": 440768000}, {"maxAge": 1, "endDate": "2020-09-30", "totalRevenue": 371978000, "costOfRevenue": 45754000, "grossProfit": 326224000, "researchDevelopment": {}, "sellingGeneralAdministrative": 66710000, "nonRecurring": {}, "otherOperatingExpenses": 63456000, "totalOperatingExpenses": 240067000, "operatingIncome": 131911000, "totalOtherIncomeExpenseNet": 667418000, "ebit": 131911000, "interestExpense": -12941000, "incomeBeforeTax": 799329000, "incomeTaxExpense": 168220000, "minorityInterest": 3731863000, "netIncomeFromContinuingOps": 631109000, "discontinuedOperations": {}, "extraordinaryItems": {}, "effectOfAccountingCharges": {}, "otherItems": {}, "netIncome": 416499000, "netIncomeApplicableToCommonShares": 416499000}, {"maxAge": 1, "endDate": "2020-06-30", "totalRevenue": 477540000, "costOfRevenue": 35458000, "grossProfit": 442082000, "researchDevelopment": {}, "sellingGeneralAdministrative": 64313000, "nonRecurring": {}, "otherOperatingExpenses": 51006000, "totalOperatingExpenses": 213422000, "operatingIncome": 264118000, "totalOtherIncomeExpenseNet": -114627000, "ebit": 264118000, "interestExpense": -14178000, "incomeBeforeTax": 149491000, "incomeTaxExpense": 5772000, "minorityInterest": 3731863000, "netIncomeFromContinuingOps": 143719000, "discontinuedOperations": {}, "extraordinaryItems": {}, "effectOfAccountingCharges": {}, "otherItems": {}, "netIncome": 129088000, "netIncomeApplicableToCommonShares": 129088000}, {"maxAge": 1, "endDate": "2020-03-31", "totalRevenue": 86462000, "costOfRevenue": 29874000, "grossProfit": 56588000, "researchDevelopment": {}, "sellingGeneralAdministrative": 112083000, "nonRecurring": {}, "otherOperatingExpenses": 8353000, "totalOperatingExpenses": 211220000, "operatingIncome": -124758000, "totalOtherIncomeExpenseNet": -660139000, "ebit": -124758000, "interestExpense": -14633000, "incomeBeforeTax": -784897000, "incomeTaxExpense": -125641000, "minorityInterest": 3189064000, "netIncomeFromContinuingOps": -659256000, "discontinuedOperations": {}, "extraordinaryItems": {}, "effectOfAccountingCharges": {}, "otherItems": {}, "netIncome": -421979000, "netIncomeApplicableToCommonShares": -421979000}], "maxAge": 86400}, "cashflowStatementHistoryQuarterly": {"cashflowStatements": [{"maxAge": 1, "endDate": "2020-12-31", "netIncome": 440768000, "changeToLiabilities": 0}, {"maxAge": 1, "endDate": "2020-09-30", "netIncome": 416499000, "changeToLiabilities": 0}, {"maxAge": 1, "endDate": "2020-06-30", "netIncome": 129088000, "changeToLiabilities": 0}, {"maxAge": 1, "endDate": "2020-03-31", "netIncome": -421979000, "changeToLiabilities": 0}], "maxAge": 86400}, "insiderHolders": {"holders": [{"maxAge": 1, "name": "Dhanuka (Mrigank)", "relation": "Promoter", "url": "", "transactionDescription": "Other", "latestTransDate": "2016-02-22", "positionDirect": 70000, "positionDirectDate": "2016-02-22"}, {"maxAge": 1, "name": "Khaitan (Haigreve)", "relation": "UNREPORTED", "url": "", "transactionDescription": "Acquisition", "latestTransDate": "2021-02-23", "positionDirect": 5000, "positionDirectDate": "2021-02-23"}, {"maxAge": 1, "name": "Mint Investments, Ltd.", "relation": "Promoter", "url": "", "transactionDescription": "Acquisition", "latestTransDate": "2015-09-09", "positionDirect": 2753705, "positionDirectDate": "2015-09-09"}, {"maxAge": 1, "name": "Mrigank Dhaunka Trust", "relation": "Institution- Corporation", "url": "", "transactionDescription": "Other", "latestTransDate": "2016-02-22", "positionDirect": 0, "positionDirectDate": "2016-02-22"}, {"maxAge": 1, "name": "Tarugreve Trust", "relation": "Promoter", "url": "", "transactionDescription": "Sale", "latestTransDate": "2021-02-23", "positionDirect": 0, "positionDirectDate": "2021-02-23"}, {"maxAge": 1, "name": "Yves Lombard Asset Management AG", "relation": "Promoter", "url": "", "transactionDescription": "Sale", "latestTransDate": "2011-10-21", "positionDirect": 0, "positionDirectDate": "2011-10-21"}], "maxAge": 1}, "calendarEvents": {"maxAge": 1, "earnings": {"earningsDate": []}, "exDividendDate": "2020-09-17 05:30:00"}, "upgradeDowngradeHistory": {"history": [], "maxAge": 86400}, "price": {"maxAge": 1, "regularMarketChangePercent": -0.031531572, "regularMarketChange": -9.450012, "regularMarketTime": "2021-04-30 15:29:15", "priceHint": 2, "regularMarketPrice": 290.25, "regularMarketDayHigh": 298.0, "regularMarketDayLow": 290.0, "regularMarketVolume": 1023, "averageDailyVolume10Day": 2263, "averageDailyVolume3Month": 8838, "regularMarketPreviousClose": 299.7, "regularMarketSource": "FREE_REALTIME", "regularMarketOpen": 296.35, "exchange": "NSI", "exchangeName": "NSE", "exchangeDataDelayedBy": 15, "marketState": "CLOSED", "quoteType": "EQUITY", "symbol": "DHUNINV.NS", "underlyingSymbol": null, "shortName": "DHUNSERI INVESTMEN", "longName": "Dhunseri Investments Limited", "currency": "INR", "quoteSourceName": "Delayed Quote", "currencySymbol": "\u20b9", "fromCurrency": null, "lastMarket": null, "marketCap": 1773543552}, "balanceSheetHistory": {"balanceSheetStatements": [{"maxAge": 1, "endDate": "2020-03-31", "cash": 275393000, "shortTermInvestments": 38000000, "netReceivables": 375560000, "inventory": 2881000, "otherCurrentAssets": 319188000, "totalCurrentAssets": 1016336000, "longTermInvestments": 17250425000, "propertyPlantEquipment": 883392000, "goodWill": 6981000, "intangibleAssets": 53000, "otherAssets": 117185000, "totalAssets": 19274372000, "accountsPayable": 38585000, "shortLongTermDebt": 171087000, "otherCurrentLiab": 28261000, "longTermDebt": 492047000, "otherLiab": 1374597000, "minorityInterest": 3189064000, "totalCurrentLiabilities": 434670000, "totalLiab": 2394977000, "commonStock": 60972000, "retainedEarnings": 7214394000, "treasuryStock": 6414965000, "otherStockholderEquity": 6414965000, "totalStockholderEquity": 13690331000, "netTangibleAssets": 13683297000}, {"maxAge": 1, "endDate": "2019-03-31", "cash": 190566000, "shortTermInvestments": 36000, "netReceivables": 1541457000, "inventory": 3778000, "otherCurrentAssets": 353564000, "totalCurrentAssets": 2091888000, "longTermInvestments": 17176315000, "propertyPlantEquipment": 615197000, "goodWill": 76413000, "intangibleAssets": 126000, "otherAssets": 172950000, "totalAssets": 20132889000, "accountsPayable": 94079000, "shortLongTermDebt": 66461000, "otherCurrentLiab": 11152000, "longTermDebt": 631163000, "otherLiab": 1519231000, "minorityInterest": 3451420000, "totalCurrentLiabilities": 190168000, "totalLiab": 2340562000, "commonStock": 60972000, "retainedEarnings": 7347614000, "treasuryStock": 6932321000, "otherStockholderEquity": 6932321000, "totalStockholderEquity": 14340907000, "netTangibleAssets": 14264368000}, {"maxAge": 1, "endDate": "2018-03-31", "cash": 1801967000, "shortTermInvestments": 3004744000, "netReceivables": 3663594000, "inventory": 4208475000, "otherCurrentAssets": 1182129000, "totalCurrentAssets": 13900808000, "longTermInvestments": 5853053000, "propertyPlantEquipment": 6027242000, "goodWill": 426510000, "intangibleAssets": 47676000, "otherAssets": 958520000, "totalAssets": 27213809000, "accountsPayable": 4027881000, "shortLongTermDebt": 607122000, "otherCurrentLiab": 198695000, "longTermDebt": 3141710000, "otherLiab": 501024000, "minorityInterest": 4074453000, "totalCurrentLiabilities": 9272092000, "totalLiab": 12914826000, "commonStock": 60972000, "retainedEarnings": 6064661000, "treasuryStock": 4098897000, "otherStockholderEquity": 4098897000, "totalStockholderEquity": 10224530000, "netTangibleAssets": 9750344000}, {"maxAge": 1, "endDate": "2017-03-31", "cash": 1078668000, "shortTermInvestments": 524488000, "netReceivables": 3008683000, "inventory": 2623345000, "otherCurrentAssets": 1525277000, "totalCurrentAssets": 8786767000, "longTermInvestments": 8189325000, "propertyPlantEquipment": 5953687000, "goodWill": 336150000, "intangibleAssets": 1483000, "otherAssets": 372058000, "totalAssets": 23639470000, "accountsPayable": 1489274000, "shortLongTermDebt": 475266000, "otherCurrentLiab": 236062000, "longTermDebt": 2173473000, "otherLiab": 251372000, "minorityInterest": 3864433000, "totalCurrentLiabilities": 8451713000, "totalLiab": 10876558000, "commonStock": 60972000, "retainedEarnings": 5139360000, "treasuryStock": 3698147000, "otherStockholderEquity": 3698147000, "totalStockholderEquity": 8898479000, "netTangibleAssets": 8560846000}], "maxAge": 86400}, "financialData": {"maxAge": 86400, "currentPrice": 290.25, "recommendationKey": "none", "totalCash": 382684992, "totalCashPerShare": 62.764, "ebitda": 791600256, "totalDebt": 820953984, "totalRevenue": 1632771968, "debtToEquity": 4.512, "revenuePerShare": 267.78, "grossProfits": 941004000, "revenueGrowth": 1.5, "grossMargins": 0.90297997, "ebitdaMargins": 0.48481998, "operatingMargins": 0.4319, "profitMargins": 0.34566003, "financialCurrency": "INR"}}}