{"DHUNINV.BO": {"cashflowStatementHistory": {"cashflowStatements": [{"maxAge": 1, "endDate": "2020-03-31", "netIncome": 34010000, "depreciation": 205925000, "changeToNetincome": 108892000, "changeToAccountReceivables": -46000, "changeToLiabilities": 0, "changeToInventory": 897000, "changeToOperatingActivities": 134929000, "totalCashFromOperatingActivities": 484680000, "capitalExpenditures": -84594000, "investments": -101369000, "otherCashflowsFromInvestingActivities": 135725000, "totalCashflowsFromInvestingActivities": -48084000, "dividendsPaid": -82993000, "netBorrowings": -176936000, "otherCashflowsFromFinancingActivities": -52909000, "totalCashFromFinancingActivities": -312838000, "effectOfExchangeRate": -1138000, "changeInCash": 122620000}, {"maxAge": 1, "endDate": "2019-03-31", "netIncome": 289723000, "depreciation": 45385000, "changeToNetincome": -284583000, "changeToAccountReceivables": 1196001000, "changeToLiabilities": 0, "changeToInventory": 706528000, "changeToOperatingActivities": -1863424000, "totalCashFromOperatingActivities": 89692000, "capitalExpenditures": -100694000, "investments": -87096000, "otherCashflowsFromInvestingActivities": 396240000, "totalCashflowsFromInvestingActivities": 269755000, "dividendsPaid": -62471000, "netBorrowings": -469971000, "otherCashflowsFromFinancingActivities": -229704000, "totalCashFromFinancingActivities": -762146000, "effectOfExchangeRate": -1387000, "changeInCash": -404086000}, {"maxAge": 1, "endDate": "2018-03-31", "netIncome": 991396000, "depreciation": 314821000, "changeToNetincome": -314944000, "changeToAccountReceivables": -926530000, "changeToLiabilities": 2538607000, "changeToInventory": -1585130000, "changeToOperatingActivities": 321475000, "totalCashFromOperatingActivities": 1339695000, "capitalExpenditures": -177704000, "investments": 862545000, "otherCashflowsFromInvestingActivities": 297397000, "totalCashflowsFromInvestingActivities": 974647000, "dividendsPaid": -93426000, "netBorrowings": -744155000, "otherCashflowsFromFinancingActivities": -522782000, "totalCashFromFinancingActivities": -1360363000, "effectOfExchangeRate": -1387000, "changeInCash": 953979000}, {"maxAge": 1, "endDate": "2017-03-31", "netIncome": 3625874000, "depreciation": 364859000, "changeToNetincome": -2520367000, "changeToAccountReceivables": -2296205000, "changeToLiabilities": 1480035000, "changeToInventory": -2623345000, "changeToOperatingActivities": -2198388000, "totalCashFromOperatingActivities": -4167537000, "capitalExpenditures": -177704000, "investments": -3479335000, "otherCashflowsFromInvestingActivities": 207947000, "totalCashflowsFromInvestingActivities": -2645923000, "dividendsPaid": -85000, "netBorrowings": 8863445000, "otherCashflowsFromFinancingActivities": -1787043000, "totalCashFromFinancingActivities": 7076317000, "effectOfExchangeRate": -1387000, "changeInCash": 262857000}], "maxAge": 86400}, "institutionOwnership": {"maxAge": 1, "ownershipList": []}, "balanceSheetHistoryQuarterly": {"balanceSheetStatements": [{"maxAge": 1, "endDate": "2020-06-30", "totalStockholderEquity": 13690331000, "netTangibleAssets": 13683297000}, {"maxAge": 1, "endDate": "2020-03-31", "cash": 275393000, "shortTermInvestments": 38000000, "netReceivables": 375560000, "inventory": 2881000, "otherCurrentAssets": 319188000, "totalCurrentAssets": 1016336000, "longTermInvestments": 17250425000, "propertyPlantEquipment": 883392000, "goodWill": 6981000, "intangibleAssets": 53000, "otherAssets": 117185000, "totalAssets": 19274372000, "accountsPayable": 38585000, "shortLongTermDebt": 171087000, "otherCurrentLiab": 28261000, "longTermDebt": 492047000, "otherLiab": 1374597000, "minorityInterest": 3189064000, "totalCurrentLiabilities": 434670000, "totalLiab": 2394977000, "commonStock": 60972000, "retainedEarnings": 7214394000, "treasuryStock": 6414965000, "otherStockholderEquity": 6414965000, "totalStockholderEquity": 13690331000, "netTangibleAssets": 13683297000}, {"maxAge": 1, "endDate": "2019-12-31", "totalStockholderEquity": 11292516000, "netTangibleAssets": 10969716000}, {"maxAge": 1, "endDate": "2019-09-30", "cash": 170382000, "shortTermInvestments": 15040775000, "netReceivables": 1244515000, "totalCurrentAssets": 16455672000, "propertyPlantEquipment": 619117000, "goodWill": 75568000, "intangibleAssets": 247232000, "otherAssets": 430142000, "totalAssets": 17827731000, "accountsPayable": 54506000, "longTermDebt": 548872000, "otherLiab": 1762801000, "minorityInterest": 3919854000, "totalCurrentLiabilities": 54506000, "totalLiab": 2615361000, "commonStock": 60972000, "treasuryStock": 11231544000, "otherStockholderEquity": 11231544000, "totalStockholderEquity": 11292516000, "netTangibleAssets": 10969716000}], "maxAge": 86400}, "indexTrend": {"maxAge": 1, "symbol": "SP5", "peRatio": 19.7411, "pegRatio": 1.34172, "estimates": [{"period": "0q", "growth": 0.549}, {"period": "+1q", "growth": 0.431}, {"period": "0y", "growth": 0.305}, {"period": "+1y", "growth": 0.109}, {"period": "+5y", "growth": 0.120865}, {"period": "-5y"}]}, "insiderTransactions": {"transactions": [{"maxAge": 1, "shares": 5000, "filerUrl": "", "transactionText": "", "filerName": "Tarugreve Trust", "filerRelation": "Promoter", "moneyText": "", "startDate": "2020-02-28", "ownership": "D"}], "maxAge": 1}, "quoteType": {"exchange": "BSE", "quoteType": "EQUITY", "symbol": "DHUNINV.BO", "underlyingSymbol": "DHUNINV.BO", "shortName": "DHUNSERI INVESTMENTS LTD.", "longName": "Dhunseri Investments Limited", "firstTradeDateEpochUtc": "2011-03-18 09:15:00", "timeZoneFullName": "Asia/Kolkata", "timeZoneShortName": "IST", "uuid": "99f629d7-ea7d-3486-921b-dabf1f10f277", "messageBoardId": null, "gmtOffSetMilliseconds": 19800000, "maxAge": 1}, "incomeStatementHistory": {"incomeStatementHistory": [{"maxAge": 1, "endDate": "2020-03-31", "totalRevenue": 1059081000, "costOfRevenue": 118077000, "grossProfit": 941004000, "researchDevelopment": {}, "sellingGeneralAdministrative": 296025000, "nonRecurring": {}, "otherOperatingExpenses": 220336000, "totalOperatingExpenses": 840083000, "operatingIncome": 218998000, "totalOtherIncomeExpenseNet": -581285000, "ebit": 218998000, "interestExpense": -67272000, "incomeBeforeTax": -362287000, "incomeTaxExpense": -136168000, "minorityInterest": 3189064000, "netIncomeFromContinuingOps": -226119000, "discontinuedOperations": {}, "extraordinaryItems": {}, "effectOfAccountingCharges": {}, "otherItems": {}, "netIncome": 34010000, "netIncomeApplicableToCommonShares": 34010000}, {"maxAge": 1, "endDate": "2019-03-31", "totalRevenue": 7907578000, "costOfRevenue": 6393290000, "grossProfit": 1514288000, "researchDevelopment": {}, "sellingGeneralAdministrative": 345776000, "nonRecurring": {}, "otherOperatingExpenses": 644808000, "totalOperatingExpenses": 7429321000, "operatingIncome": 478257000, "totalOtherIncomeExpenseNet": -79694000, "ebit": 478257000, "interestExpense": -229704000, "incomeBeforeTax": 398563000, "incomeTaxExpense": -23383000, "minorityInterest": 3451420000, "netIncomeFromContinuingOps": 421946000, "discontinuedOperations": {}, "extraordinaryItems": {}, "effectOfAccountingCharges": {}, "otherItems": {}, "netIncome": 289723000, "netIncomeApplicableToCommonShares": 289723000}, {"maxAge": 1, "endDate": "2018-03-31", "totalRevenue": 27713242000, "costOfRevenue": 22426271000, "grossProfit": 5286971000, "researchDevelopment": {}, "sellingGeneralAdministrative": 425127000, "nonRecurring": {}, "otherOperatingExpenses": 2514488000, "totalOperatingExpenses": 25680707000, "operatingIncome": 2032535000, "totalOtherIncomeExpenseNet": -257841000, "ebit": 2032535000, "interestExpense": -513044000, "incomeBeforeTax": 1774694000, "incomeTaxExpense": 288810000, "minorityInterest": 4074453000, "netIncomeFromContinuingOps": 1485884000, "discontinuedOperations": {}, "extraordinaryItems": {}, "effectOfAccountingCharges": {}, "otherItems": {}, "netIncome": 991396000, "netIncomeApplicableToCommonShares": 991396000}, {"maxAge": 1, "endDate": "2017-03-31", "totalRevenue": 23345930000, "costOfRevenue": 18216958000, "grossProfit": 5128972000, "researchDevelopment": {}, "sellingGeneralAdministrative": 229439000, "nonRecurring": {}, "otherOperatingExpenses": 2510468000, "totalOperatingExpenses": 21321724000, "operatingIncome": 2024206000, "totalOtherIncomeExpenseNet": 2438812000, "ebit": 2024206000, "interestExpense": -639101000, "incomeBeforeTax": 4463018000, "incomeTaxExpense": -436860000, "minorityInterest": 3864433000, "netIncomeFromContinuingOps": 4899878000, "discontinuedOperations": 1618760000, "extraordinaryItems": {}, "effectOfAccountingCharges": {}, "otherItems": {}, "netIncome": 3625874000, "netIncomeApplicableToCommonShares": 3625874000}], "maxAge": 86400}, "fundOwnership": {"maxAge": 1, "ownershipList": []}, "summaryDetail": {"maxAge": 1, "priceHint": 2, "previousClose": 300.35, "open": 296.6, "dayLow": 284.65, "dayHigh": 296.6, "regularMarketPreviousClose": 300.35, "regularMarketOpen": 296.6, "regularMarketDayLow": 284.65, "regularMarketDayHigh": 296.6, "trailingPE": 23.104519, "volume": 266, "regularMarketVolume": 266, "averageVolume": 1333, "averageVolume10days": 6078, "averageDailyVolume10Day": 6078, "bid": 286.0, "ask": 291.9, "bidSize": 0, "askSize": 0, "marketCap": 1766962688, "fiftyTwoWeekLow": 108.0, "fiftyTwoWeekHigh": 346.1, "fiftyDayAverage": 257.51324, "twoHundredDayAverage": 239.85147, "trailingAnnualDividendRate": 1.5, "trailingAnnualDividendYield": 0.0049941735, "currency": "INR", "fromCurrency": null, "toCurrency": null, "lastMarket": null, "algorithm": null, "tradeable": false}, "incomeStatementHistoryQuarterly": {"incomeStatementHistory": [{"maxAge": 1, "endDate": "2020-06-30", "totalRevenue": 477540000, "costOfRevenue": 35458000, "grossProfit": 442082000, "researchDevelopment": {}, "sellingGeneralAdministrative": 64313000, "nonRecurring": {}, "otherOperatingExpenses": 51006000, "totalOperatingExpenses": 213422000, "operatingIncome": 264118000, "totalOtherIncomeExpenseNet": -114627000, "ebit": 264118000, "interestExpense": -14178000, "incomeBeforeTax": 149491000, "incomeTaxExpense": 5772000, "minorityInterest": {}, "netIncomeFromContinuingOps": 143719000, "discontinuedOperations": {}, "extraordinaryItems": {}, "effectOfAccountingCharges": {}, "otherItems": {}, "netIncome": 129088000, "netIncomeApplicableToCommonShares": 129088000}, {"maxAge": 1, "endDate": "2020-03-31", "totalRevenue": 86462000, "costOfRevenue": 29874000, "grossProfit": 56588000, "researchDevelopment": {}, "sellingGeneralAdministrative": 112083000, "nonRecurring": {}, "otherOperatingExpenses": 8353000, "totalOperatingExpenses": 211220000, "operatingIncome": -124758000, "totalOtherIncomeExpenseNet": -660139000, "ebit": -124758000, "interestExpense": -14633000, "incomeBeforeTax": -784897000, "incomeTaxExpense": -125641000, "minorityInterest": 3189064000, "netIncomeFromContinuingOps": -659256000, "discontinuedOperations": {}, "extraordinaryItems": {}, "effectOfAccountingCharges": {}, "otherItems": {}, "netIncome": -421979000, "netIncomeApplicableToCommonShares": -421979000}, {"maxAge": 1, "endDate": "2019-12-31", "totalRevenue": 296510000, "costOfRevenue": 30495000, "grossProfit": 266015000, "researchDevelopment": {}, "sellingGeneralAdministrative": 62845000, "nonRecurring": {}, "otherOperatingExpenses": 116992000, "totalOperatingExpenses": 262753000, "operatingIncome": 33757000, "totalOtherIncomeExpenseNet": -286655000, "ebit": 33757000, "interestExpense": -17652000, "incomeBeforeTax": -252898000, "incomeTaxExpense": -4789000, "minorityInterest": 3189064000, "netIncomeFromContinuingOps": -248109000, "discontinuedOperations": {}, "extraordinaryItems": {}, "effectOfAccountingCharges": {}, "otherItems": {}, "netIncome": -184340000, "netIncomeApplicableToCommonShares": -184340000}, {"maxAge": 1, "endDate": "2019-09-30", "totalRevenue": 408420000, "costOfRevenue": 29450000, "grossProfit": 378970000, "researchDevelopment": {}, "sellingGeneralAdministrative": 68620000, "nonRecurring": {}, "otherOperatingExpenses": 50414000, "totalOperatingExpenses": 193543000, "operatingIncome": 214877000, "totalOtherIncomeExpenseNet": 310025000, "ebit": 214877000, "interestExpense": -17123000, "incomeBeforeTax": 524902000, "incomeTaxExpense": -33580000, "minorityInterest": 3919854000, "netIncomeFromContinuingOps": 558482000, "discontinuedOperations": {}, "extraordinaryItems": {}, "effectOfAccountingCharges": {}, "otherItems": {}, "netIncome": 553717000, "netIncomeApplicableToCommonShares": 553717000}], "maxAge": 86400}, "cashflowStatementHistoryQuarterly": {"cashflowStatements": [{"maxAge": 1, "endDate": "2020-06-30", "netIncome": 129088000, "changeToLiabilities": 0}, {"maxAge": 1, "endDate": "2020-03-31", "netIncome": -421979000, "changeToLiabilities": 0}, {"maxAge": 1, "endDate": "2019-12-31", "netIncome": -184340000, "changeToLiabilities": 0}, {"maxAge": 1, "endDate": "2019-09-30", "netIncome": 553717000, "changeToLiabilities": 0}], "maxAge": 86400}, "insiderHolders": {"holders": [{"maxAge": 1, "name": "Tarugreve Trust", "relation": "Promoter", "url": "", "transactionDescription": "Other", "latestTransDate": "2020-02-28", "positionDirect": 5000, "positionDirectDate": "2020-02-28"}], "maxAge": 1}, "calendarEvents": {"maxAge": 1, "earnings": {"earningsDate": ["2020-11-09 05:30:S", "2020-11-14 05:30:S"]}}, "price": {"maxAge": 1, "regularMarketChangePercent": -0.035125747, "regularMarketChange": -10.550018, "regularMarketTime": "2021-04-30 15:26:32", "priceHint": 2, "regularMarketPrice": 289.8, "regularMarketDayHigh": 296.6, "regularMarketDayLow": 284.65, "regularMarketVolume": 266, "averageDailyVolume10Day": 6078, "averageDailyVolume3Month": 1333, "regularMarketPreviousClose": 300.35, "regularMarketSource": "FREE_REALTIME", "regularMarketOpen": 296.6, "exchange": "BSE", "exchangeName": "BSE", "exchangeDataDelayedBy": 0, "marketState": "CLOSED", "quoteType": "EQUITY", "symbol": "DHUNINV.BO", "underlyingSymbol": null, "shortName": "DHUNSERI INVESTMENTS LTD.", "longName": "Dhunseri Investments Limited", "currency": "INR", "quoteSourceName": "Delayed Quote", "currencySymbol": "\u20b9", "fromCurrency": null, "toCurrency": null, "lastMarket": null, "marketCap": 1766962688}, "balanceSheetHistory": {"balanceSheetStatements": [{"maxAge": 1, "endDate": "2020-03-31", "cash": 275393000, "shortTermInvestments": 38000000, "netReceivables": 375560000, "inventory": 2881000, "otherCurrentAssets": 319188000, "totalCurrentAssets": 1016336000, "longTermInvestments": 17250425000, "propertyPlantEquipment": 883392000, "goodWill": 6981000, "intangibleAssets": 53000, "otherAssets": 117185000, "totalAssets": 19274372000, "accountsPayable": 38585000, "shortLongTermDebt": 171087000, "otherCurrentLiab": 28261000, "longTermDebt": 492047000, "otherLiab": 1374597000, "minorityInterest": 3189064000, "totalCurrentLiabilities": 434670000, "totalLiab": 2394977000, "commonStock": 60972000, "retainedEarnings": 7214394000, "treasuryStock": 6414965000, "otherStockholderEquity": 6414965000, "totalStockholderEquity": 13690331000, "netTangibleAssets": 13683297000}, {"maxAge": 1, "endDate": "2019-03-31", "cash": 190566000, "shortTermInvestments": 36000, "netReceivables": 1541457000, "inventory": 3778000, "otherCurrentAssets": 353564000, "totalCurrentAssets": 2091888000, "longTermInvestments": 17176315000, "propertyPlantEquipment": 615197000, "goodWill": 76413000, "intangibleAssets": 126000, "otherAssets": 172950000, "totalAssets": 20132889000, "accountsPayable": 94079000, "shortLongTermDebt": 66461000, "otherCurrentLiab": 11152000, "longTermDebt": 631163000, "otherLiab": 1519231000, "minorityInterest": 3451420000, "totalCurrentLiabilities": 190168000, "totalLiab": 2340562000, "commonStock": 60972000, "retainedEarnings": 7347614000, "treasuryStock": 6932321000, "otherStockholderEquity": 6932321000, "totalStockholderEquity": 14340907000, "netTangibleAssets": 14264368000}, {"maxAge": 1, "endDate": "2018-03-31", "cash": 1801967000, "shortTermInvestments": 3004744000, "netReceivables": 3663594000, "inventory": 4208475000, "otherCurrentAssets": 1182129000, "totalCurrentAssets": 13900808000, "longTermInvestments": 5853053000, "propertyPlantEquipment": 6027242000, "goodWill": 426510000, "intangibleAssets": 47676000, "otherAssets": 958520000, "totalAssets": 27213809000, "accountsPayable": 4027881000, "shortLongTermDebt": 607122000, "otherCurrentLiab": 198695000, "longTermDebt": 3141710000, "otherLiab": 501024000, "minorityInterest": 4074453000, "totalCurrentLiabilities": 9272092000, "totalLiab": 12914826000, "commonStock": 60972000, "retainedEarnings": 6064661000, "treasuryStock": 4098897000, "otherStockholderEquity": 4098897000, "totalStockholderEquity": 10224530000, "netTangibleAssets": 9750344000}, {"maxAge": 1, "endDate": "2017-03-31", "cash": 1078668000, "shortTermInvestments": 524488000, "netReceivables": 3008683000, "inventory": 2623345000, "otherCurrentAssets": 1525277000, "totalCurrentAssets": 8786767000, "longTermInvestments": 8189325000, "propertyPlantEquipment": 5953687000, "goodWill": 336150000, "intangibleAssets": 1483000, "otherAssets": 372058000, "totalAssets": 23639470000, "accountsPayable": 1489274000, "shortLongTermDebt": 475266000, "otherCurrentLiab": 236062000, "longTermDebt": 2173473000, "otherLiab": 251372000, "minorityInterest": 3864433000, "totalCurrentLiabilities": 8451713000, "totalLiab": 10876558000, "commonStock": 60972000, "retainedEarnings": 5139360000, "treasuryStock": 3698147000, "otherStockholderEquity": 3698147000, "totalStockholderEquity": 8898479000, "netTangibleAssets": 8560846000}], "maxAge": 86400}, "financialData": {"maxAge": 86400, "currentPrice": 289.8, "recommendationKey": "none", "grossProfits": 941004000, "financialCurrency": "INR"}}}