{"DIAMONDYD.NS": {"assetProfile": {"address1": "Khasra No. 378/2", "address2": "Nemawar Road Near Makrand House Palda", "city": "Indore", "zip": "452020", "country": "India", "phone": "91 73 1243 9999", "fax": "91 73 1243 7605", "website": "http://www.yellowdiamond.in", "industry": "Packaged Foods", "sector": "Consumer Defensive", "longBusinessSummary": "Prataap Snacks Limited manufactures and sells snack foods in India and internationally. The company's products include extruded snacks, potato chips, pellet snacks, nachos, namkeens, and popcorns under the Yellow Diamond brand name. It also offers namkeens and fryums under the Avadha brand; and yum-pie, yum-cake, cookie-cake, and choco vanilla cake snacks under the Rich Feast brand. The company offers its products through distributors, stockists, and retail stores. Prataap Snacks Limited was incorporated in 2009 and is based in Indore, India.", "fullTimeEmployees": 923, "companyOfficers": [{"maxAge": 1, "name": "Mr. Arvind Kumar Mehta", "age": 53, "title": "Exec. Chairman", "yearBorn": 1967, "fiscalYear": 2020, "totalPay": 7500000, "exercisedValue": 0, "unexercisedValue": 0}, {"maxAge": 1, "name": "Mr. Amit Kumar Kumath", "age": 51, "title": "Founder, MD, CEO & Director", "yearBorn": 1969, "fiscalYear": 2020, "totalPay": 7500000, "exercisedValue": 0, "unexercisedValue": 0}, {"maxAge": 1, "name": "Mr. Sumit  Sharma", "age": 43, "title": "Chief Financial Officer", "yearBorn": 1977, "fiscalYear": 2020, "totalPay": 4646000, "exercisedValue": 0, "unexercisedValue": 0}, {"maxAge": 1, "name": "Mr. Subhashis  Basu", "age": 52, "title": "Chief Operating Officer", "yearBorn": 1968, "exercisedValue": 0, "unexercisedValue": 0}, {"maxAge": 1, "name": "Mr. Om Prakash Pandey", "title": "Company Sec. & Compliance Officer", "fiscalYear": 2020, "totalPay": 2404000, "exercisedValue": 0, "unexercisedValue": 0}, {"maxAge": 1, "name": "Mr. Apoorva Kumar Kumat", "age": 51, "title": "Exec. Director of Operations & Director", "yearBorn": 1969, "fiscalYear": 2020, "totalPay": 7500000, "exercisedValue": 0, "unexercisedValue": 0}, {"maxAge": 1, "name": "Ms. Pooja  Pandey", "title": "HR Head", "exercisedValue": 0, "unexercisedValue": 0}, {"maxAge": 1, "name": "Mr. Parameswaran  Balasubramanyan", "age": 53, "title": "Head of Production", "yearBorn": 1967, "exercisedValue": 0, "unexercisedValue": 0}], "compensationAsOfEpochDate": "2020-12-31 05:30:00", "maxAge": 86400}, "recommendationTrend": {"trend": [{"period": "0m", "strongBuy": 0, "buy": 0, "hold": 0, "sell": 0, "strongSell": 0}, {"period": "-1m", "strongBuy": 0, "buy": 0, "hold": 0, "sell": 0, "strongSell": 0}, {"period": "-2m", "strongBuy": 0, "buy": 0, "hold": 0, "sell": 0, "strongSell": 0}, {"period": "-3m", "strongBuy": 0, "buy": 0, "hold": 0, "sell": 0, "strongSell": 0}], "maxAge": 86400}, "cashflowStatementHistory": {"cashflowStatements": [{"maxAge": 1, "endDate": "2020-03-31", "netIncome": 469196000, "depreciation": 611840000, "changeToNetincome": -171838000, "changeToAccountReceivables": -43351000, "changeToLiabilities": 18640000, "changeToInventory": -141842000, "changeToOperatingActivities": 2991000, "totalCashFromOperatingActivities": 751208000, "capitalExpenditures": -588474000, "investments": 48220000, "otherCashflowsFromInvestingActivities": 38822000, "totalCashflowsFromInvestingActivities": -493397000, "dividendsPaid": -23453000, "netBorrowings": -260337000, "otherCashflowsFromFinancingActivities": 3962000, "totalCashFromFinancingActivities": -279828000, "changeInCash": -22017000}, {"maxAge": 1, "endDate": "2019-03-31", "netIncome": 446413000, "depreciation": 373931000, "changeToNetincome": -139501000, "changeToAccountReceivables": -88745000, "changeToLiabilities": -183840000, "changeToInventory": -267412000, "changeToOperatingActivities": -34948000, "totalCashFromOperatingActivities": 108329000, "capitalExpenditures": -383383000, "investments": 1074874000, "otherCashflowsFromInvestingActivities": 100400000, "totalCashflowsFromInvestingActivities": -593308000, "dividendsPaid": -23453000, "netBorrowings": 54985000, "otherCashflowsFromFinancingActivities": 48787000, "totalCashFromFinancingActivities": 80319000, "changeInCash": -243660000}, {"maxAge": 1, "endDate": "2018-03-31", "netIncome": 441773000, "depreciation": 301863000, "changeToNetincome": 10570000, "changeToAccountReceivables": -65862000, "changeToLiabilities": 280742000, "changeToInventory": -108192000, "changeToOperatingActivities": -25809000, "totalCashFromOperatingActivities": 837399000, "capitalExpenditures": -488567000, "investments": -1561512000, "otherCashflowsFromInvestingActivities": 41965000, "totalCashflowsFromInvestingActivities": -2017629000, "dividendsPaid": -23453000, "netBorrowings": -733376000, "otherCashflowsFromFinancingActivities": -15506000, "totalCashFromFinancingActivities": 1627130000, "changeInCash": 446900000, "issuanceOfStock": 2376012000}, {"maxAge": 1, "endDate": "2017-03-31", "netIncome": 205772000, "depreciation": 252214000, "changeToNetincome": -67219000, "changeToAccountReceivables": 31569000, "changeToLiabilities": 176493000, "changeToInventory": -109204000, "changeToOperatingActivities": -179501000, "totalCashFromOperatingActivities": 312606000, "capitalExpenditures": -531644000, "investments": -9520000, "otherCashflowsFromInvestingActivities": 5791000, "totalCashflowsFromInvestingActivities": -589892000, "dividendsPaid": -23453000, "netBorrowings": 261480000, "otherCashflowsFromFinancingActivities": -45491000, "totalCashFromFinancingActivities": 328153000, "changeInCash": 50867000, "issuanceOfStock": 112164000}], "maxAge": 86400}, "indexTrend": {"maxAge": 1, "symbol": "SP5", "peRatio": 19.7411, "pegRatio": 1.34172, "estimates": [{"period": "0q", "growth": 0.549}, {"period": "+1q", "growth": 0.431}, {"period": "0y", "growth": 0.305}, {"period": "+1y", "growth": 0.109}, {"period": "+5y", "growth": 0.120865}, {"period": "-5y"}]}, "defaultKeyStatistics": {"maxAge": 1, "priceHint": 2, "enterpriseValue": 12542977024, "profitMargins": 0.022780001, "floatShares": 4525722, "sharesOutstanding": 23453000, "heldPercentInsiders": 0.67811996, "heldPercentInstitutions": 0.23712, "beta": 0.718047, "category": null, "bookValue": 260.169, "priceToBook": 2.0944078, "fundFamily": null, "legalType": null, "lastFiscalYearEnd": "2020-03-31 05:30:00", "nextFiscalYearEnd": "2022-03-31 05:30:00", "mostRecentQuarter": "2020-12-31 05:30:00", "earningsQuarterlyGrowth": -0.176, "netIncomeToCommon": 267874000, "trailingEps": 11.43, "lastSplitFactor": null, "enterpriseToRevenue": 1.067, "enterpriseToEbitda": 21.333}, "industryTrend": {"maxAge": 1, "symbol": null, "estimates": []}, "quoteType": {"exchange": "NSI", "quoteType": "EQUITY", "symbol": "DIAMONDYD.NS", "underlyingSymbol": "DIAMONDYD.NS", "shortName": "PRATAAP SNACKS LTD", "longName": "Prataap Snacks Limited", "firstTradeDateEpochUtc": "2017-10-05 09:15:00", "timeZoneFullName": "Asia/Kolkata", "timeZoneShortName": "IST", "uuid": "bb360717-ca7e-3e78-b567-bd9ec99a8454", "gmtOffSetMilliseconds": 19800000, "maxAge": 1}, "incomeStatementHistory": {"incomeStatementHistory": [{"maxAge": 1, "endDate": "2020-03-31", "totalRevenue": 13937942000, "costOfRevenue": 10026455000, "grossProfit": 3911487000, "researchDevelopment": {}, "sellingGeneralAdministrative": 738680000, "nonRecurring": {}, "otherOperatingExpenses": 2231140000, "totalOperatingExpenses": 13613687000, "operatingIncome": 324255000, "totalOtherIncomeExpenseNet": 12500000, "ebit": 324255000, "interestExpense": -74223000, "incomeBeforeTax": 336755000, "incomeTaxExpense": -132441000, "minorityInterest": {}, "netIncomeFromContinuingOps": 469196000, "discontinuedOperations": {}, "extraordinaryItems": {}, "effectOfAccountingCharges": {}, "otherItems": {}, "netIncome": 469196000, "netIncomeApplicableToCommonShares": 469196000}, {"maxAge": 1, "endDate": "2019-03-31", "totalRevenue": 11706096000, "costOfRevenue": 8301587000, "grossProfit": 3404509000, "researchDevelopment": {}, "sellingGeneralAdministrative": 661469000, "nonRecurring": {}, "otherOperatingExpenses": 1909612000, "totalOperatingExpenses": 11249030000, "operatingIncome": 457066000, "totalOtherIncomeExpenseNet": 99531000, "ebit": 457066000, "interestExpense": -6719000, "incomeBeforeTax": 556597000, "incomeTaxExpense": 110184000, "minorityInterest": {}, "netIncomeFromContinuingOps": 446413000, "discontinuedOperations": {}, "extraordinaryItems": {}, "effectOfAccountingCharges": {}, "otherItems": {}, "netIncome": 446413000, "netIncomeApplicableToCommonShares": 446413000}, {"maxAge": 1, "endDate": "2018-03-31", "totalRevenue": 10173553000, "costOfRevenue": 6918549000, "grossProfit": 3255004000, "researchDevelopment": {}, "sellingGeneralAdministrative": 689423000, "nonRecurring": {}, "otherOperatingExpenses": 1690705000, "totalOperatingExpenses": 9602854000, "operatingIncome": 570699000, "totalOtherIncomeExpenseNet": 45907000, "ebit": 570699000, "interestExpense": -22224000, "incomeBeforeTax": 616606000, "incomeTaxExpense": 174833000, "minorityInterest": {}, "netIncomeFromContinuingOps": 441773000, "discontinuedOperations": {}, "extraordinaryItems": {}, "effectOfAccountingCharges": {}, "otherItems": {}, "netIncome": 441773000, "netIncomeApplicableToCommonShares": 441773000}, {"maxAge": 1, "endDate": "2017-03-31", "totalRevenue": 8939577000, "costOfRevenue": 6307971000, "grossProfit": 2631606000, "researchDevelopment": {}, "sellingGeneralAdministrative": 686405000, "nonRecurring": {}, "otherOperatingExpenses": 1519592000, "totalOperatingExpenses": 8768664000, "operatingIncome": 170913000, "totalOtherIncomeExpenseNet": -22332000, "ebit": 170913000, "interestExpense": -43150000, "incomeBeforeTax": 148581000, "incomeTaxExpense": -57191000, "minorityInterest": {}, "netIncomeFromContinuingOps": 205772000, "discontinuedOperations": {}, "extraordinaryItems": {}, "effectOfAccountingCharges": {}, "otherItems": {}, "netIncome": 205772000, "netIncomeApplicableToCommonShares": 205772000}], "maxAge": 86400}, "fundOwnership": {"ownershipList": [], "maxAge": 1}, "summaryDetail": {"maxAge": 1, "priceHint": 2, "previousClose": 543.9, "open": 544.05, "dayLow": 539.9, "dayHigh": 550.0, "regularMarketPreviousClose": 543.9, "regularMarketOpen": 544.05, "regularMarketDayLow": 539.9, "regularMarketDayHigh": 550.0, "dividendRate": 1.0, "dividendYield": 0.0018000001, "exDividendDate": "2020-09-10 05:30:00", "payoutRatio": 0.0875, "beta": 0.718047, "trailingPE": 47.67279, "volume": 5021, "regularMarketVolume": 5021, "averageVolume": 11678, "averageVolume10days": 10236, "averageDailyVolume10Day": 10236, "bid": 0.0, "ask": 0.0, "bidSize": 0, "askSize": 0, "marketCap": 12760740864, "fiftyTwoWeekLow": 435.1, "fiftyTwoWeekHigh": 760.45, "priceToSalesTrailing12Months": 1.085354, "fiftyDayAverage": 640.69696, "twoHundredDayAverage": 643.0893, "trailingAnnualDividendRate": 1.0, "trailingAnnualDividendYield": 0.0018385731, "currency": "INR", "fromCurrency": null, "lastMarket": null, "algorithm": null, "tradeable": false}, "insiderHolders": {"holders": [{"maxAge": 1, "name": "Brahme (Deepak)", "relation": "Vice President", "url": "", "transactionDescription": "Sale", "latestTransDate": "2019-12-05", "positionDirect": 15323, "positionDirectDate": "2019-12-05"}, {"maxAge": 1, "name": "Kumat (Amit)", "relation": "Director (Executive)", "url": "", "transactionDescription": "Acquisition", "latestTransDate": "2020-09-09", "positionDirect": 580248, "positionDirectDate": "2020-09-09"}, {"maxAge": 1, "name": "Kumat (Apurva)", "relation": "Promoter", "url": "", "transactionDescription": "Acquisition", "latestTransDate": "2020-09-11", "positionDirect": 554145, "positionDirectDate": "2020-09-11"}, {"maxAge": 1, "name": "Purohit (Mahesh)", "relation": "UNREPORTED", "url": "", "transactionDescription": "Sale", "latestTransDate": "2018-02-26", "positionDirect": 17119, "positionDirectDate": "2018-02-26"}, {"maxAge": 1, "name": "Sharma (Roshni)", "relation": "UNREPORTED", "url": "", "transactionDescription": "Acquisition", "latestTransDate": "2020-09-01", "positionDirect": 3410, "positionDirectDate": "2020-09-01"}, {"maxAge": 1, "name": "Sharma (Sumit)", "relation": "UNREPORTED", "url": "", "transactionDescription": "Acquisition", "latestTransDate": "2020-09-01", "positionDirect": 90285, "positionDirectDate": "2020-09-01"}, {"maxAge": 1, "name": "Sinha (Sanjay)", "relation": "UNREPORTED", "url": "", "transactionDescription": "Sale", "latestTransDate": "2018-06-20", "positionDirect": 15574, "positionDirectDate": "2018-06-20"}, {"maxAge": 1, "name": "Soni (Yogesh)", "relation": "UNREPORTED", "url": "", "transactionDescription": "Sale", "latestTransDate": "2018-04-04", "positionDirect": 8033, "positionDirectDate": "2018-04-04"}, {"maxAge": 1, "name": "Verma (Ankur)", "relation": "UNREPORTED", "url": "", "transactionDescription": "Sale", "latestTransDate": "2018-07-30", "positionDirect": 7865, "positionDirectDate": "2018-07-30"}], "maxAge": 1}, "calendarEvents": {"maxAge": 1, "earnings": {"earningsDate": []}, "exDividendDate": "2020-09-10 05:30:00"}, "upgradeDowngradeHistory": {"history": [], "maxAge": 86400}, "price": {"maxAge": 1, "regularMarketChangePercent": 0.001838573, "regularMarketChange": 1.0, "regularMarketTime": "2021-04-30 15:29:08", "priceHint": 2, "regularMarketPrice": 544.9, "regularMarketDayHigh": 550.0, "regularMarketDayLow": 539.9, "regularMarketVolume": 5021, "averageDailyVolume10Day": 10236, "averageDailyVolume3Month": 11678, "regularMarketPreviousClose": 543.9, "regularMarketSource": "FREE_REALTIME", "regularMarketOpen": 544.05, "exchange": "NSI", "exchangeName": "NSE", "exchangeDataDelayedBy": 15, "marketState": "CLOSED", "quoteType": "EQUITY", "symbol": "DIAMONDYD.NS", "underlyingSymbol": null, "shortName": "PRATAAP SNACKS LTD", "longName": "Prataap Snacks Limited", "currency": "INR", "quoteSourceName": "Delayed Quote", "currencySymbol": "\u20b9", "fromCurrency": null, "lastMarket": null, "marketCap": 12760740864}, "balanceSheetHistory": {"balanceSheetStatements": [{"maxAge": 1, "endDate": "2020-03-31", "cash": 264661000, "shortTermInvestments": 235232000, "netReceivables": 386408000, "inventory": 1323083000, "otherCurrentAssets": 203136000, "totalCurrentAssets": 2418218000, "longTermInvestments": 224501000, "propertyPlantEquipment": 3788967000, "goodWill": 461100000, "intangibleAssets": 1824680000, "otherAssets": 490928000, "deferredLongTermAssetCharges": 2200000, "totalAssets": 9208394000, "accountsPayable": 874667000, "otherCurrentLiab": 132411000, "otherLiab": 1356776000, "totalCurrentLiabilities": 1190355000, "totalLiab": 3128425000, "commonStock": 117265000, "retainedEarnings": 2107269000, "treasuryStock": 27159000, "capitalSurplus": 3828276000, "otherStockholderEquity": 27159000, "totalStockholderEquity": 6079969000, "netTangibleAssets": 3794189000}, {"maxAge": 1, "endDate": "2019-03-31", "cash": 286678000, "shortTermInvestments": 495559000, "netReceivables": 316125000, "inventory": 1194843000, "otherCurrentAssets": 285488000, "totalCurrentAssets": 2584181000, "longTermInvestments": 10000, "propertyPlantEquipment": 2940233000, "goodWill": 461100000, "intangibleAssets": 1926527000, "otherAssets": 344214000, "totalAssets": 8256265000, "accountsPayable": 856495000, "otherCurrentLiab": 150164000, "otherLiab": 1397020000, "totalCurrentLiabilities": 1245674000, "totalLiab": 2642694000, "commonStock": 117265000, "retainedEarnings": 1668030000, "capitalSurplus": 3828276000, "totalStockholderEquity": 5613571000, "netTangibleAssets": 3225944000}, {"maxAge": 1, "endDate": "2018-03-31", "cash": 530338000, "shortTermInvestments": 1581107000, "netReceivables": 336392000, "inventory": 896872000, "otherCurrentAssets": 255444000, "totalCurrentAssets": 3604175000, "longTermInvestments": 10000, "propertyPlantEquipment": 2662743000, "intangibleAssets": 43769000, "otherAssets": 315044000, "deferredLongTermAssetCharges": 58114000, "totalAssets": 6625741000, "accountsPayable": 996891000, "otherCurrentLiab": 274961000, "otherLiab": 55583000, "totalCurrentLiabilities": 1374752000, "totalLiab": 1430335000, "commonStock": 117265000, "retainedEarnings": 1248648000, "capitalSurplus": 3829493000, "totalStockholderEquity": 5195406000, "netTangibleAssets": 5151637000}, {"maxAge": 1, "endDate": "2017-03-31", "cash": 83438000, "shortTermInvestments": 11119000, "netReceivables": 207782000, "inventory": 788680000, "otherCurrentAssets": 191909000, "totalCurrentAssets": 1286227000, "longTermInvestments": 12000, "propertyPlantEquipment": 2488523000, "intangibleAssets": 76657000, "otherAssets": 307255000, "deferredLongTermAssetCharges": 80317000, "totalAssets": 4158674000, "accountsPayable": 716149000, "shortLongTermDebt": 148577000, "otherCurrentLiab": 194583000, "longTermDebt": 387163000, "otherLiab": 55477000, "totalCurrentLiabilities": 1339091000, "totalLiab": 1781731000, "commonStock": 19055000, "retainedEarnings": 806197000, "treasuryStock": 88543000, "capitalSurplus": 1463148000, "otherStockholderEquity": 88543000, "totalStockholderEquity": 2376943000, "netTangibleAssets": 2300286000}], "maxAge": 86400}, "earningsTrend": {"trend": [{"maxAge": 1, "period": "0q", "endDate": null, "growth": {}, "earningsEstimate": {"avg": 0.0, "low": 0.0, "high": 0.0, "yearAgoEps": {}, "numberOfAnalysts": 0, "growth": {}}, "revenueEstimate": {"avg": 0, "low": 0, "high": 0, "numberOfAnalysts": 0, "yearAgoRevenue": {}, "growth": {}}, "epsTrend": {"current": 0.0, "7daysAgo": 0.0, "30daysAgo": 0.0, "60daysAgo": 0.0, "90daysAgo": 0.0}, "epsRevisions": {"upLast7days": 0, "upLast30days": 0, "downLast30days": 0, "downLast90days": {}}}, {"maxAge": 1, "period": "+1q", "endDate": null, "growth": {}, "earningsEstimate": {"avg": 0.0, "low": 0.0, "high": 0.0, "yearAgoEps": {}, "numberOfAnalysts": 0, "growth": {}}, "revenueEstimate": {"avg": 0, "low": 0, "high": 0, "numberOfAnalysts": 0, "yearAgoRevenue": {}, "growth": {}}, "epsTrend": {"current": 0.0, "7daysAgo": 0.0, "30daysAgo": 0.0, "60daysAgo": 0.0, "90daysAgo": 0.0}, "epsRevisions": {"upLast7days": 0, "upLast30days": 0, "downLast30days": 0, "downLast90days": {}}}, {"maxAge": 1, "period": "0y", "endDate": null, "growth": {}, "earningsEstimate": {"avg": 0.0, "low": 0.0, "high": 0.0, "yearAgoEps": {}, "numberOfAnalysts": 0, "growth": {}}, "revenueEstimate": {"avg": 0, "low": 0, "high": 0, "numberOfAnalysts": 0, "yearAgoRevenue": {}, "growth": {}}, "epsTrend": {"current": 0.0, "7daysAgo": 0.0, "30daysAgo": 0.0, "60daysAgo": 0.0, "90daysAgo": 0.0}, "epsRevisions": {"upLast7days": 0, "upLast30days": 0, "downLast30days": 0, "downLast90days": {}}}, {"maxAge": 1, "period": "+1y", "endDate": null, "growth": {}, "earningsEstimate": {"avg": 0.0, "low": 0.0, "high": 0.0, "yearAgoEps": {}, "numberOfAnalysts": 0, "growth": {}}, "revenueEstimate": {"avg": 0, "low": 0, "high": 0, "numberOfAnalysts": 0, "yearAgoRevenue": {}, "growth": {}}, "epsTrend": {"current": 0.0, "7daysAgo": 0.0, "30daysAgo": 0.0, "60daysAgo": 0.0, "90daysAgo": 0.0}, "epsRevisions": {"upLast7days": 0, "upLast30days": 0, "downLast30days": 0, "downLast90days": {}}}, {"maxAge": 1, "period": "+5y", "endDate": null, "growth": {}, "earningsEstimate": {"avg": {}, "low": {}, "high": {}, "yearAgoEps": {}, "numberOfAnalysts": {}, "growth": {}}, "revenueEstimate": {"avg": {}, "low": {}, "high": {}, "numberOfAnalysts": {}, "yearAgoRevenue": {}, "growth": {}}, "epsTrend": {"current": {}, "7daysAgo": {}, "30daysAgo": {}, "60daysAgo": {}, "90daysAgo": {}}, "epsRevisions": {"upLast7days": {}, "upLast30days": {}, "downLast30days": {}, "downLast90days": {}}}, {"maxAge": 1, "period": "-5y", "endDate": null, "growth": {}, "earningsEstimate": {"avg": {}, "low": {}, "high": {}, "yearAgoEps": {}, "numberOfAnalysts": {}, "growth": {}}, "revenueEstimate": {"avg": {}, "low": {}, "high": {}, "numberOfAnalysts": {}, "yearAgoRevenue": {}, "growth": {}}, "epsTrend": {"current": {}, "7daysAgo": {}, "30daysAgo": {}, "60daysAgo": {}, "90daysAgo": {}}, "epsRevisions": {"upLast7days": {}, "upLast30days": {}, "downLast30days": {}, "downLast90days": {}}}], "maxAge": 1}, "institutionOwnership": {"ownershipList": [], "maxAge": 1}, "majorHoldersBreakdown": {"maxAge": 1, "insidersPercentHeld": 0.67811996, "institutionsPercentHeld": 0.23712, "institutionsFloatPercentHeld": 0.73666, "institutionsCount": 7}, "balanceSheetHistoryQuarterly": {"balanceSheetStatements": [{"maxAge": 1, "endDate": "2020-12-31"}, {"maxAge": 1, "endDate": "2020-09-30", "cash": 530283000, "shortTermInvestments": 344694000, "netReceivables": 259078000, "inventory": 1122168000, "otherCurrentAssets": 201789000, "totalCurrentAssets": 2458012000, "longTermInvestments": 548172000, "propertyPlantEquipment": 3686626000, "goodWill": 461100000, "intangibleAssets": 1776183000, "otherAssets": 208405000, "deferredLongTermAssetCharges": 869000, "totalAssets": 9138498000, "accountsPayable": 815974000, "otherCurrentLiab": 230175000, "otherLiab": 1340452000, "totalCurrentLiabilities": 1181523000, "totalLiab": 3038688000, "commonStock": 117265000, "treasuryStock": 5982545000, "otherStockholderEquity": 5982545000, "totalStockholderEquity": 6099810000, "netTangibleAssets": 3862527000}, {"maxAge": 1, "endDate": "2020-06-30", "totalStockholderEquity": 6079969000, "netTangibleAssets": 3794189000}, {"maxAge": 1, "endDate": "2020-03-31", "cash": 264661000, "shortTermInvestments": 235232000, "netReceivables": 386408000, "inventory": 1323083000, "otherCurrentAssets": 203136000, "totalCurrentAssets": 2418218000, "longTermInvestments": 224501000, "propertyPlantEquipment": 3788967000, "goodWill": 461100000, "intangibleAssets": 1824680000, "otherAssets": 490928000, "deferredLongTermAssetCharges": 2200000, "totalAssets": 9208394000, "accountsPayable": 874667000, "otherCurrentLiab": 132411000, "otherLiab": 1356776000, "totalCurrentLiabilities": 1190355000, "totalLiab": 3128425000, "commonStock": 117265000, "retainedEarnings": 2107269000, "treasuryStock": 27159000, "capitalSurplus": 3828276000, "otherStockholderEquity": 27159000, "totalStockholderEquity": 6079969000, "netTangibleAssets": 3794189000}], "maxAge": 86400}, "earningsHistory": {"history": [{"maxAge": 1, "epsActual": {}, "epsEstimate": {}, "epsDifference": {}, "surprisePercent": {}, "quarter": {}, "period": "-4q"}, {"maxAge": 1, "epsActual": {}, "epsEstimate": {}, "epsDifference": {}, "surprisePercent": {}, "quarter": {}, "period": "-3q"}, {"maxAge": 1, "epsActual": {}, "epsEstimate": {}, "epsDifference": {}, "surprisePercent": {}, "quarter": {}, "period": "-2q"}, {"maxAge": 1, "epsActual": {}, "epsEstimate": {}, "epsDifference": {}, "surprisePercent": {}, "quarter": {}, "period": "-1q"}], "maxAge": 86400}, "summaryProfile": {"address1": "Khasra No. 378/2", "address2": "Nemawar Road Near Makrand House Palda", "city": "Indore", "zip": "452020", "country": "India", "phone": "91 73 1243 9999", "fax": "91 73 1243 7605", "website": "http://www.yellowdiamond.in", "industry": "Packaged Foods", "sector": "Consumer Defensive", "longBusinessSummary": "Prataap Snacks Limited manufactures and sells snack foods in India and internationally. The company's products include extruded snacks, potato chips, pellet snacks, nachos, namkeens, and popcorns under the Yellow Diamond brand name. It also offers namkeens and fryums under the Avadha brand; and yum-pie, yum-cake, cookie-cake, and choco vanilla cake snacks under the Rich Feast brand. The company offers its products through distributors, stockists, and retail stores. Prataap Snacks Limited was incorporated in 2009 and is based in Indore, India.", "fullTimeEmployees": 923, "companyOfficers": [], "maxAge": 86400}, "netSharePurchaseActivity": {"maxAge": 1, "period": "6m", "buyInfoCount": 0, "buyInfoShares": 0, "sellInfoCount": 0, "netInfoCount": 0, "netInfoShares": 0, "netPercentInsiderShares": 0.0, "totalInsiderShares": 15899816}, "insiderTransactions": {"transactions": [{"maxAge": 1, "shares": 2483, "value": 21032, "filerUrl": "", "transactionText": "Acquisition at price 8.47 per share.", "filerName": "Kumat (Apurva)", "filerRelation": "Promoter", "moneyText": "", "startDate": "2020-09-11", "ownership": "D"}, {"maxAge": 1, "shares": 2500, "value": 20921, "filerUrl": "", "transactionText": "Acquisition at price 8.37 per share.", "filerName": "Kumat (Amit)", "filerRelation": "Director (Executive)", "moneyText": "", "startDate": "2020-09-09", "ownership": "D"}, {"maxAge": 1, "shares": 2000, "value": 16749, "filerUrl": "", "transactionText": "Acquisition at price 8.37 per share.", "filerName": "Kumat (Apurva)", "filerRelation": "Director", "moneyText": "", "startDate": "2020-09-08", "ownership": "D"}, {"maxAge": 1, "shares": 666, "value": 5476, "filerUrl": "", "transactionText": "Acquisition at price 8.22 per share.", "filerName": "Sharma (Roshni)", "filerRelation": "UNREPORTED", "moneyText": "", "startDate": "2020-09-01", "ownership": "D"}, {"maxAge": 1, "shares": 300, "value": 2482, "filerUrl": "", "transactionText": "Acquisition at price 8.28 per share.", "filerName": "Sharma (Sumit)", "filerRelation": "UNREPORTED", "moneyText": "", "startDate": "2020-09-01", "ownership": "D"}, {"maxAge": 1, "shares": 979, "value": 8376, "filerUrl": "", "transactionText": "Acquisition at price 8.56 per share.", "filerName": "Sharma (Sumit)", "filerRelation": "UNREPORTED", "moneyText": "", "startDate": "2020-09-01", "ownership": "D"}, {"maxAge": 1, "shares": 1750, "value": 14086, "filerUrl": "", "transactionText": "Acquisition at price 8.05 per share.", "filerName": "Sharma (Sumit)", "filerRelation": "UNREPORTED", "moneyText": "", "startDate": "2020-08-26", "ownership": "D"}, {"maxAge": 1, "shares": 1047, "value": 8440, "filerUrl": "", "transactionText": "Acquisition at price 8.06 per share.", "filerName": "Sharma (Roshni)", "filerRelation": "UNREPORTED", "moneyText": "", "startDate": "2020-08-24", "ownership": "D"}, {"maxAge": 1, "shares": 1724, "value": 13775, "filerUrl": "", "transactionText": "Acquisition at price 7.99 per share.", "filerName": "Sharma (Sumit)", "filerRelation": "UNREPORTED", "moneyText": "", "startDate": "2020-08-24", "ownership": "D"}, {"maxAge": 1, "shares": 1647, "value": 12808, "filerUrl": "", "transactionText": "Acquisition at price 7.78 per share.", "filerName": "Sharma (Roshni)", "filerRelation": "UNREPORTED", "moneyText": "", "startDate": "2020-08-20", "ownership": "D"}, {"maxAge": 1, "shares": 1350, "value": 10661, "filerUrl": "", "transactionText": "Acquisition at price 7.90 per share.", "filerName": "Sharma (Sumit)", "filerRelation": "UNREPORTED", "moneyText": "", "startDate": "2020-08-20", "ownership": "D"}, {"maxAge": 1, "shares": 50, "value": 387, "filerUrl": "", "transactionText": "Acquisition at price 7.75 per share.", "filerName": "Sharma (Roshni)", "filerRelation": "UNREPORTED", "moneyText": "", "startDate": "2020-08-18", "ownership": "D"}, {"maxAge": 1, "shares": 1750, "filerUrl": "", "transactionText": "", "filerName": "Kumat (Amit)", "filerRelation": "Chief Executive Officer", "moneyText": "", "startDate": "2020-03-23", "ownership": "D"}, {"maxAge": 1, "shares": 3915, "filerUrl": "", "transactionText": "", "filerName": "Brahme (Deepak)", "filerRelation": "Vice President", "moneyText": "", "startDate": "2019-12-05", "ownership": "D"}, {"maxAge": 1, "shares": 3191, "filerUrl": "", "transactionText": "", "filerName": "Verma (Ankur)", "filerRelation": "UNREPORTED", "moneyText": "", "startDate": "2018-07-30", "ownership": "D"}, {"maxAge": 1, "shares": 2011, "filerUrl": "", "transactionText": "", "filerName": "Verma (Ankur)", "filerRelation": "UNREPORTED", "moneyText": "", "startDate": "2018-07-20", "ownership": "D"}, {"maxAge": 1, "shares": 2011, "filerUrl": "", "transactionText": "", "filerName": "Verma (Ankur)", "filerRelation": "UNREPORTED", "moneyText": "", "startDate": "2018-07-20", "ownership": "D"}, {"maxAge": 1, "shares": 1826, "filerUrl": "", "transactionText": "", "filerName": "Sinha (Sanjay)", "filerRelation": "UNREPORTED", "moneyText": "", "startDate": "2018-06-20", "ownership": "D"}, {"maxAge": 1, "shares": 1363, "filerUrl": "", "transactionText": "", "filerName": "Brahme (Deepak)", "filerRelation": "Vice President", "moneyText": "", "startDate": "2018-05-08", "ownership": "D"}, {"maxAge": 1, "shares": 1000, "filerUrl": "", "transactionText": "", "filerName": "Soni (Yogesh)", "filerRelation": "UNREPORTED", "moneyText": "", "startDate": "2018-04-04", "ownership": "D"}, {"maxAge": 1, "shares": 5450, "filerUrl": "", "transactionText": "", "filerName": "Purohit (Mahesh)", "filerRelation": "UNREPORTED", "moneyText": "", "startDate": "2018-02-26", "ownership": "D"}], "maxAge": 1}, "sectorTrend": {"maxAge": 1, "symbol": null, "estimates": []}, "incomeStatementHistoryQuarterly": {"incomeStatementHistory": [{"maxAge": 1, "endDate": "2020-12-31", "totalRevenue": 3412301000, "costOfRevenue": 2448386000, "grossProfit": 963915000, "researchDevelopment": {}, "sellingGeneralAdministrative": 141833000, "nonRecurring": {}, "otherOperatingExpenses": 625375000, "totalOperatingExpenses": 3343743000, "operatingIncome": 68558000, "totalOtherIncomeExpenseNet": -14843000, "ebit": 68558000, "interestExpense": -14843000, "incomeBeforeTax": 53715000, "incomeTaxExpense": 8228000, "minorityInterest": {}, "netIncomeFromContinuingOps": 45487000, "discontinuedOperations": {}, "extraordinaryItems": {}, "effectOfAccountingCharges": {}, "otherItems": {}, "netIncome": 45487000, "netIncomeApplicableToCommonShares": 45487000}, {"maxAge": 1, "endDate": "2020-09-30", "totalRevenue": 3266955000, "costOfRevenue": 2289911000, "grossProfit": 977044000, "researchDevelopment": {}, "sellingGeneralAdministrative": 139306000, "nonRecurring": {}, "otherOperatingExpenses": 604249000, "totalOperatingExpenses": 3160394000, "operatingIncome": 106561000, "totalOtherIncomeExpenseNet": 2940000, "ebit": 106561000, "interestExpense": -15909000, "incomeBeforeTax": 109501000, "incomeTaxExpense": 25097000, "minorityInterest": {}, "netIncomeFromContinuingOps": 84404000, "discontinuedOperations": {}, "extraordinaryItems": {}, "effectOfAccountingCharges": {}, "otherItems": {}, "netIncome": 84404000, "netIncomeApplicableToCommonShares": 84404000}, {"maxAge": 1, "endDate": "2020-06-30", "totalRevenue": 1957381000, "costOfRevenue": 1405172000, "grossProfit": 552209000, "researchDevelopment": {}, "sellingGeneralAdministrative": 118995000, "nonRecurring": {}, "otherOperatingExpenses": 350837000, "totalOperatingExpenses": 2034547000, "operatingIncome": -77166000, "totalOtherIncomeExpenseNet": 1696000, "ebit": -77166000, "interestExpense": -17406000, "incomeBeforeTax": -75470000, "incomeTaxExpense": -15881000, "minorityInterest": {}, "netIncomeFromContinuingOps": -59589000, "discontinuedOperations": {}, "extraordinaryItems": {}, "effectOfAccountingCharges": {}, "otherItems": {}, "netIncome": -59589000, "netIncomeApplicableToCommonShares": -59589000}, {"maxAge": 1, "endDate": "2020-03-31", "totalRevenue": 3141716000, "costOfRevenue": 2385558000, "grossProfit": 756158000, "researchDevelopment": {}, "sellingGeneralAdministrative": 305718000, "nonRecurring": {}, "otherOperatingExpenses": 308485000, "totalOperatingExpenses": 3153573000, "operatingIncome": -11857000, "totalOtherIncomeExpenseNet": 1868000, "ebit": -11857000, "interestExpense": -15142000, "incomeBeforeTax": -9989000, "incomeTaxExpense": -207560000, "minorityInterest": {}, "netIncomeFromContinuingOps": 197571000, "discontinuedOperations": {}, "extraordinaryItems": {}, "effectOfAccountingCharges": {}, "otherItems": {}, "netIncome": 197571000, "netIncomeApplicableToCommonShares": 197571000}], "maxAge": 86400}, "cashflowStatementHistoryQuarterly": {"cashflowStatements": [{"maxAge": 1, "endDate": "2020-12-31", "netIncome": 45487000, "changeToLiabilities": 0}, {"maxAge": 1, "endDate": "2020-09-30", "netIncome": 84404000, "changeToLiabilities": 0}, {"maxAge": 1, "endDate": "2020-06-30", "netIncome": -59589000, "changeToLiabilities": 0}, {"maxAge": 1, "endDate": "2020-03-31", "netIncome": 197571000, "changeToLiabilities": 0}], "maxAge": 86400}, "earnings": {"maxAge": 86400, "earningsChart": {"quarterly": [], "earningsDate": []}, "financialsChart": {"yearly": [{"date": 2017, "revenue": 8939577000, "earnings": 205772000}, {"date": 2018, "revenue": 10173553000, "earnings": 441773000}, {"date": 2019, "revenue": 11706096000, "earnings": 446413000}, {"date": 2020, "revenue": 13937942000, "earnings": 469196000}], "quarterly": [{"date": "1Q2020", "revenue": 3141716000, "earnings": 197571000}, {"date": "2Q2020", "revenue": 1957381000, "earnings": -59589000}, {"date": "3Q2020", "revenue": 3266955000, "earnings": 84404000}, {"date": "4Q2020", "revenue": 3412301000, "earnings": 45487000}]}, "financialCurrency": "INR"}, "financialData": {"maxAge": 86400, "currentPrice": 544.9, "targetHighPrice": 1825.0, "targetLowPrice": 1440.0, "targetMeanPrice": 1588.33, "targetMedianPrice": 1500.0, "recommendationMean": 1.7, "recommendationKey": "buy", "numberOfAnalystOpinions": 3, "totalCash": 874977024, "totalCashPerShare": 37.317, "ebitda": 587969024, "totalDebt": 641734016, "totalRevenue": 11757215744, "debtToEquity": 10.521, "revenuePerShare": 501.664, "grossProfits": 3911487000, "earningsGrowth": -0.174, "revenueGrowth": -0.06, "grossMargins": 0.27457002, "ebitdaMargins": 0.05001, "operatingMargins": 0.0055299997, "profitMargins": 0.022780001, "financialCurrency": "INR"}}}