{"DIAMONDYD.BO": {"recommendationTrend": {"trend": [{"period": "0m", "strongBuy": 0, "buy": 0, "hold": 0, "sell": 0, "strongSell": 0}, {"period": "-1m", "strongBuy": 0, "buy": 0, "hold": 0, "sell": 0, "strongSell": 0}, {"period": "-2m", "strongBuy": 0, "buy": 0, "hold": 0, "sell": 0, "strongSell": 0}, {"period": "-3m", "strongBuy": 0, "buy": 0, "hold": 0, "sell": 0, "strongSell": 0}], "maxAge": 86400}, "cashflowStatementHistory": {"cashflowStatements": [{"maxAge": 1, "endDate": "2020-03-31", "netIncome": 469196000, "depreciation": 611840000, "changeToNetincome": -171838000, "changeToAccountReceivables": -43351000, "changeToLiabilities": 18640000, "changeToInventory": -141842000, "changeToOperatingActivities": 2991000, "totalCashFromOperatingActivities": 751208000, "capitalExpenditures": -588474000, "investments": 48220000, "otherCashflowsFromInvestingActivities": 38822000, "totalCashflowsFromInvestingActivities": -493397000, "dividendsPaid": -23453000, "netBorrowings": -260337000, "otherCashflowsFromFinancingActivities": 3962000, "totalCashFromFinancingActivities": -279828000, "changeInCash": -22017000}, {"maxAge": 1, "endDate": "2019-03-31", "netIncome": 446413000, "depreciation": 373931000, "changeToNetincome": -139501000, "changeToAccountReceivables": -88745000, "changeToLiabilities": -183840000, "changeToInventory": -267412000, "changeToOperatingActivities": -34948000, "totalCashFromOperatingActivities": 108329000, "capitalExpenditures": -383383000, "investments": 1074874000, "otherCashflowsFromInvestingActivities": 100400000, "totalCashflowsFromInvestingActivities": -593308000, "dividendsPaid": -23453000, "netBorrowings": 54985000, "otherCashflowsFromFinancingActivities": 48787000, "totalCashFromFinancingActivities": 80319000, "changeInCash": -243660000}, {"maxAge": 1, "endDate": "2018-03-31", "netIncome": 441773000, "depreciation": 301863000, "changeToNetincome": 10570000, "changeToAccountReceivables": -65862000, "changeToLiabilities": 280742000, "changeToInventory": -108192000, "changeToOperatingActivities": -25809000, "totalCashFromOperatingActivities": 837399000, "capitalExpenditures": -488567000, "investments": -1561512000, "otherCashflowsFromInvestingActivities": 41965000, "totalCashflowsFromInvestingActivities": -2017629000, "dividendsPaid": -23453000, "netBorrowings": -733376000, "otherCashflowsFromFinancingActivities": -15506000, "totalCashFromFinancingActivities": 1627130000, "changeInCash": 446900000, "issuanceOfStock": 2376012000}, {"maxAge": 1, "endDate": "2017-03-31", "netIncome": 205772000, "depreciation": 252214000, "changeToNetincome": -67219000, "changeToAccountReceivables": 31569000, "changeToLiabilities": 176493000, "changeToInventory": -109204000, "changeToOperatingActivities": -179501000, "totalCashFromOperatingActivities": 312606000, "capitalExpenditures": -531644000, "investments": -9520000, "otherCashflowsFromInvestingActivities": 5791000, "totalCashflowsFromInvestingActivities": -589892000, "dividendsPaid": -23453000, "netBorrowings": 261480000, "otherCashflowsFromFinancingActivities": -45491000, "totalCashFromFinancingActivities": 328153000, "changeInCash": 50867000, "issuanceOfStock": 112164000}], "maxAge": 86400}, "institutionOwnership": {"maxAge": 1, "ownershipList": []}, "balanceSheetHistoryQuarterly": {"balanceSheetStatements": [{"maxAge": 1, "endDate": "2020-06-30", "totalStockholderEquity": 6079969000, "netTangibleAssets": 3794189000}, {"maxAge": 1, "endDate": "2020-03-31", "cash": 264661000, "shortTermInvestments": 235232000, "netReceivables": 386408000, "inventory": 1323083000, "otherCurrentAssets": 203136000, "totalCurrentAssets": 2418218000, "longTermInvestments": 224501000, "propertyPlantEquipment": 3788967000, "goodWill": 461100000, "intangibleAssets": 1824680000, "otherAssets": 490928000, "deferredLongTermAssetCharges": 2200000, "totalAssets": 9208394000, "accountsPayable": 874667000, "otherCurrentLiab": 132411000, "otherLiab": 1356776000, "totalCurrentLiabilities": 1190355000, "totalLiab": 3128425000, "commonStock": 117265000, "retainedEarnings": 2107269000, "treasuryStock": 27159000, "capitalSurplus": 3828276000, "otherStockholderEquity": 27159000, "totalStockholderEquity": 6079969000, "netTangibleAssets": 3794189000}, {"maxAge": 1, "endDate": "2019-12-31", "totalStockholderEquity": 5808360000, "netTangibleAssets": 3466958000}, {"maxAge": 1, "endDate": "2019-09-30", "cash": 1067818000, "netReceivables": 466482000, "inventory": 1136668000, "otherCurrentAssets": 225968000, "totalCurrentAssets": 2896936000, "longTermInvestments": 330955000, "propertyPlantEquipment": 3869848000, "goodWill": 461100000, "intangibleAssets": 1880302000, "otherAssets": 206527000, "totalAssets": 9645668000, "accountsPayable": 1231553000, "otherCurrentLiab": 199213000, "otherLiab": 1598634000, "totalCurrentLiabilities": 1564719000, "totalLiab": 3837308000, "commonStock": 117265000, "treasuryStock": 5691095000, "otherStockholderEquity": 5691095000, "totalStockholderEquity": 5808360000, "netTangibleAssets": 3466958000}], "maxAge": 86400}, "earningsHistory": {"history": [{"maxAge": 1, "epsActual": {}, "epsEstimate": {}, "epsDifference": {}, "surprisePercent": {}, "quarter": {}, "period": "-4q"}, {"maxAge": 1, "epsActual": {}, "epsEstimate": {}, "epsDifference": {}, "surprisePercent": {}, "quarter": {}, "period": "-3q"}, {"maxAge": 1, "epsActual": {}, "epsEstimate": {}, "epsDifference": {}, "surprisePercent": {}, "quarter": {}, "period": "-2q"}, {"maxAge": 1, "epsActual": 4.43, "epsEstimate": 5.0, "epsDifference": -0.57, "surprisePercent": -0.11399999, "quarter": "2018-06-30", "period": "-1q"}], "maxAge": 86400}, "indexTrend": {"maxAge": 1, "symbol": "SP5", "peRatio": 19.7411, "pegRatio": 1.34172, "estimates": [{"period": "0q", "growth": 0.549}, {"period": "+1q", "growth": 0.431}, {"period": "0y", "growth": 0.305}, {"period": "+1y", "growth": 0.109}, {"period": "+5y", "growth": 0.120865}, {"period": "-5y"}]}, "industryTrend": {"maxAge": 1, "symbol": null, "estimates": []}, "insiderTransactions": {"transactions": [{"maxAge": 1, "shares": 2483, "value": 21032, "filerUrl": "", "transactionText": "Acquisition at price 8.47 per share.", "filerName": "Kumat (Apurva)", "filerRelation": "Promoter", "moneyText": "", "startDate": "2020-09-11", "ownership": "D"}, {"maxAge": 1, "shares": 2500, "value": 20921, "filerUrl": "", "transactionText": "Acquisition at price 8.37 per share.", "filerName": "Kumat (Amit)", "filerRelation": "Director (Executive)", "moneyText": "", "startDate": "2020-09-09", "ownership": "D"}, {"maxAge": 1, "shares": 2000, "value": 16749, "filerUrl": "", "transactionText": "Acquisition at price 8.37 per share.", "filerName": "Kumat (Apurva)", "filerRelation": "Director", "moneyText": "", "startDate": "2020-09-08", "ownership": "D"}, {"maxAge": 1, "shares": 979, "value": 8376, "filerUrl": "", "transactionText": "Acquisition at price 8.56 per share.", "filerName": "Sharma (Sumit)", "filerRelation": "UNREPORTED", "moneyText": "", "startDate": "2020-09-01", "ownership": "D"}, {"maxAge": 1, "shares": 300, "value": 2482, "filerUrl": "", "transactionText": "Acquisition at price 8.28 per share.", "filerName": "Sharma (Sumit)", "filerRelation": "UNREPORTED", "moneyText": "", "startDate": "2020-09-01", "ownership": "D"}, {"maxAge": 1, "shares": 666, "value": 5476, "filerUrl": "", "transactionText": "Acquisition at price 8.22 per share.", "filerName": "Sharma (Roshni)", "filerRelation": "UNREPORTED", "moneyText": "", "startDate": "2020-09-01", "ownership": "D"}, {"maxAge": 1, "shares": 1750, "value": 14086, "filerUrl": "", "transactionText": "Acquisition at price 8.05 per share.", "filerName": "Sharma (Sumit)", "filerRelation": "UNREPORTED", "moneyText": "", "startDate": "2020-08-26", "ownership": "D"}, {"maxAge": 1, "shares": 1724, "value": 13775, "filerUrl": "", "transactionText": "Acquisition at price 7.99 per share.", "filerName": "Sharma (Sumit)", "filerRelation": "UNREPORTED", "moneyText": "", "startDate": "2020-08-24", "ownership": "D"}, {"maxAge": 1, "shares": 1047, "value": 8440, "filerUrl": "", "transactionText": "Acquisition at price 8.06 per share.", "filerName": "Sharma (Roshni)", "filerRelation": "UNREPORTED", "moneyText": "", "startDate": "2020-08-24", "ownership": "D"}, {"maxAge": 1, "shares": 1350, "value": 10661, "filerUrl": "", "transactionText": "Acquisition at price 7.90 per share.", "filerName": "Sharma (Sumit)", "filerRelation": "UNREPORTED", "moneyText": "", "startDate": "2020-08-20", "ownership": "D"}, {"maxAge": 1, "shares": 1647, "value": 12808, "filerUrl": "", "transactionText": "Acquisition at price 7.78 per share.", "filerName": "Sharma (Roshni)", "filerRelation": "UNREPORTED", "moneyText": "", "startDate": "2020-08-20", "ownership": "D"}, {"maxAge": 1, "shares": 50, "value": 387, "filerUrl": "", "transactionText": "Acquisition at price 7.75 per share.", "filerName": "Sharma (Roshni)", "filerRelation": "UNREPORTED", "moneyText": "", "startDate": "2020-08-18", "ownership": "D"}, {"maxAge": 1, "shares": 1750, "filerUrl": "", "transactionText": "", "filerName": "Kumat (Amit)", "filerRelation": "Chief Executive Officer", "moneyText": "", "startDate": "2020-03-23", "ownership": "D"}, {"maxAge": 1, "shares": 3915, "filerUrl": "", "transactionText": "", "filerName": "Brahme (Deepak)", "filerRelation": "Vice President", "moneyText": "", "startDate": "2019-12-05", "ownership": "D"}], "maxAge": 1}, "quoteType": {"exchange": "BSE", "quoteType": "EQUITY", "symbol": "DIAMONDYD.BO", "underlyingSymbol": "DIAMONDYD.BO", "shortName": "Prataap Snacks Limited", "longName": "Prataap Snacks Limited", "firstTradeDateEpochUtc": "2017-10-05 09:15:00", "timeZoneFullName": "Asia/Kolkata", "timeZoneShortName": "IST", "uuid": "c6fc19f2-c764-3844-9b79-40e69dac06f0", "messageBoardId": null, "gmtOffSetMilliseconds": 19800000, "maxAge": 1}, "incomeStatementHistory": {"incomeStatementHistory": [{"maxAge": 1, "endDate": "2020-03-31", "totalRevenue": 13937942000, "costOfRevenue": 10026455000, "grossProfit": 3911487000, "researchDevelopment": {}, "sellingGeneralAdministrative": 738680000, "nonRecurring": {}, "otherOperatingExpenses": 2231140000, "totalOperatingExpenses": 13613687000, "operatingIncome": 324255000, "totalOtherIncomeExpenseNet": 12500000, "ebit": 324255000, "interestExpense": -74223000, "incomeBeforeTax": 336755000, "incomeTaxExpense": -132441000, "minorityInterest": {}, "netIncomeFromContinuingOps": 469196000, "discontinuedOperations": {}, "extraordinaryItems": {}, "effectOfAccountingCharges": {}, "otherItems": {}, "netIncome": 469196000, "netIncomeApplicableToCommonShares": 469196000}, {"maxAge": 1, "endDate": "2019-03-31", "totalRevenue": 11706096000, "costOfRevenue": 8301587000, "grossProfit": 3404509000, "researchDevelopment": {}, "sellingGeneralAdministrative": 661469000, "nonRecurring": {}, "otherOperatingExpenses": 1909612000, "totalOperatingExpenses": 11249030000, "operatingIncome": 457066000, "totalOtherIncomeExpenseNet": 99531000, "ebit": 457066000, "interestExpense": -6719000, "incomeBeforeTax": 556597000, "incomeTaxExpense": 110184000, "minorityInterest": {}, "netIncomeFromContinuingOps": 446413000, "discontinuedOperations": {}, "extraordinaryItems": {}, "effectOfAccountingCharges": {}, "otherItems": {}, "netIncome": 446413000, "netIncomeApplicableToCommonShares": 446413000}, {"maxAge": 1, "endDate": "2018-03-31", "totalRevenue": 10173553000, "costOfRevenue": 6918549000, "grossProfit": 3255004000, "researchDevelopment": {}, "sellingGeneralAdministrative": 689423000, "nonRecurring": {}, "otherOperatingExpenses": 1690705000, "totalOperatingExpenses": 9602854000, "operatingIncome": 570699000, "totalOtherIncomeExpenseNet": 45907000, "ebit": 570699000, "interestExpense": -22224000, "incomeBeforeTax": 616606000, "incomeTaxExpense": 174833000, "minorityInterest": {}, "netIncomeFromContinuingOps": 441773000, "discontinuedOperations": {}, "extraordinaryItems": {}, "effectOfAccountingCharges": {}, "otherItems": {}, "netIncome": 441773000, "netIncomeApplicableToCommonShares": 441773000}, {"maxAge": 1, "endDate": "2017-03-31", "totalRevenue": 8939577000, "costOfRevenue": 6307971000, "grossProfit": 2631606000, "researchDevelopment": {}, "sellingGeneralAdministrative": 686405000, "nonRecurring": {}, "otherOperatingExpenses": 1519592000, "totalOperatingExpenses": 8768664000, "operatingIncome": 170913000, "totalOtherIncomeExpenseNet": -22332000, "ebit": 170913000, "interestExpense": -43150000, "incomeBeforeTax": 148581000, "incomeTaxExpense": -57191000, "minorityInterest": {}, "netIncomeFromContinuingOps": 205772000, "discontinuedOperations": {}, "extraordinaryItems": {}, "effectOfAccountingCharges": {}, "otherItems": {}, "netIncome": 205772000, "netIncomeApplicableToCommonShares": 205772000}], "maxAge": 86400}, "fundOwnership": {"maxAge": 1, "ownershipList": []}, "summaryDetail": {"maxAge": 1, "priceHint": 2, "previousClose": 543.1, "open": 549.85, "dayLow": 540.0, "dayHigh": 560.0, "regularMarketPreviousClose": 543.1, "regularMarketOpen": 549.85, "regularMarketDayLow": 540.0, "regularMarketDayHigh": 560.0, "trailingPE": 40.83383, "forwardPE": 18.210825, "volume": 449, "regularMarketVolume": 449, "averageVolume": 1345, "averageVolume10days": 1229, "averageDailyVolume10Day": 1229, "bid": 542.35, "ask": 547.8, "bidSize": 0, "askSize": 0, "marketCap": 12783056896, "fiftyTwoWeekLow": 435.1, "fiftyTwoWeekHigh": 760.0, "fiftyDayAverage": 677.90735, "twoHundredDayAverage": 630.4482, "trailingAnnualDividendRate": 1.0, "trailingAnnualDividendYield": 0.0018412817, "currency": "INR", "fromCurrency": null, "toCurrency": null, "lastMarket": null, "algorithm": null, "tradeable": false}, "sectorTrend": {"maxAge": 1, "symbol": null, "estimates": []}, "incomeStatementHistoryQuarterly": {"incomeStatementHistory": [{"maxAge": 1, "endDate": "2020-06-30", "totalRevenue": 1957381000, "costOfRevenue": 1405172000, "grossProfit": 552209000, "researchDevelopment": {}, "sellingGeneralAdministrative": 118995000, "nonRecurring": {}, "otherOperatingExpenses": 350837000, "totalOperatingExpenses": 2034547000, "operatingIncome": -77166000, "totalOtherIncomeExpenseNet": 1696000, "ebit": -77166000, "interestExpense": -17406000, "incomeBeforeTax": -75470000, "incomeTaxExpense": -15881000, "minorityInterest": {}, "netIncomeFromContinuingOps": -59589000, "discontinuedOperations": {}, "extraordinaryItems": {}, "effectOfAccountingCharges": {}, "otherItems": {}, "netIncome": -59589000, "netIncomeApplicableToCommonShares": -59589000}, {"maxAge": 1, "endDate": "2020-03-31", "totalRevenue": 3141716000, "costOfRevenue": 2385558000, "grossProfit": 756158000, "researchDevelopment": {}, "sellingGeneralAdministrative": 305718000, "nonRecurring": {}, "otherOperatingExpenses": 308485000, "totalOperatingExpenses": 3153573000, "operatingIncome": -11857000, "totalOtherIncomeExpenseNet": 1868000, "ebit": -11857000, "interestExpense": -15142000, "incomeBeforeTax": -9989000, "incomeTaxExpense": -207560000, "minorityInterest": {}, "netIncomeFromContinuingOps": 197571000, "discontinuedOperations": {}, "extraordinaryItems": {}, "effectOfAccountingCharges": {}, "otherItems": {}, "netIncome": 197571000, "netIncomeApplicableToCommonShares": 197571000}, {"maxAge": 1, "endDate": "2019-12-31", "totalRevenue": 3606263000, "costOfRevenue": 2588943000, "grossProfit": 1017320000, "researchDevelopment": {}, "sellingGeneralAdministrative": 155849000, "nonRecurring": {}, "otherOperatingExpenses": 645352000, "totalOperatingExpenses": 3542799000, "operatingIncome": 63464000, "totalOtherIncomeExpenseNet": 7765000, "ebit": 63464000, "interestExpense": -17579000, "incomeBeforeTax": 71229000, "incomeTaxExpense": 16032000, "minorityInterest": {}, "netIncomeFromContinuingOps": 55197000, "discontinuedOperations": {}, "extraordinaryItems": {}, "effectOfAccountingCharges": {}, "otherItems": {}, "netIncome": 55197000, "netIncomeApplicableToCommonShares": 55197000}, {"maxAge": 1, "endDate": "2019-09-30", "totalRevenue": 3880022000, "costOfRevenue": 2718460000, "grossProfit": 1161562000, "researchDevelopment": {}, "sellingGeneralAdministrative": 148503000, "nonRecurring": {}, "otherOperatingExpenses": 701581000, "totalOperatingExpenses": 3726659000, "operatingIncome": 153363000, "totalOtherIncomeExpenseNet": 2112000, "ebit": 153363000, "interestExpense": -20700000, "incomeBeforeTax": 155475000, "incomeTaxExpense": 35578000, "minorityInterest": {}, "netIncomeFromContinuingOps": 119897000, "discontinuedOperations": {}, "extraordinaryItems": {}, "effectOfAccountingCharges": {}, "otherItems": {}, "netIncome": 119897000, "netIncomeApplicableToCommonShares": 119897000}], "maxAge": 86400}, "cashflowStatementHistoryQuarterly": {"cashflowStatements": [{"maxAge": 1, "endDate": "2020-06-30", "netIncome": -59589000, "changeToLiabilities": 0}, {"maxAge": 1, "endDate": "2020-03-31", "netIncome": 197571000, "changeToLiabilities": 0}, {"maxAge": 1, "endDate": "2019-12-31", "netIncome": 55197000, "changeToLiabilities": 0}, {"maxAge": 1, "endDate": "2019-09-30", "netIncome": 119897000, "changeToLiabilities": 0}], "maxAge": 86400}, "insiderHolders": {"holders": [{"maxAge": 1, "name": "Brahme (Deepak)", "relation": "Vice President", "url": "", "transactionDescription": "Sale", "latestTransDate": "2019-12-05", "positionDirect": 15323, "positionDirectDate": "2019-12-05"}, {"maxAge": 1, "name": "Kumat (Amit)", "relation": "Director (Executive)", "url": "", "transactionDescription": "Acquisition", "latestTransDate": "2020-09-09", "positionDirect": 580248, "positionDirectDate": "2020-09-09"}, {"maxAge": 1, "name": "Kumat (Apurva)", "relation": "Promoter", "url": "", "transactionDescription": "Acquisition", "latestTransDate": "2020-09-11", "positionDirect": 554145, "positionDirectDate": "2020-09-11"}, {"maxAge": 1, "name": "Sharma (Roshni)", "relation": "UNREPORTED", "url": "", "transactionDescription": "Acquisition", "latestTransDate": "2020-09-01", "positionDirect": 3410, "positionDirectDate": "2020-09-01"}, {"maxAge": 1, "name": "Sharma (Sumit)", "relation": "UNREPORTED", "url": "", "transactionDescription": "Acquisition", "latestTransDate": "2020-09-01", "positionDirect": 91264, "positionDirectDate": "2020-09-01"}], "maxAge": 1}, "earnings": {"maxAge": 86400, "earningsChart": {"quarterly": [{"date": "2Q2018", "actual": 4.43, "estimate": 5.0}], "currentQuarterEstimateDate": "3Q", "currentQuarterEstimateYear": 2018, "earningsDate": []}, "financialsChart": {"yearly": [{"date": 2017, "revenue": 8939577000, "earnings": 205772000}, {"date": 2018, "revenue": 10173553000, "earnings": 441773000}, {"date": 2019, "revenue": 11706096000, "earnings": 446413000}, {"date": 2020, "revenue": 13937942000, "earnings": 469196000}], "quarterly": [{"date": "3Q2019", "revenue": 3880022000, "earnings": 119897000}, {"date": "4Q2019", "revenue": 3606263000, "earnings": 55197000}, {"date": "1Q2020", "revenue": 3141716000, "earnings": 197571000}, {"date": "2Q2020", "revenue": 1957381000, "earnings": -59589000}]}, "financialCurrency": "INR"}, "calendarEvents": {"maxAge": 1, "earnings": {"earningsDate": [], "revenueAverage": 2872250000, "revenueLow": 3129000000, "revenueHigh": 3129000000}}, "price": {"maxAge": 1, "regularMarketChangePercent": 0.0035905214, "regularMarketChange": 1.9500122, "regularMarketTime": "2021-04-30 15:29:05", "priceHint": 2, "regularMarketPrice": 545.05, "regularMarketDayHigh": 560.0, "regularMarketDayLow": 540.0, "regularMarketVolume": 449, "averageDailyVolume10Day": 1229, "averageDailyVolume3Month": 1345, "regularMarketPreviousClose": 543.1, "regularMarketSource": "FREE_REALTIME", "regularMarketOpen": 549.85, "exchange": "BSE", "exchangeName": "BSE", "exchangeDataDelayedBy": 0, "marketState": "CLOSED", "quoteType": "EQUITY", "symbol": "DIAMONDYD.BO", "underlyingSymbol": null, "shortName": "Prataap Snacks Limited", "longName": "Prataap Snacks Limited", "currency": "INR", "quoteSourceName": "Delayed Quote", "currencySymbol": "\u20b9", "fromCurrency": null, "toCurrency": null, "lastMarket": null, "marketCap": 12783056896}, "balanceSheetHistory": {"balanceSheetStatements": [{"maxAge": 1, "endDate": "2020-03-31", "cash": 264661000, "shortTermInvestments": 235232000, "netReceivables": 386408000, "inventory": 1323083000, "otherCurrentAssets": 203136000, "totalCurrentAssets": 2418218000, "longTermInvestments": 224501000, "propertyPlantEquipment": 3788967000, "goodWill": 461100000, "intangibleAssets": 1824680000, "otherAssets": 490928000, "deferredLongTermAssetCharges": 2200000, "totalAssets": 9208394000, "accountsPayable": 874667000, "otherCurrentLiab": 132411000, "otherLiab": 1356776000, "totalCurrentLiabilities": 1190355000, "totalLiab": 3128425000, "commonStock": 117265000, "retainedEarnings": 2107269000, "treasuryStock": 27159000, "capitalSurplus": 3828276000, "otherStockholderEquity": 27159000, "totalStockholderEquity": 6079969000, "netTangibleAssets": 3794189000}, {"maxAge": 1, "endDate": "2019-03-31", "cash": 286678000, "shortTermInvestments": 495559000, "netReceivables": 316125000, "inventory": 1194843000, "otherCurrentAssets": 285488000, "totalCurrentAssets": 2584181000, "longTermInvestments": 10000, "propertyPlantEquipment": 2940233000, "goodWill": 461100000, "intangibleAssets": 1926527000, "otherAssets": 344214000, "totalAssets": 8256265000, "accountsPayable": 856495000, "otherCurrentLiab": 150164000, "otherLiab": 1397020000, "totalCurrentLiabilities": 1245674000, "totalLiab": 2642694000, "commonStock": 117265000, "retainedEarnings": 1668030000, "capitalSurplus": 3828276000, "totalStockholderEquity": 5613571000, "netTangibleAssets": 3225944000}, {"maxAge": 1, "endDate": "2018-03-31", "cash": 530338000, "shortTermInvestments": 1581107000, "netReceivables": 336392000, "inventory": 896872000, "otherCurrentAssets": 255444000, "totalCurrentAssets": 3604175000, "longTermInvestments": 10000, "propertyPlantEquipment": 2662743000, "intangibleAssets": 43769000, "otherAssets": 315044000, "deferredLongTermAssetCharges": 58114000, "totalAssets": 6625741000, "accountsPayable": 996891000, "otherCurrentLiab": 274961000, "otherLiab": 55583000, "totalCurrentLiabilities": 1374752000, "totalLiab": 1430335000, "commonStock": 117265000, "retainedEarnings": 1248648000, "capitalSurplus": 3829493000, "totalStockholderEquity": 5195406000, "netTangibleAssets": 5151637000}, {"maxAge": 1, "endDate": "2017-03-31", "cash": 83438000, "shortTermInvestments": 11119000, "netReceivables": 207782000, "inventory": 788680000, "otherCurrentAssets": 191909000, "totalCurrentAssets": 1286227000, "longTermInvestments": 12000, "propertyPlantEquipment": 2488523000, "intangibleAssets": 76657000, "otherAssets": 307255000, "deferredLongTermAssetCharges": 80317000, "totalAssets": 4158674000, "accountsPayable": 716149000, "shortLongTermDebt": 148577000, "otherCurrentLiab": 194583000, "longTermDebt": 387163000, "otherLiab": 55477000, "totalCurrentLiabilities": 1339091000, "totalLiab": 1781731000, "commonStock": 19055000, "retainedEarnings": 806197000, "treasuryStock": 88543000, "capitalSurplus": 1463148000, "otherStockholderEquity": 88543000, "totalStockholderEquity": 2376943000, "netTangibleAssets": 2300286000}], "maxAge": 86400}, "earningsTrend": {"trend": [{"maxAge": 1, "period": "0q", "endDate": "2018-09-30", "growth": {}, "earningsEstimate": {"avg": 0.0, "low": 0.0, "high": 0.0, "yearAgoEps": {}, "numberOfAnalysts": 0, "growth": {}}, "revenueEstimate": {"avg": 2872250000, "low": 3129000000, "high": 3129000000, "numberOfAnalysts": 1, "yearAgoRevenue": {}, "growth": {}}, "epsTrend": {"current": 0.0, "7daysAgo": 0.0, "30daysAgo": 0.0, "60daysAgo": 0.0, "90daysAgo": 0.0}, "epsRevisions": {"upLast7days": 0, "upLast30days": 0, "downLast30days": 0, "downLast90days": {}}}, {"maxAge": 1, "period": "+1q", "endDate": "2018-12-31", "growth": {}, "earningsEstimate": {"avg": 0.0, "low": 0.0, "high": 0.0, "yearAgoEps": {}, "numberOfAnalysts": 0, "growth": {}}, "revenueEstimate": {"avg": 0, "low": 0, "high": 0, "numberOfAnalysts": 0, "yearAgoRevenue": {}, "growth": {}}, "epsTrend": {"current": 0.0, "7daysAgo": 0.0, "30daysAgo": 0.0, "60daysAgo": 0.0, "90daysAgo": 0.0}, "epsRevisions": {"upLast7days": 0, "upLast30days": 0, "downLast30days": 0, "downLast90days": {}}}, {"maxAge": 1, "period": "0y", "endDate": "2019-03-31", "growth": {}, "earningsEstimate": {"avg": 0.0, "low": 0.0, "high": 0.0, "yearAgoEps": {}, "numberOfAnalysts": 0, "growth": {}}, "revenueEstimate": {"avg": 12404000000, "low": 11764000000, "high": 13044000000, "numberOfAnalysts": 2, "yearAgoRevenue": 10220700000, "growth": 0.214}, "epsTrend": {"current": 0.0, "7daysAgo": 19.24, "30daysAgo": 19.24, "60daysAgo": 19.24, "90daysAgo": 19.24}, "epsRevisions": {"upLast7days": 0, "upLast30days": 0, "downLast30days": 0, "downLast90days": {}}}, {"maxAge": 1, "period": "+1y", "endDate": "2020-03-31", "growth": {}, "earningsEstimate": {"avg": 0.0, "low": 0.0, "high": 0.0, "yearAgoEps": {}, "numberOfAnalysts": 0, "growth": {}}, "revenueEstimate": {"avg": 15315000000, "low": 13934000000, "high": 16696000000, "numberOfAnalysts": 2, "yearAgoRevenue": 12404000000, "growth": 0.235}, "epsTrend": {"current": 0.0, "7daysAgo": 29.93, "30daysAgo": 29.93, "60daysAgo": 29.93, "90daysAgo": 29.93}, "epsRevisions": {"upLast7days": 0, "upLast30days": 0, "downLast30days": 0, "downLast90days": {}}}, {"maxAge": 1, "period": "+5y", "endDate": null, "growth": {}, "earningsEstimate": {"avg": {}, "low": {}, "high": {}, "yearAgoEps": {}, "numberOfAnalysts": {}, "growth": {}}, "revenueEstimate": {"avg": {}, "low": {}, "high": {}, "numberOfAnalysts": {}, "yearAgoRevenue": {}, "growth": {}}, "epsTrend": {"current": {}, "7daysAgo": {}, "30daysAgo": {}, "60daysAgo": {}, "90daysAgo": {}}, "epsRevisions": {"upLast7days": {}, "upLast30days": {}, "downLast30days": {}, "downLast90days": {}}}, {"maxAge": 1, "period": "-5y", "endDate": null, "growth": {}, "earningsEstimate": {"avg": {}, "low": {}, "high": {}, "yearAgoEps": {}, "numberOfAnalysts": {}, "growth": {}}, "revenueEstimate": {"avg": {}, "low": {}, "high": {}, "numberOfAnalysts": {}, "yearAgoRevenue": {}, "growth": {}}, "epsTrend": {"current": {}, "7daysAgo": {}, "30daysAgo": {}, "60daysAgo": {}, "90daysAgo": {}}, "epsRevisions": {"upLast7days": {}, "upLast30days": {}, "downLast30days": {}, "downLast90days": {}}}], "maxAge": 1}, "financialData": {"maxAge": 86400, "currentPrice": 545.05, "targetHighPrice": 1540.0, "targetLowPrice": 1330.0, "targetMeanPrice": 1435.0, "targetMedianPrice": 1435.0, "recommendationKey": "none", "numberOfAnalystOpinions": 2, "grossProfits": 3911487000, "financialCurrency": "INR"}}}