{"DIANATEA.BO": {"cashflowStatementHistory": {"cashflowStatements": [{"maxAge": 1, "endDate": "2020-03-31", "netIncome": 4665000, "depreciation": 15977000, "changeToNetincome": 3866000, "changeToAccountReceivables": -13686000, "changeToLiabilities": 34824000, "changeToInventory": -2521000, "totalCashFromOperatingActivities": 43125000, "capitalExpenditures": -38970000, "investments": -2433000, "otherCashflowsFromInvestingActivities": 3509000, "totalCashflowsFromInvestingActivities": -37894000, "netBorrowings": 6785000, "otherCashflowsFromFinancingActivities": -22278000, "totalCashFromFinancingActivities": -15493000, "changeInCash": -10262000}, {"maxAge": 1, "endDate": "2019-03-31", "netIncome": -11850000, "depreciation": 15487000, "changeToNetincome": -319000, "changeToAccountReceivables": 9793000, "changeToLiabilities": 12137000, "changeToInventory": 17143000, "totalCashFromOperatingActivities": 42391000, "capitalExpenditures": -60785000, "investments": -10175000, "otherCashflowsFromInvestingActivities": 12451000, "totalCashflowsFromInvestingActivities": -57951000, "dividendsPaid": -3748000, "netBorrowings": 43006000, "otherCashflowsFromFinancingActivities": -14668000, "totalCashFromFinancingActivities": 24590000, "changeInCash": 9030000}, {"maxAge": 1, "endDate": "2018-03-31", "netIncome": 22561000, "depreciation": 13441000, "changeToNetincome": 1613000, "changeToAccountReceivables": 70112000, "changeToLiabilities": -54184000, "changeToInventory": -5840000, "totalCashFromOperatingActivities": 47703000, "capitalExpenditures": -69526000, "investments": -11187000, "otherCashflowsFromInvestingActivities": 23644000, "totalCashflowsFromInvestingActivities": -56810000, "dividendsPaid": -3743000, "netBorrowings": 23390000, "otherCashflowsFromFinancingActivities": -13986000, "totalCashFromFinancingActivities": 5661000, "changeInCash": -3446000}, {"maxAge": 1, "endDate": "2017-03-31", "netIncome": 21831000, "depreciation": 14119000, "changeToNetincome": -6084000, "changeToAccountReceivables": -39133000, "changeToLiabilities": 14516000, "changeToInventory": 4324000, "totalCashFromOperatingActivities": 9573000, "capitalExpenditures": -49039000, "investments": 25643000, "otherCashflowsFromInvestingActivities": 13426000, "totalCashflowsFromInvestingActivities": -9502000, "dividendsPaid": -3718000, "netBorrowings": 13637000, "otherCashflowsFromFinancingActivities": -14655000, "totalCashFromFinancingActivities": -4736000, "changeInCash": -4665000}], "maxAge": 86400}, "institutionOwnership": {"maxAge": 1, "ownershipList": []}, "balanceSheetHistoryQuarterly": {"balanceSheetStatements": [{"maxAge": 1, "endDate": "2020-06-30", "totalStockholderEquity": 591456000, "netTangibleAssets": 591456000}, {"maxAge": 1, "endDate": "2020-03-31", "cash": 2180000, "shortTermInvestments": 5776000, "netReceivables": 149990000, "inventory": 50368000, "otherCurrentAssets": 9581000, "totalCurrentAssets": 234326000, "longTermInvestments": 26837000, "propertyPlantEquipment": 644733000, "otherAssets": 37334000, "deferredLongTermAssetCharges": 7873000, "totalAssets": 943230000, "accountsPayable": 38949000, "shortLongTermDebt": 21408000, "otherCurrentLiab": 23825000, "longTermDebt": 122840000, "otherLiab": 11772000, "totalCurrentLiabilities": 217162000, "totalLiab": 351774000, "commonStock": 74955000, "retainedEarnings": 351435000, "treasuryStock": 132705000, "capitalSurplus": 32361000, "otherStockholderEquity": 132705000, "totalStockholderEquity": 591456000, "netTangibleAssets": 591456000}, {"maxAge": 1, "endDate": "2019-12-31", "totalStockholderEquity": 661799000, "netTangibleAssets": 661799000}, {"maxAge": 1, "endDate": "2019-09-30", "cash": 9145000, "shortTermInvestments": 18874000, "netReceivables": 149901000, "inventory": 112192000, "otherCurrentAssets": 35339000, "totalCurrentAssets": 325451000, "longTermInvestments": 28807000, "propertyPlantEquipment": 642546000, "otherAssets": 34083000, "deferredLongTermAssetCharges": 4333000, "totalAssets": 1030887000, "accountsPayable": 27944000, "otherCurrentLiab": 61904000, "longTermDebt": 134466000, "otherLiab": 14989000, "totalCurrentLiabilities": 219633000, "totalLiab": 369088000, "commonStock": 74955000, "treasuryStock": 586844000, "otherStockholderEquity": 586844000, "totalStockholderEquity": 661799000, "netTangibleAssets": 661799000}], "maxAge": 86400}, "indexTrend": {"maxAge": 1, "symbol": "SP5", "peRatio": 19.7411, "pegRatio": 1.34172, "estimates": [{"period": "0q", "growth": 0.549}, {"period": "+1q", "growth": 0.431}, {"period": "0y", "growth": 0.305}, {"period": "+1y", "growth": 0.109}, {"period": "+5y", "growth": 0.120859005}, {"period": "-5y"}]}, "quoteType": {"exchange": "BSE", "quoteType": "EQUITY", "symbol": "DIANATEA.BO", "underlyingSymbol": "DIANATEA.BO", "shortName": "DIANA TEA CO.LTD.", "longName": "Diana Tea Company Limited", "firstTradeDateEpochUtc": "2003-09-30 09:15:00", "timeZoneFullName": "Asia/Kolkata", "timeZoneShortName": "IST", "uuid": "b2a64d0f-d15a-3c41-b98c-d53c995dd1b8", "messageBoardId": null, "gmtOffSetMilliseconds": 19800000, "maxAge": 1}, "incomeStatementHistory": {"incomeStatementHistory": [{"maxAge": 1, "endDate": "2020-03-31", "totalRevenue": 611103000, "costOfRevenue": 43919000, "grossProfit": 567184000, "researchDevelopment": {}, "sellingGeneralAdministrative": 366963000, "nonRecurring": {}, "otherOperatingExpenses": 167024000, "totalOperatingExpenses": 593883000, "operatingIncome": 17220000, "totalOtherIncomeExpenseNet": -12935000, "ebit": 17220000, "interestExpense": -21286000, "incomeBeforeTax": 4285000, "incomeTaxExpense": -380000, "minorityInterest": {}, "netIncomeFromContinuingOps": 4665000, "discontinuedOperations": {}, "extraordinaryItems": {}, "effectOfAccountingCharges": {}, "otherItems": {}, "netIncome": 4665000, "netIncomeApplicableToCommonShares": 4665000}, {"maxAge": 1, "endDate": "2019-03-31", "totalRevenue": 623069000, "costOfRevenue": 89573000, "grossProfit": 533496000, "researchDevelopment": {}, "sellingGeneralAdministrative": 341668000, "nonRecurring": {}, "otherOperatingExpenses": 180992000, "totalOperatingExpenses": 628140000, "operatingIncome": -5071000, "totalOtherIncomeExpenseNet": -9852000, "ebit": -5071000, "interestExpense": -16950000, "incomeBeforeTax": -14923000, "incomeTaxExpense": -3073000, "minorityInterest": {}, "netIncomeFromContinuingOps": -11850000, "discontinuedOperations": {}, "extraordinaryItems": {}, "effectOfAccountingCharges": {}, "otherItems": {}, "netIncome": -11850000, "netIncomeApplicableToCommonShares": -11850000}, {"maxAge": 1, "endDate": "2018-03-31", "totalRevenue": 608159000, "costOfRevenue": 75551000, "grossProfit": 532608000, "researchDevelopment": {}, "sellingGeneralAdministrative": 308552000, "nonRecurring": {}, "otherOperatingExpenses": 180656000, "totalOperatingExpenses": 579376000, "operatingIncome": 28783000, "totalOtherIncomeExpenseNet": -2048000, "ebit": 28783000, "interestExpense": -11156000, "incomeBeforeTax": 26735000, "incomeTaxExpense": 4174000, "minorityInterest": {}, "netIncomeFromContinuingOps": 22561000, "discontinuedOperations": {}, "extraordinaryItems": {}, "effectOfAccountingCharges": {}, "otherItems": {}, "netIncome": 22561000, "netIncomeApplicableToCommonShares": 22561000}, {"maxAge": 1, "endDate": "2017-03-31", "totalRevenue": 522743000, "costOfRevenue": 39814000, "grossProfit": 482929000, "researchDevelopment": {}, "sellingGeneralAdministrative": 284650000, "nonRecurring": {}, "otherOperatingExpenses": 160875000, "totalOperatingExpenses": 501026000, "operatingIncome": 21717000, "totalOtherIncomeExpenseNet": 1090000, "ebit": 21717000, "interestExpense": -11982000, "incomeBeforeTax": 22807000, "incomeTaxExpense": 976000, "minorityInterest": {}, "netIncomeFromContinuingOps": 21831000, "discontinuedOperations": {}, "extraordinaryItems": {}, "effectOfAccountingCharges": {}, "otherItems": {}, "netIncome": 21831000, "netIncomeApplicableToCommonShares": 21831000}], "maxAge": 86400}, "fundOwnership": {"maxAge": 1, "ownershipList": []}, "summaryDetail": {"maxAge": 1, "priceHint": 2, "previousClose": 16.3, "open": 16.0, "dayLow": 16.0, "dayHigh": 16.95, "regularMarketPreviousClose": 16.3, "regularMarketOpen": 16.0, "regularMarketDayLow": 16.0, "regularMarketDayHigh": 16.95, "volume": 24392, "regularMarketVolume": 24392, "averageVolume": 22093, "averageVolume10days": 16183, "averageDailyVolume10Day": 16183, "bid": 0.0, "ask": 0.0, "bidSize": 0, "askSize": 0, "marketCap": 248101040, "fiftyTwoWeekLow": 5.13, "fiftyTwoWeekHigh": 19.25, "fiftyDayAverage": 16.301428, "twoHundredDayAverage": 13.3985405, "trailingAnnualDividendRate": 0.2, "trailingAnnualDividendYield": 0.012269939, "currency": "INR", "fromCurrency": null, "toCurrency": null, "lastMarket": null, "algorithm": null, "tradeable": false}, "incomeStatementHistoryQuarterly": {"incomeStatementHistory": [{"maxAge": 1, "endDate": "2020-06-30", "totalRevenue": 100479000, "costOfRevenue": -26344000, "grossProfit": 126823000, "researchDevelopment": {}, "sellingGeneralAdministrative": 70858000, "nonRecurring": {}, "otherOperatingExpenses": 35609000, "totalOperatingExpenses": 84214000, "operatingIncome": 16265000, "totalOtherIncomeExpenseNet": -4257000, "ebit": 16265000, "interestExpense": -6644000, "incomeBeforeTax": 12008000, "incomeTaxExpense": 371000, "minorityInterest": {}, "netIncomeFromContinuingOps": 11637000, "discontinuedOperations": {}, "extraordinaryItems": {}, "effectOfAccountingCharges": {}, "otherItems": {}, "netIncome": 11637000, "netIncomeApplicableToCommonShares": 11637000}, {"maxAge": 1, "endDate": "2020-03-31", "totalRevenue": 67124000, "costOfRevenue": 42146000, "grossProfit": 24978000, "researchDevelopment": {}, "sellingGeneralAdministrative": 64916000, "nonRecurring": {}, "otherOperatingExpenses": 21651000, "totalOperatingExpenses": 132825000, "operatingIncome": -65701000, "totalOtherIncomeExpenseNet": -2004000, "ebit": -65701000, "interestExpense": -3673000, "incomeBeforeTax": -67705000, "incomeTaxExpense": -460000, "minorityInterest": {}, "netIncomeFromContinuingOps": -67245000, "discontinuedOperations": {}, "extraordinaryItems": {}, "effectOfAccountingCharges": {}, "otherItems": {}, "netIncome": -67245000, "netIncomeApplicableToCommonShares": -67245000}, {"maxAge": 1, "endDate": "2019-12-31", "totalRevenue": 199495000, "costOfRevenue": 49166000, "grossProfit": 150329000, "researchDevelopment": {}, "sellingGeneralAdministrative": 89631000, "nonRecurring": {}, "otherOperatingExpenses": 44127000, "totalOperatingExpenses": 186899000, "operatingIncome": 12596000, "totalOtherIncomeExpenseNet": -3524000, "ebit": 12596000, "interestExpense": -5707000, "incomeBeforeTax": 9072000, "incomeTaxExpense": 0, "minorityInterest": {}, "netIncomeFromContinuingOps": 9072000, "discontinuedOperations": {}, "extraordinaryItems": {}, "effectOfAccountingCharges": {}, "otherItems": {}, "netIncome": 9072000, "netIncomeApplicableToCommonShares": 9072000}, {"maxAge": 1, "endDate": "2019-09-30", "totalRevenue": 206260000, "costOfRevenue": -20644000, "grossProfit": 226904000, "researchDevelopment": {}, "sellingGeneralAdministrative": 118554000, "nonRecurring": {}, "otherOperatingExpenses": 54082000, "totalOperatingExpenses": 155965000, "operatingIncome": 50295000, "totalOtherIncomeExpenseNet": -4139000, "ebit": 50295000, "interestExpense": -6472000, "incomeBeforeTax": 46156000, "incomeTaxExpense": 0, "minorityInterest": {}, "netIncomeFromContinuingOps": 46156000, "discontinuedOperations": {}, "extraordinaryItems": {}, "effectOfAccountingCharges": {}, "otherItems": {}, "netIncome": 46156000, "netIncomeApplicableToCommonShares": 46156000}], "maxAge": 86400}, "cashflowStatementHistoryQuarterly": {"cashflowStatements": [{"maxAge": 1, "endDate": "2020-06-30", "netIncome": 11637000, "changeToLiabilities": 0}, {"maxAge": 1, "endDate": "2020-03-31", "netIncome": -67245000, "changeToLiabilities": 0}, {"maxAge": 1, "endDate": "2019-12-31", "netIncome": 9072000, "changeToLiabilities": 0}, {"maxAge": 1, "endDate": "2019-09-30", "netIncome": 46156000, "changeToLiabilities": 0}], "maxAge": 86400}, "insiderHolders": {"holders": [], "maxAge": 1}, "calendarEvents": {"maxAge": 1, "earnings": {"earningsDate": []}}, "price": {"maxAge": 1, "regularMarketChangePercent": 0.015337424, "regularMarketChange": 0.25, "regularMarketTime": "2021-04-30 15:59:43", "priceHint": 2, "regularMarketPrice": 16.55, "regularMarketDayHigh": 16.95, "regularMarketDayLow": 16.0, "regularMarketVolume": 24392, "averageDailyVolume10Day": 16183, "averageDailyVolume3Month": 22093, "regularMarketPreviousClose": 16.3, "regularMarketSource": "FREE_REALTIME", "regularMarketOpen": 16.0, "exchange": "BSE", "exchangeName": "BSE", "exchangeDataDelayedBy": 0, "marketState": "CLOSED", "quoteType": "EQUITY", "symbol": "DIANATEA.BO", "underlyingSymbol": null, "shortName": "DIANA TEA CO.LTD.", "longName": "Diana Tea Company Limited", "currency": "INR", "quoteSourceName": "Delayed Quote", "currencySymbol": "\u20b9", "fromCurrency": null, "toCurrency": null, "lastMarket": null, "marketCap": 248101040}, "balanceSheetHistory": {"balanceSheetStatements": [{"maxAge": 1, "endDate": "2020-03-31", "cash": 2180000, "shortTermInvestments": 5776000, "netReceivables": 149990000, "inventory": 50368000, "otherCurrentAssets": 9581000, "totalCurrentAssets": 234326000, "longTermInvestments": 26837000, "propertyPlantEquipment": 644733000, "otherAssets": 37334000, "deferredLongTermAssetCharges": 7873000, "totalAssets": 943230000, "accountsPayable": 38949000, "shortLongTermDebt": 21408000, "otherCurrentLiab": 23825000, "longTermDebt": 122840000, "otherLiab": 11772000, "totalCurrentLiabilities": 217162000, "totalLiab": 351774000, "commonStock": 74955000, "retainedEarnings": 351435000, "treasuryStock": 132705000, "capitalSurplus": 32361000, "otherStockholderEquity": 132705000, "totalStockholderEquity": 591456000, "netTangibleAssets": 591456000}, {"maxAge": 1, "endDate": "2019-03-31", "cash": 12442000, "shortTermInvestments": 6122000, "netReceivables": 131260000, "inventory": 47847000, "otherCurrentAssets": 7145000, "totalCurrentAssets": 222156000, "longTermInvestments": 29722000, "propertyPlantEquipment": 629712000, "otherAssets": 33937000, "deferredLongTermAssetCharges": 5958000, "totalAssets": 915527000, "accountsPayable": 32279000, "shortLongTermDebt": 14675000, "otherCurrentLiab": 24713000, "longTermDebt": 122788000, "otherLiab": 18206000, "totalCurrentLiabilities": 175340000, "totalLiab": 316334000, "commonStock": 74955000, "retainedEarnings": 343134000, "treasuryStock": 148743000, "capitalSurplus": 32361000, "otherStockholderEquity": 148743000, "totalStockholderEquity": 599193000, "netTangibleAssets": 599193000}, {"maxAge": 1, "endDate": "2018-03-31", "cash": 3412000, "shortTermInvestments": 4016000, "netReceivables": 115238000, "inventory": 64990000, "otherCurrentAssets": 9555000, "totalCurrentAssets": 204670000, "longTermInvestments": 30997000, "propertyPlantEquipment": 597512000, "otherAssets": 29915000, "deferredLongTermAssetCharges": 2194000, "totalAssets": 863094000, "accountsPayable": 42016000, "shortLongTermDebt": 10363000, "otherCurrentLiab": 20123000, "longTermDebt": 84094000, "otherLiab": 1998000, "totalCurrentLiabilities": 149641000, "totalLiab": 235733000, "commonStock": 74955000, "retainedEarnings": 355722000, "treasuryStock": 164323000, "capitalSurplus": 32361000, "otherStockholderEquity": 164323000, "totalStockholderEquity": 627361000, "netTangibleAssets": 627361000}, {"maxAge": 1, "endDate": "2017-03-31", "cash": 6858000, "shortTermInvestments": 2732000, "netReceivables": 194323000, "inventory": 59150000, "otherCurrentAssets": 10344000, "totalCurrentAssets": 274848000, "longTermInvestments": 26179000, "propertyPlantEquipment": 550473000, "otherAssets": 32486000, "deferredLongTermAssetCharges": 4335000, "totalAssets": 883986000, "accountsPayable": 33745000, "shortLongTermDebt": 10412000, "otherCurrentLiab": 45227000, "longTermDebt": 60571000, "otherLiab": 888000, "totalCurrentLiabilities": 205183000, "totalLiab": 266642000, "commonStock": 74955000, "retainedEarnings": 334094000, "treasuryStock": 175934000, "capitalSurplus": 32361000, "otherStockholderEquity": 175934000, "totalStockholderEquity": 617344000, "netTangibleAssets": 617344000}], "maxAge": 86400}, "financialData": {"maxAge": 86400, "currentPrice": 16.55, "recommendationKey": "none", "grossProfits": 567184000, "financialCurrency": "INR"}}}