{"DIAPOWER.NS": {"assetProfile": {"address1": "Essen House", "address2": "5/9-10, BIDC Gorwa", "city": "Vadodara", "zip": "390016", "country": "India", "phone": "91 26 5228 4328", "fax": "91 26 5228 0528", "website": "http://www.dicabs.com", "industry": "Specialty Industrial Machinery", "sector": "Industrials", "longBusinessSummary": "Diamond Power Infrastructure Limited manufactures and sells power transmission equipment. The company provides wires and cables, transmission and distribution conductors, power and distribution transformers, transmission towers, control and relay panels, and isolators. It also engages in planning, designing, and commissioning of turnkey transmission and distribution projects. Diamond Power Infrastructure Limited offers its products through distributors in India, as well as exports its products and solutions to approximately 20 countries worldwide under the Dicabs brand. The company was formerly known as Diamond Cables Limited. Diamond Power Infrastructure Limited was founded in 1970 and is headquartered in Vadodara, India.", "companyOfficers": [{"maxAge": 1, "name": "Mr. Pratik  Shah B.Com, C.A.", "title": "VP of Accounts", "exercisedValue": 0, "unexercisedValue": 0}, {"maxAge": 1, "name": "Mr. Shafeeq  Shaikh", "title": "Assistant VP of Admin.", "exercisedValue": 0, "unexercisedValue": 0}, {"maxAge": 1, "name": "Mr. Manavalan  Srinivasan", "title": "Assistant VP of Marketing", "exercisedValue": 0, "unexercisedValue": 0}, {"maxAge": 1, "name": "Mr. Mukesh R. Patel B.Sc. \u00c2\u00adStatistics, LLB & MSW", "title": "VP of HR", "exercisedValue": 0, "unexercisedValue": 0}, {"maxAge": 1, "name": "Mr. Kirit S. Dave B.E \u00c2\u00ad Electrical", "title": "Sr. VP of EPC Division", "exercisedValue": 0, "unexercisedValue": 0}, {"maxAge": 1, "name": "Advocate Harshad J. Shah", "title": "Legal Advisor", "fiscalYear": 2005, "totalPay": 0, "exercisedValue": 0, "unexercisedValue": 0}], "compensationAsOfEpochDate": "2005-12-31 05:30:00", "maxAge": 86400}, "cashflowStatementHistory": {"cashflowStatements": [{"maxAge": 1, "endDate": "2017-03-31", "netIncome": -8047606000, "depreciation": 939460000, "changeToNetincome": 3789535000, "changeToAccountReceivables": 1380582000, "changeToLiabilities": -3880839000, "changeToInventory": 3241556000, "totalCashFromOperatingActivities": -2577312000, "capitalExpenditures": -1477000, "otherCashflowsFromInvestingActivities": 489198000, "totalCashflowsFromInvestingActivities": 487721000, "netBorrowings": -5900429000, "otherCashflowsFromFinancingActivities": -281098000, "totalCashFromFinancingActivities": 2102739000, "changeInCash": 13148000, "issuanceOfStock": 8284266000}, {"maxAge": 1, "endDate": "2016-03-31", "netIncome": -2728108000, "depreciation": 581585000, "changeToNetincome": 1919610000, "changeToAccountReceivables": -6648740000, "changeToLiabilities": 2762731000, "changeToInventory": 2709674000, "totalCashFromOperatingActivities": -1403248000, "capitalExpenditures": -825675000, "investments": 46000, "otherCashflowsFromInvestingActivities": -157964000, "totalCashflowsFromInvestingActivities": -983593000, "netBorrowings": 4241907000, "otherCashflowsFromFinancingActivities": -1757706000, "totalCashFromFinancingActivities": 2484201000, "changeInCash": 65803000, "issuanceOfStock": 8284266000}, {"maxAge": 1, "endDate": "2015-03-31", "netIncome": -1844273000, "depreciation": 508662000, "changeToNetincome": 1742675000, "changeToAccountReceivables": -2445214000, "changeToLiabilities": -870609000, "changeToInventory": 495237000, "changeToOperatingActivities": -1210195000, "totalCashFromOperatingActivities": -3623717000, "capitalExpenditures": -2408768000, "investments": 46000, "otherCashflowsFromInvestingActivities": 490400000, "totalCashflowsFromInvestingActivities": -1918368000, "netBorrowings": 6603955000, "otherCashflowsFromFinancingActivities": -1062860000, "totalCashFromFinancingActivities": 5541095000, "changeInCash": -990000, "issuanceOfStock": 8284266000}, {"maxAge": 1, "endDate": "2014-03-31", "netIncome": 1109314000, "depreciation": 361343000, "changeToNetincome": 1127732000, "changeToAccountReceivables": 1420336000, "changeToLiabilities": 0, "changeToInventory": -3163907000, "changeToOperatingActivities": 333705000, "totalCashFromOperatingActivities": 1188523000, "capitalExpenditures": -2667591000, "investments": 26218000, "otherCashflowsFromInvestingActivities": 65170000, "totalCashflowsFromInvestingActivities": -2576203000, "dividendsPaid": -49608000, "netBorrowings": 1380158000, "otherCashflowsFromFinancingActivities": -1350697000, "totalCashFromFinancingActivities": 1380525000, "changeInCash": -7155000, "issuanceOfStock": 1400672000}], "maxAge": 86400}, "institutionOwnership": {"ownershipList": [], "maxAge": 1}, "majorHoldersBreakdown": {"maxAge": 1, "insidersPercentHeld": 0.06866, "institutionsPercentHeld": 0.0, "institutionsFloatPercentHeld": 0.0, "institutionsCount": 0}, "balanceSheetHistoryQuarterly": {"balanceSheetStatements": [{"maxAge": 1, "endDate": "2017-12-31", "totalStockholderEquity": 5428764000, "netTangibleAssets": 5428764000}, {"maxAge": 1, "endDate": "2017-09-30", "cash": 314942000, "shortTermInvestments": 5667000, "netReceivables": 3243195000, "inventory": 4738426000, "otherCurrentAssets": 1450346000, "totalCurrentAssets": 9752576000, "longTermInvestments": 82848000, "propertyPlantEquipment": 13354134000, "otherAssets": 85916000, "totalAssets": 23275474000, "accountsPayable": 504396000, "otherCurrentLiab": 644311000, "longTermDebt": 8553901000, "otherLiab": 738374000, "totalCurrentLiabilities": 8554435000, "totalLiab": 17846710000, "commonStock": 2697107000, "treasuryStock": 2731657000, "otherStockholderEquity": 2731657000, "totalStockholderEquity": 5428764000, "netTangibleAssets": 5428764000}, {"maxAge": 1, "endDate": "2017-06-30", "totalStockholderEquity": 5284448000, "netTangibleAssets": 5284448000}, {"maxAge": 1, "endDate": "2017-03-31", "cash": 158751000, "netReceivables": 3773965000, "inventory": 5645670000, "otherCurrentAssets": 936103000, "totalCurrentAssets": 10522768000, "longTermInvestments": 65090000, "propertyPlantEquipment": 13823750000, "otherAssets": 133777000, "totalAssets": 24545385000, "accountsPayable": 482588000, "otherCurrentLiab": 5354000, "longTermDebt": 9083309000, "otherLiab": 303779000, "totalCurrentLiabilities": 8610055000, "totalLiab": 17997143000, "commonStock": 2697107000, "treasuryStock": 3851135000, "otherStockholderEquity": 3851135000, "totalStockholderEquity": 6548242000, "netTangibleAssets": 6548242000}], "maxAge": 86400}, "indexTrend": {"maxAge": 1, "symbol": "SP5", "peRatio": 19.7411, "pegRatio": 1.34172, "estimates": [{"period": "0q", "growth": 0.549}, {"period": "+1q", "growth": 0.431}, {"period": "0y", "growth": 0.305}, {"period": "+1y", "growth": 0.109}, {"period": "+5y", "growth": 0.120865}, {"period": "-5y"}]}, "defaultKeyStatistics": {"maxAge": 1, "priceHint": 4, "enterpriseValue": 15828098048, "profitMargins": -0.58459, "floatShares": 238778847, "sharesOutstanding": 269711008, "heldPercentInsiders": 0.06866, "heldPercentInstitutions": 0.0, "beta": 2.100959, "category": null, "bookValue": 20.203, "priceToBook": 0.03464832, "fundFamily": null, "legalType": null, "lastFiscalYearEnd": "2017-03-31 05:30:00", "nextFiscalYearEnd": "2019-03-31 05:30:00", "mostRecentQuarter": "2017-12-31 05:30:00", "netIncomeToCommon": -4070551040, "trailingEps": -15.525, "lastSplitFactor": "4:3", "lastSplitDate": "2013-08-26 05:30:00", "enterpriseToRevenue": 2.273, "enterpriseToEbitda": -4.937}, "summaryProfile": {"address1": "Essen House", "address2": "5/9-10, BIDC Gorwa", "city": "Vadodara", "zip": "390016", "country": "India", "phone": "91 26 5228 4328", "fax": "91 26 5228 0528", "website": "http://www.dicabs.com", "industry": "Specialty Industrial Machinery", "sector": "Industrials", "longBusinessSummary": "Diamond Power Infrastructure Limited manufactures and sells power transmission equipment. The company provides wires and cables, transmission and distribution conductors, power and distribution transformers, transmission towers, control and relay panels, and isolators. It also engages in planning, designing, and commissioning of turnkey transmission and distribution projects. Diamond Power Infrastructure Limited offers its products through distributors in India, as well as exports its products and solutions to approximately 20 countries worldwide under the Dicabs brand. The company was formerly known as Diamond Cables Limited. Diamond Power Infrastructure Limited was founded in 1970 and is headquartered in Vadodara, India.", "companyOfficers": [], "maxAge": 86400}, "netSharePurchaseActivity": {"maxAge": 1, "period": "6m", "buyInfoCount": 0, "buyInfoShares": 0, "sellInfoCount": 0, "netInfoCount": 0, "netInfoShares": 0, "netPercentInsiderShares": 0.0, "totalInsiderShares": 18545876}, "insiderTransactions": {"transactions": [{"maxAge": 1, "shares": 18517440, "filerUrl": "", "transactionText": "", "filerName": "Indian Bank", "filerRelation": "Institution- Corporation", "moneyText": "", "startDate": "2020-04-01", "ownership": "D"}, {"maxAge": 1, "shares": 18517442, "filerUrl": "", "transactionText": "", "filerName": "Allahabad Bank", "filerRelation": "Institution- Corporation", "moneyText": "", "startDate": "2020-04-01", "ownership": "D"}, {"maxAge": 1, "shares": 6012727, "filerUrl": "", "transactionText": "", "filerName": "Diamond Projects Pvt Ltd", "filerRelation": "Promoter", "moneyText": "", "startDate": "2016-07-20", "ownership": "D"}, {"maxAge": 1, "shares": 6012727, "filerUrl": "", "transactionText": "", "filerName": "Diamond Power Transmission Pvt. Ltd.", "filerRelation": "Institution- Corporation", "moneyText": "", "startDate": "2016-07-20", "ownership": "D"}, {"maxAge": 1, "shares": 348575, "filerUrl": "", "transactionText": "", "filerName": "Diamond Projects Pvt Ltd", "filerRelation": "Promoter", "moneyText": "", "startDate": "2015-02-26", "ownership": "D"}, {"maxAge": 1, "shares": 732000, "filerUrl": "", "transactionText": "", "filerName": "Suresh (Sumit)", "filerRelation": "Joint Managing director", "moneyText": "", "startDate": "2014-11-24", "ownership": "D"}, {"maxAge": 1, "shares": 732000, "filerUrl": "", "transactionText": "", "filerName": "Suresh (Amit)", "filerRelation": "Managing Director", "moneyText": "", "startDate": "2014-11-24", "ownership": "D"}, {"maxAge": 1, "shares": 150000, "filerUrl": "", "transactionText": "", "filerName": "Macquarie Bank Limited", "filerRelation": "Investment Advisor", "moneyText": "", "startDate": "2013-05-03", "ownership": "D"}, {"maxAge": 1, "shares": 150000, "filerUrl": "", "transactionText": "", "filerName": "Royal Bank of Scotland N.V.", "filerRelation": "Institution- Corporation", "moneyText": "", "startDate": "2013-04-22", "ownership": "D"}, {"maxAge": 1, "shares": 199245, "filerUrl": "", "transactionText": "", "filerName": "Enterprise Intelligent System, Ltd.", "filerRelation": "Promoter", "moneyText": "", "startDate": "2011-09-12", "ownership": "D"}, {"maxAge": 1, "shares": 2208050, "filerUrl": "", "transactionText": "", "filerName": "Kotak Mahindra Trusteeship Services Ltd A/c India Fund", "filerRelation": "Investment Advisor", "moneyText": "", "startDate": "2010-07-29", "ownership": "D"}, {"maxAge": 1, "shares": 4000, "filerUrl": "", "transactionText": "", "filerName": "Diamond Projects Pvt Ltd", "filerRelation": "Promoter", "moneyText": "", "startDate": "2010-05-07", "ownership": "D"}, {"maxAge": 1, "shares": 185787, "filerUrl": "", "transactionText": "", "filerName": "Diamond Projects Pvt Ltd", "filerRelation": "Promoter", "moneyText": "", "startDate": "2010-04-07", "ownership": "D"}, {"maxAge": 1, "shares": 430000, "filerUrl": "", "transactionText": "", "filerName": "Diamond Projects Pvt Ltd", "filerRelation": "Promoter", "moneyText": "", "startDate": "2009-09-23", "ownership": "D"}], "maxAge": 1}, "quoteType": {"exchange": "NSI", "quoteType": "EQUITY", "symbol": "DIAPOWER.NS", "underlyingSymbol": "DIAPOWER.NS", "shortName": "DIAMOND POWER INFR", "longName": "Diamond Power Infrastructure Limited", "firstTradeDateEpochUtc": "2010-09-29 09:15:00", "timeZoneFullName": "Asia/Kolkata", "timeZoneShortName": "IST", "uuid": "002bf2f8-bfa5-334f-8c89-de837dde7aa0", "gmtOffSetMilliseconds": 19800000, "maxAge": 1}, "incomeStatementHistory": {"incomeStatementHistory": [{"maxAge": 1, "endDate": "2017-03-31", "totalRevenue": 11317338000, "costOfRevenue": 13847710000, "grossProfit": -2530372000, "researchDevelopment": {}, "sellingGeneralAdministrative": 4008833000, "nonRecurring": {}, "otherOperatingExpenses": 4768000, "totalOperatingExpenses": 18800771000, "operatingIncome": -7483433000, "totalOtherIncomeExpenseNet": -695384000, "ebit": -7483433000, "interestExpense": -1780420000, "incomeBeforeTax": -8178817000, "incomeTaxExpense": -131211000, "minorityInterest": {}, "netIncomeFromContinuingOps": -8047606000, "discontinuedOperations": {}, "extraordinaryItems": {}, "effectOfAccountingCharges": {}, "otherItems": {}, "netIncome": -8047606000, "netIncomeApplicableToCommonShares": -8047606000}, {"maxAge": 1, "endDate": "2016-03-31", "totalRevenue": 22347950000, "costOfRevenue": 21001284000, "grossProfit": 1346666000, "researchDevelopment": {}, "sellingGeneralAdministrative": 1749273000, "nonRecurring": {}, "otherOperatingExpenses": 2768000, "totalOperatingExpenses": 23334909000, "operatingIncome": -986959000, "totalOtherIncomeExpenseNet": -1887349000, "ebit": -986959000, "interestExpense": -1778469000, "incomeBeforeTax": -2874308000, "incomeTaxExpense": -146200000, "minorityInterest": {}, "netIncomeFromContinuingOps": -2728108000, "discontinuedOperations": {}, "extraordinaryItems": {}, "effectOfAccountingCharges": {}, "otherItems": {}, "netIncome": -2728108000, "netIncomeApplicableToCommonShares": -2728108000}, {"maxAge": 1, "endDate": "2015-03-31", "totalRevenue": 27766335000, "costOfRevenue": 26107945000, "grossProfit": 1658390000, "researchDevelopment": {}, "sellingGeneralAdministrative": 354552000, "nonRecurring": {}, "otherOperatingExpenses": 827275000, "totalOperatingExpenses": 27798434000, "operatingIncome": -32099000, "totalOtherIncomeExpenseNet": -1757374000, "ebit": -32099000, "interestExpense": -1403612000, "incomeBeforeTax": -1789473000, "incomeTaxExpense": 54800000, "minorityInterest": {}, "netIncomeFromContinuingOps": -1844273000, "discontinuedOperations": {}, "extraordinaryItems": {}, "effectOfAccountingCharges": {}, "otherItems": {}, "netIncome": -1844273000, "netIncomeApplicableToCommonShares": -1844323000}, {"maxAge": 1, "endDate": "2014-03-31", "totalRevenue": 31775840000, "costOfRevenue": 27967435000, "grossProfit": 3808405000, "researchDevelopment": {}, "sellingGeneralAdministrative": 738957000, "nonRecurring": {}, "otherOperatingExpenses": 249025000, "totalOperatingExpenses": 29316759000, "operatingIncome": 2459081000, "totalOtherIncomeExpenseNet": -1148767000, "ebit": 2459081000, "interestExpense": -1175213000, "incomeBeforeTax": 1310314000, "incomeTaxExpense": 201000000, "minorityInterest": {}, "netIncomeFromContinuingOps": 1109314000, "discontinuedOperations": {}, "extraordinaryItems": {}, "effectOfAccountingCharges": {}, "otherItems": {}, "netIncome": 1109314000, "netIncomeApplicableToCommonShares": 1109314000}], "maxAge": 86400}, "fundOwnership": {"ownershipList": [], "maxAge": 1}, "summaryDetail": {"maxAge": 1, "priceHint": 4, "previousClose": 0.7, "open": 0.7, "dayLow": 0.65, "dayHigh": 0.7, "regularMarketPreviousClose": 0.7, "regularMarketOpen": 0.7, "regularMarketDayLow": 0.65, "regularMarketDayHigh": 0.7, "exDividendDate": "2013-09-26 05:30:00", "payoutRatio": 0.0, "beta": 2.100959, "volume": 32790, "regularMarketVolume": 32790, "averageVolume": 14791, "averageVolume10days": 32138, "averageDailyVolume10Day": 32138, "bid": 0.0, "ask": 0.0, "bidSize": 0, "askSize": 0, "marketCap": 229254192, "fiftyTwoWeekLow": 0.35, "fiftyTwoWeekHigh": 1.45, "priceToSalesTrailing12Months": 0.032924056, "fiftyDayAverage": 0.8212121, "twoHundredDayAverage": 0.92392856, "currency": "INR", "fromCurrency": null, "lastMarket": null, "algorithm": null, "tradeable": false}, "incomeStatementHistoryQuarterly": {"incomeStatementHistory": [{"maxAge": 1, "endDate": "2017-12-31", "totalRevenue": 1050338000, "costOfRevenue": 1030911000, "grossProfit": 19427000, "researchDevelopment": {}, "sellingGeneralAdministrative": 44196000, "nonRecurring": {}, "otherOperatingExpenses": 98039000, "totalOperatingExpenses": 1412105000, "operatingIncome": -361767000, "totalOtherIncomeExpenseNet": 64644000, "ebit": -361767000, "interestExpense": -8249000, "incomeBeforeTax": -297123000, "incomeTaxExpense": 0, "minorityInterest": {}, "netIncomeFromContinuingOps": -297123000, "discontinuedOperations": {}, "extraordinaryItems": {}, "effectOfAccountingCharges": {}, "otherItems": {}, "netIncome": -297123000, "netIncomeApplicableToCommonShares": -297123000}, {"maxAge": 1, "endDate": "2017-09-30", "totalRevenue": 1982170000, "costOfRevenue": 1943826000, "grossProfit": 38344000, "researchDevelopment": {}, "sellingGeneralAdministrative": 45137000, "nonRecurring": {}, "otherOperatingExpenses": 69365000, "totalOperatingExpenses": 2297287000, "operatingIncome": -315117000, "totalOtherIncomeExpenseNet": 6094000, "ebit": -315117000, "interestExpense": -9789000, "incomeBeforeTax": -309023000, "incomeTaxExpense": 0, "minorityInterest": {}, "netIncomeFromContinuingOps": -309023000, "discontinuedOperations": {}, "extraordinaryItems": {}, "effectOfAccountingCharges": {}, "otherItems": {}, "netIncome": -309023000, "netIncomeApplicableToCommonShares": -309023000}, {"maxAge": 1, "endDate": "2017-06-30", "totalRevenue": 2007849000, "costOfRevenue": 1996088000, "grossProfit": 11761000, "researchDevelopment": {}, "sellingGeneralAdministrative": 51142000, "nonRecurring": {}, "otherOperatingExpenses": 165047000, "totalOperatingExpenses": 2451236000, "operatingIncome": -443387000, "totalOtherIncomeExpenseNet": -23479000, "ebit": -443387000, "interestExpense": -15303000, "incomeBeforeTax": -466866000, "incomeTaxExpense": 0, "minorityInterest": {}, "netIncomeFromContinuingOps": -466866000, "discontinuedOperations": {}, "extraordinaryItems": {}, "effectOfAccountingCharges": {}, "otherItems": {}, "netIncome": -466866000, "netIncomeApplicableToCommonShares": -466866000}, {"maxAge": 1, "endDate": "2017-03-31", "totalRevenue": 2010074000, "costOfRevenue": 3460618000, "grossProfit": -1450544000, "researchDevelopment": {}, "sellingGeneralAdministrative": 3812576000, "nonRecurring": {}, "otherOperatingExpenses": -2222291000, "totalOperatingExpenses": 5303540000, "operatingIncome": -3293466000, "totalOtherIncomeExpenseNet": 144807000, "ebit": -3293466000, "interestExpense": -162134000, "incomeBeforeTax": -3148659000, "incomeTaxExpense": -131211000, "minorityInterest": {}, "netIncomeFromContinuingOps": -3017448000, "discontinuedOperations": {}, "extraordinaryItems": {}, "effectOfAccountingCharges": {}, "otherItems": {}, "netIncome": -3017448000, "netIncomeApplicableToCommonShares": -3017448000}], "maxAge": 86400}, "cashflowStatementHistoryQuarterly": {"cashflowStatements": [{"maxAge": 1, "endDate": "2017-12-31", "netIncome": -297123000, "changeToLiabilities": 0}, {"maxAge": 1, "endDate": "2017-09-30", "netIncome": -309023000, "changeToLiabilities": 0}, {"maxAge": 1, "endDate": "2017-06-30", "netIncome": -466866000, "changeToLiabilities": 0}, {"maxAge": 1, "endDate": "2017-03-31", "netIncome": -3017448000, "changeToLiabilities": 0}], "maxAge": 86400}, "insiderHolders": {"holders": [{"maxAge": 1, "name": "Allahabad Bank", "relation": "Institution- Corporation", "url": "", "transactionDescription": "Other", "latestTransDate": "2020-04-01", "positionDirect": 0, "positionDirectDate": "2020-04-01"}, {"maxAge": 1, "name": "Diamond Power Transmission Pvt. Ltd.", "relation": "Institution- Corporation", "url": "", "transactionDescription": "Other", "latestTransDate": "2016-07-20", "positionDirect": 6012727, "positionDirectDate": "2016-07-20"}, {"maxAge": 1, "name": "Diamond Projects Pvt Ltd", "relation": "Promoter", "url": "", "transactionDescription": "Other", "latestTransDate": "2016-07-20", "positionDirect": 7881400, "positionDirectDate": "2016-07-20"}, {"maxAge": 1, "name": "Enterprise Intelligent System, Ltd.", "relation": "Promoter", "url": "", "transactionDescription": "Acquisition", "latestTransDate": "2011-09-12", "positionDirect": 2668250, "positionDirectDate": "2011-09-12"}, {"maxAge": 1, "name": "Indian Bank", "relation": "Institution- Corporation", "url": "", "transactionDescription": "Other", "latestTransDate": "2020-04-01", "positionDirect": 18517442, "positionDirectDate": "2020-04-01"}, {"maxAge": 1, "name": "Kotak Mahindra Trusteeship Services Ltd A/c India Fund", "relation": "Investment Advisor", "url": "", "transactionDescription": "Acquisition", "latestTransDate": "2010-07-29", "positionDirect": 2208050, "positionDirectDate": "2010-07-29"}, {"maxAge": 1, "name": "Macquarie Bank Limited", "relation": "Investment Advisor", "url": "", "transactionDescription": "Acquisition", "latestTransDate": "2013-05-03", "positionDirect": 1950000, "positionDirectDate": "2013-05-03"}, {"maxAge": 1, "name": "Royal Bank of Scotland N.V.", "relation": "Institution- Corporation", "url": "", "transactionDescription": "Sale", "latestTransDate": "2013-04-22", "positionDirect": 1222297, "positionDirectDate": "2013-04-22"}, {"maxAge": 1, "name": "Suresh (Amit)", "relation": "Managing Director", "url": "", "transactionDescription": "Other", "latestTransDate": "2014-11-24", "positionDirect": 1730483, "positionDirectDate": "2014-11-24"}, {"maxAge": 1, "name": "Suresh (Sumit)", "relation": "Joint Managing director", "url": "", "transactionDescription": "Other", "latestTransDate": "2014-11-24", "positionDirect": 1771998, "positionDirectDate": "2014-11-24"}], "maxAge": 1}, "calendarEvents": {"maxAge": 1, "earnings": {"earningsDate": []}, "exDividendDate": "2013-09-26 05:30:00"}, "upgradeDowngradeHistory": {"history": [], "maxAge": 86400}, "price": {"maxAge": 1, "regularMarketChangePercent": 0.0, "regularMarketChange": 0.0, "regularMarketTime": "2021-04-30 15:28:57", "priceHint": 4, "regularMarketPrice": 0.7, "regularMarketDayHigh": 0.7, "regularMarketDayLow": 0.65, "regularMarketVolume": 32790, "averageDailyVolume10Day": 32138, "averageDailyVolume3Month": 14791, "regularMarketPreviousClose": 0.7, "regularMarketSource": "FREE_REALTIME", "regularMarketOpen": 0.7, "exchange": "NSI", "exchangeName": "NSE", "exchangeDataDelayedBy": 15, "marketState": "CLOSED", "quoteType": "EQUITY", "symbol": "DIAPOWER.NS", "underlyingSymbol": null, "shortName": "DIAMOND POWER INFR", "longName": "Diamond Power Infrastructure Limited", "currency": "INR", "quoteSourceName": "Delayed Quote", "currencySymbol": "\u20b9", "fromCurrency": null, "lastMarket": null, "marketCap": 229254192}, "balanceSheetHistory": {"balanceSheetStatements": [{"maxAge": 1, "endDate": "2017-03-31", "cash": 158751000, "netReceivables": 3773965000, "inventory": 5645670000, "otherCurrentAssets": 936103000, "totalCurrentAssets": 10522768000, "longTermInvestments": 65090000, "propertyPlantEquipment": 13823750000, "otherAssets": 133777000, "totalAssets": 24545385000, "accountsPayable": 482588000, "otherCurrentLiab": 5354000, "longTermDebt": 9083309000, "otherLiab": 303779000, "totalCurrentLiabilities": 8610055000, "totalLiab": 17997143000, "commonStock": 2697107000, "treasuryStock": 3851135000, "otherStockholderEquity": 3851135000, "totalStockholderEquity": 6548242000, "netTangibleAssets": 6548242000}, {"maxAge": 1, "endDate": "2016-03-31", "cash": 145604000, "netReceivables": 8040411000, "inventory": 9026149000, "otherCurrentAssets": 1399426000, "totalCurrentAssets": 18621314000, "longTermInvestments": 165734000, "propertyPlantEquipment": 14727269000, "otherAssets": 219855000, "totalAssets": 33734172000, "accountsPayable": 4063893000, "otherCurrentLiab": 150423000, "longTermDebt": 12270084000, "otherLiab": 369767000, "totalCurrentLiabilities": 14875093000, "totalLiab": 27514944000, "commonStock": 570005000, "retainedEarnings": 823497000, "treasuryStock": 1567693000, "capitalSurplus": 3258033000, "otherStockholderEquity": 1567693000, "totalStockholderEquity": 6219228000, "netTangibleAssets": 6219228000}, {"maxAge": 1, "endDate": "2015-03-31", "cash": 643418000, "shortTermInvestments": 5000000, "netReceivables": 6263910000, "inventory": 11305691000, "otherCurrentAssets": 232002000, "totalCurrentAssets": 18476901000, "longTermInvestments": 115413000, "propertyPlantEquipment": 11528199000, "otherAssets": 1397007000, "totalAssets": 31517520000, "accountsPayable": 530333000, "otherCurrentLiab": 1658373000, "longTermDebt": 11346909000, "otherLiab": 358941000, "totalCurrentLiabilities": 11330587000, "totalLiab": 23036437000, "commonStock": 540005000, "retainedEarnings": 2972190000, "treasuryStock": 1213244000, "capitalSurplus": 3714229000, "otherStockholderEquity": 1213244000, "totalStockholderEquity": 8439668000, "netTangibleAssets": 8439668000}, {"maxAge": 1, "endDate": "2014-03-31", "cash": 1009941000, "shortTermInvestments": 11879000, "netReceivables": 3340625000, "inventory": 12101062000, "otherCurrentAssets": 715013000, "totalCurrentAssets": 17225196000, "longTermInvestments": 176069000, "propertyPlantEquipment": 9588574000, "otherAssets": 2570039000, "totalAssets": 29559878000, "accountsPayable": 1057383000, "otherCurrentLiab": 4522128000, "longTermDebt": 7125559000, "otherLiab": 90174000, "totalCurrentLiabilities": 12435992000, "totalLiab": 19655030000, "commonStock": 540005000, "retainedEarnings": 4736704000, "treasuryStock": 872494000, "capitalSurplus": 3006033000, "otherStockholderEquity": 872494000, "totalStockholderEquity": 9155236000, "netTangibleAssets": 9155236000}], "maxAge": 86400}, "financialData": {"maxAge": 86400, "currentPrice": 0.7, "recommendationKey": "none", "totalCash": 320608992, "totalCashPerShare": 1.187, "ebitda": -3205869824, "totalDebt": 15959628800, "totalRevenue": 6963121152, "debtToEquity": 293.983, "revenuePerShare": 26.558, "grossProfits": -2530372000, "revenueGrowth": -0.579, "grossMargins": -0.21087, "ebitdaMargins": -0.46041, "operatingMargins": -0.63387, "profitMargins": -0.58459, "financialCurrency": "INR"}}}