{"DICIND.BO": {"recommendationTrend": {"trend": [{"period": "0m", "strongBuy": 0, "buy": 0, "hold": 0, "sell": 0, "strongSell": 0}, {"period": "-1m", "strongBuy": 0, "buy": 0, "hold": 0, "sell": 0, "strongSell": 0}, {"period": "-2m", "strongBuy": 0, "buy": 0, "hold": 0, "sell": 0, "strongSell": 0}, {"period": "-3m", "strongBuy": 0, "buy": 0, "hold": 0, "sell": 0, "strongSell": 0}], "maxAge": 86400}, "cashflowStatementHistory": {"cashflowStatements": [{"maxAge": 1, "endDate": "2019-12-31", "netIncome": 184467000, "depreciation": 110552000, "changeToNetincome": -16933000, "changeToAccountReceivables": 375137000, "changeToLiabilities": -792861000, "changeToInventory": 409263000, "changeToOperatingActivities": 314253000, "totalCashFromOperatingActivities": 584986000, "capitalExpenditures": -119681000, "otherCashflowsFromInvestingActivities": 186675000, "totalCashflowsFromInvestingActivities": -367627000, "netBorrowings": -155699000, "otherCashflowsFromFinancingActivities": -60162000, "totalCashFromFinancingActivities": -215861000, "changeInCash": 1498000}, {"maxAge": 1, "endDate": "2018-12-31", "netIncome": -93235000, "depreciation": 131695000, "changeToNetincome": -2472000, "changeToAccountReceivables": -270462000, "changeToLiabilities": 596158000, "changeToInventory": -176890000, "changeToOperatingActivities": -273823000, "totalCashFromOperatingActivities": -87728000, "capitalExpenditures": -135966000, "otherCashflowsFromInvestingActivities": -143606000, "totalCashflowsFromInvestingActivities": -219676000, "netBorrowings": 157064000, "otherCashflowsFromFinancingActivities": -42050000, "totalCashFromFinancingActivities": 115014000, "changeInCash": -192390000}, {"maxAge": 1, "endDate": "2017-12-31", "netIncome": -117919000, "depreciation": 152693000, "changeToNetincome": 92714000, "changeToAccountReceivables": -243240000, "changeToLiabilities": 225783000, "changeToInventory": -55091000, "changeToOperatingActivities": -185867000, "totalCashFromOperatingActivities": -127700000, "capitalExpenditures": -167537000, "otherCashflowsFromInvestingActivities": 474000, "totalCashflowsFromInvestingActivities": -29600000, "dividendsPaid": -36716000, "netBorrowings": 350000000, "otherCashflowsFromFinancingActivities": -31415000, "totalCashFromFinancingActivities": 281869000, "changeInCash": 124569000}, {"maxAge": 1, "endDate": "2016-12-31", "netIncome": 228420000, "depreciation": 146900000, "changeToNetincome": -30850000, "changeToAccountReceivables": 19880000, "changeToLiabilities": 237800000, "changeToInventory": -147810000, "changeToOperatingActivities": -185867000, "totalCashFromOperatingActivities": 460580000, "capitalExpenditures": -154110000, "otherCashflowsFromInvestingActivities": 1790000, "totalCashflowsFromInvestingActivities": -151450000, "dividendsPaid": -36640000, "netBorrowings": -24830000, "otherCashflowsFromFinancingActivities": -37560000, "totalCashFromFinancingActivities": -99030000, "changeInCash": 210100000}], "maxAge": 86400}, "institutionOwnership": {"maxAge": 1, "ownershipList": []}, "balanceSheetHistoryQuarterly": {"balanceSheetStatements": [{"maxAge": 1, "endDate": "2020-06-30", "cash": 954390000, "shortTermInvestments": 47303000, "netReceivables": 1722596000, "inventory": 1203271000, "otherCurrentAssets": 336864000, "totalCurrentAssets": 4264424000, "longTermInvestments": 213260000, "propertyPlantEquipment": 823673000, "intangibleAssets": 1203000, "otherAssets": 179415000, "deferredLongTermAssetCharges": 84110000, "totalAssets": 5481975000, "accountsPayable": 1065342000, "otherCurrentLiab": 419811000, "otherLiab": 46901000, "totalCurrentLiabilities": 1681516000, "totalLiab": 1771878000, "commonStock": 91790000, "treasuryStock": 3618307000, "otherStockholderEquity": 3618307000, "totalStockholderEquity": 3710097000, "netTangibleAssets": 3708894000}, {"maxAge": 1, "endDate": "2020-03-31", "totalStockholderEquity": 2979173000, "netTangibleAssets": 2977416000}, {"maxAge": 1, "endDate": "2019-12-31", "cash": 149329000, "shortTermInvestments": 569000, "netReceivables": 2284064000, "inventory": 984857000, "otherCurrentAssets": 257990000, "totalCurrentAssets": 3714294000, "propertyPlantEquipment": 605739000, "intangibleAssets": 1757000, "otherAssets": 366730000, "deferredLongTermAssetCharges": 72933000, "totalAssets": 4688520000, "accountsPayable": 1107886000, "otherCurrentLiab": 150495000, "otherLiab": 41476000, "deferredLongTermLiab": 2402000, "totalCurrentLiabilities": 1667871000, "totalLiab": 1709347000, "commonStock": 91790000, "retainedEarnings": 2232516000, "treasuryStock": 59000, "capitalSurplus": 654808000, "otherStockholderEquity": 59000, "totalStockholderEquity": 2979173000, "netTangibleAssets": 2977416000}, {"maxAge": 1, "endDate": "2019-09-30", "totalStockholderEquity": 2904686000, "netTangibleAssets": 2902375000}], "maxAge": 86400}, "earningsHistory": {"history": [{"maxAge": 1, "epsActual": {}, "epsEstimate": {}, "epsDifference": {}, "surprisePercent": {}, "quarter": {}, "period": "-4q"}, {"maxAge": 1, "epsActual": {}, "epsEstimate": {}, "epsDifference": {}, "surprisePercent": {}, "quarter": {}, "period": "-3q"}, {"maxAge": 1, "epsActual": {}, "epsEstimate": {}, "epsDifference": {}, "surprisePercent": {}, "quarter": {}, "period": "-2q"}, {"maxAge": 1, "epsActual": {}, "epsEstimate": {}, "epsDifference": {}, "surprisePercent": {}, "quarter": {}, "period": "-1q"}], "maxAge": 86400}, "indexTrend": {"maxAge": 1, "symbol": "SP5", "peRatio": 19.7411, "pegRatio": 1.34172, "estimates": [{"period": "0q", "growth": 0.549}, {"period": "+1q", "growth": 0.431}, {"period": "0y", "growth": 0.305}, {"period": "+1y", "growth": 0.109}, {"period": "+5y", "growth": 0.120865}, {"period": "-5y"}]}, "industryTrend": {"maxAge": 1, "symbol": null, "estimates": []}, "quoteType": {"exchange": "BSE", "quoteType": "EQUITY", "symbol": "DICIND.BO", "underlyingSymbol": "DICIND.BO", "shortName": "DIC INDIA LTD.", "longName": "DIC India Limited", "firstTradeDateEpochUtc": "2000-01-03 09:15:00", "timeZoneFullName": "Asia/Kolkata", "timeZoneShortName": "IST", "uuid": "94875927-9edb-328a-8c8c-8444acb8f47d", "messageBoardId": null, "gmtOffSetMilliseconds": 19800000, "maxAge": 1}, "incomeStatementHistory": {"incomeStatementHistory": [{"maxAge": 1, "endDate": "2019-12-31", "totalRevenue": 7932707000, "costOfRevenue": 5842257000, "grossProfit": 2090450000, "researchDevelopment": {}, "sellingGeneralAdministrative": 768050000, "nonRecurring": {}, "otherOperatingExpenses": 1080275000, "totalOperatingExpenses": 7802242000, "operatingIncome": 130465000, "totalOtherIncomeExpenseNet": 44192000, "ebit": 130465000, "interestExpense": -46569000, "incomeBeforeTax": 174657000, "incomeTaxExpense": -9810000, "minorityInterest": {}, "netIncomeFromContinuingOps": 184467000, "discontinuedOperations": {}, "extraordinaryItems": {}, "effectOfAccountingCharges": {}, "otherItems": {}, "netIncome": 184467000, "netIncomeApplicableToCommonShares": 184467000}, {"maxAge": 1, "endDate": "2018-12-31", "totalRevenue": 8393680000, "costOfRevenue": 6615901000, "grossProfit": 1777779000, "researchDevelopment": {}, "sellingGeneralAdministrative": 694532000, "nonRecurring": {}, "otherOperatingExpenses": 1061361000, "totalOperatingExpenses": 8504790000, "operatingIncome": -111110000, "totalOtherIncomeExpenseNet": 52213000, "ebit": -111110000, "interestExpense": -58302000, "incomeBeforeTax": -58897000, "incomeTaxExpense": 34338000, "minorityInterest": {}, "netIncomeFromContinuingOps": -93235000, "discontinuedOperations": {}, "extraordinaryItems": {}, "effectOfAccountingCharges": {}, "otherItems": {}, "netIncome": -93235000, "netIncomeApplicableToCommonShares": -93235000}, {"maxAge": 1, "endDate": "2017-12-31", "totalRevenue": 7393623000, "costOfRevenue": 5546859000, "grossProfit": 1846764000, "researchDevelopment": {}, "sellingGeneralAdministrative": 645178000, "nonRecurring": {}, "otherOperatingExpenses": 1060262000, "totalOperatingExpenses": 7408219000, "operatingIncome": -14596000, "totalOtherIncomeExpenseNet": -143371000, "ebit": -14596000, "interestExpense": -28972000, "incomeBeforeTax": -157967000, "incomeTaxExpense": -40048000, "minorityInterest": {}, "netIncomeFromContinuingOps": -117919000, "discontinuedOperations": {}, "extraordinaryItems": {}, "effectOfAccountingCharges": {}, "otherItems": {}, "netIncome": -117919000, "netIncomeApplicableToCommonShares": -117919000}, {"maxAge": 1, "endDate": "2016-12-31", "totalRevenue": 7071440000, "costOfRevenue": 4921090000, "grossProfit": 2150350000, "researchDevelopment": {}, "sellingGeneralAdministrative": 619820000, "nonRecurring": {}, "otherOperatingExpenses": 1045780000, "totalOperatingExpenses": 6757490000, "operatingIncome": 313950000, "totalOtherIncomeExpenseNet": -5800000, "ebit": 313950000, "interestExpense": -20840000, "incomeBeforeTax": 308150000, "incomeTaxExpense": 79730000, "minorityInterest": {}, "netIncomeFromContinuingOps": 228420000, "discontinuedOperations": {}, "extraordinaryItems": {}, "effectOfAccountingCharges": {}, "otherItems": {}, "netIncome": 228420000, "netIncomeApplicableToCommonShares": 228420000}], "maxAge": 86400}, "fundOwnership": {"maxAge": 1, "ownershipList": []}, "summaryDetail": {"maxAge": 1, "priceHint": 2, "previousClose": 387.05, "open": 389.9, "dayLow": 383.15, "dayHigh": 397.0, "regularMarketPreviousClose": 387.05, "regularMarketOpen": 389.9, "regularMarketDayLow": 383.15, "regularMarketDayHigh": 397.0, "trailingPE": 4.2729015, "volume": 270, "regularMarketVolume": 270, "averageVolume": 1631, "averageVolume10days": 1214, "averageDailyVolume10Day": 1214, "bid": 386.8, "ask": 390.4, "bidSize": 0, "askSize": 0, "marketCap": 3642678272, "fiftyTwoWeekLow": 242.0, "fiftyTwoWeekHigh": 450.0, "fiftyDayAverage": 399.775, "twoHundredDayAverage": 382.84964, "trailingAnnualDividendRate": 4.5, "trailingAnnualDividendYield": 0.011626406, "currency": "INR", "fromCurrency": null, "toCurrency": null, "lastMarket": null, "algorithm": null, "tradeable": false}, "sectorTrend": {"maxAge": 1, "symbol": null, "estimates": []}, "incomeStatementHistoryQuarterly": {"incomeStatementHistory": [{"maxAge": 1, "endDate": "2020-06-30", "totalRevenue": 1175412000, "costOfRevenue": 819019000, "grossProfit": 356393000, "researchDevelopment": {}, "sellingGeneralAdministrative": 184944000, "nonRecurring": {}, "otherOperatingExpenses": 148867000, "totalOperatingExpenses": 1191841000, "operatingIncome": -16429000, "totalOtherIncomeExpenseNet": 981363000, "ebit": -16429000, "interestExpense": -5481000, "incomeBeforeTax": 964934000, "incomeTaxExpense": 214212000, "minorityInterest": {}, "netIncomeFromContinuingOps": 750722000, "discontinuedOperations": {}, "extraordinaryItems": {}, "effectOfAccountingCharges": {}, "otherItems": {}, "netIncome": 750722000, "netIncomeApplicableToCommonShares": 750722000}, {"maxAge": 1, "endDate": "2020-03-31", "totalRevenue": 1733050000, "costOfRevenue": 1206460000, "grossProfit": 526590000, "researchDevelopment": {}, "sellingGeneralAdministrative": 192141000, "nonRecurring": {}, "otherOperatingExpenses": 272693000, "totalOperatingExpenses": 1709410000, "operatingIncome": 23640000, "totalOtherIncomeExpenseNet": 7292000, "ebit": 23640000, "interestExpense": -6595000, "incomeBeforeTax": 30932000, "incomeTaxExpense": 6864000, "minorityInterest": {}, "netIncomeFromContinuingOps": 24068000, "discontinuedOperations": {}, "extraordinaryItems": {}, "effectOfAccountingCharges": {}, "otherItems": {}, "netIncome": 24068000, "netIncomeApplicableToCommonShares": 24068000}, {"maxAge": 1, "endDate": "2019-12-31", "totalRevenue": 1945746000, "costOfRevenue": 1417373000, "grossProfit": 528373000, "researchDevelopment": {}, "sellingGeneralAdministrative": 257563000, "nonRecurring": {}, "otherOperatingExpenses": 166832000, "totalOperatingExpenses": 1870538000, "operatingIncome": 75208000, "totalOtherIncomeExpenseNet": -44996000, "ebit": 75208000, "interestExpense": -12632000, "incomeBeforeTax": 30212000, "incomeTaxExpense": -41426000, "minorityInterest": {}, "netIncomeFromContinuingOps": 71638000, "discontinuedOperations": {}, "extraordinaryItems": {}, "effectOfAccountingCharges": {}, "otherItems": {}, "netIncome": 71638000, "netIncomeApplicableToCommonShares": 71638000}, {"maxAge": 1, "endDate": "2019-09-30", "totalRevenue": 1966154000, "costOfRevenue": 1416088000, "grossProfit": 550066000, "researchDevelopment": {}, "sellingGeneralAdministrative": 176194000, "nonRecurring": {}, "otherOperatingExpenses": 327428000, "totalOperatingExpenses": 1947460000, "operatingIncome": 18694000, "totalOtherIncomeExpenseNet": 1110000, "ebit": 18694000, "interestExpense": -12455000, "incomeBeforeTax": 19804000, "incomeTaxExpense": 14016000, "minorityInterest": {}, "netIncomeFromContinuingOps": 5788000, "discontinuedOperations": {}, "extraordinaryItems": {}, "effectOfAccountingCharges": {}, "otherItems": {}, "netIncome": 5788000, "netIncomeApplicableToCommonShares": 5788000}], "maxAge": 86400}, "cashflowStatementHistoryQuarterly": {"cashflowStatements": [{"maxAge": 1, "endDate": "2020-06-30", "netIncome": 750722000, "changeToLiabilities": 0}, {"maxAge": 1, "endDate": "2020-03-31", "netIncome": 24068000, "changeToLiabilities": 0}, {"maxAge": 1, "endDate": "2019-12-31", "netIncome": 71638000, "changeToLiabilities": 0}, {"maxAge": 1, "endDate": "2019-09-30", "netIncome": 5788000, "changeToLiabilities": 0}], "maxAge": 86400}, "insiderHolders": {"holders": [], "maxAge": 1}, "earnings": {"maxAge": 86400, "earningsChart": {"quarterly": [], "earningsDate": ["2020-08-07 05:30:S"]}, "financialsChart": {"yearly": [{"date": 2016, "revenue": 7071440000, "earnings": 228420000}, {"date": 2017, "revenue": 7393623000, "earnings": -117919000}, {"date": 2018, "revenue": 8393680000, "earnings": -93235000}, {"date": 2019, "revenue": 7932707000, "earnings": 184467000}], "quarterly": [{"date": "3Q2019", "revenue": 1966154000, "earnings": 5788000}, {"date": "4Q2019", "revenue": 1945746000, "earnings": 71638000}, {"date": "1Q2020", "revenue": 1733050000, "earnings": 24068000}, {"date": "2Q2020", "revenue": 1175412000, "earnings": 750722000}]}, "financialCurrency": "INR"}, "calendarEvents": {"maxAge": 1, "earnings": {"earningsDate": ["2020-08-07 05:30:S"]}}, "price": {"maxAge": 1, "regularMarketChangePercent": 0.025319774, "regularMarketChange": 9.800018, "regularMarketTime": "2021-04-30 12:51:43", "priceHint": 2, "regularMarketPrice": 396.85, "regularMarketDayHigh": 397.0, "regularMarketDayLow": 383.15, "regularMarketVolume": 270, "averageDailyVolume10Day": 1214, "averageDailyVolume3Month": 1631, "regularMarketPreviousClose": 387.05, "regularMarketSource": "FREE_REALTIME", "regularMarketOpen": 389.9, "exchange": "BSE", "exchangeName": "BSE", "exchangeDataDelayedBy": 0, "marketState": "CLOSED", "quoteType": "EQUITY", "symbol": "DICIND.BO", "underlyingSymbol": null, "shortName": "DIC INDIA LTD.", "longName": "DIC India Limited", "currency": "INR", "quoteSourceName": "Delayed Quote", "currencySymbol": "\u20b9", "fromCurrency": null, "toCurrency": null, "lastMarket": null, "marketCap": 3642678272}, "balanceSheetHistory": {"balanceSheetStatements": [{"maxAge": 1, "endDate": "2019-12-31", "cash": 149329000, "shortTermInvestments": 569000, "netReceivables": 2284064000, "inventory": 984857000, "otherCurrentAssets": 257990000, "totalCurrentAssets": 3714294000, "propertyPlantEquipment": 605739000, "intangibleAssets": 1757000, "otherAssets": 366730000, "deferredLongTermAssetCharges": 72933000, "totalAssets": 4688520000, "accountsPayable": 1107886000, "otherCurrentLiab": 150495000, "otherLiab": 41476000, "deferredLongTermLiab": 2402000, "totalCurrentLiabilities": 1667871000, "totalLiab": 1709347000, "commonStock": 91790000, "retainedEarnings": 2232516000, "treasuryStock": 59000, "capitalSurplus": 654808000, "otherStockholderEquity": 59000, "totalStockholderEquity": 2979173000, "netTangibleAssets": 2977416000}, {"maxAge": 1, "endDate": "2018-12-31", "cash": 147831000, "shortTermInvestments": 165085000, "netReceivables": 3056341000, "inventory": 1394120000, "otherCurrentAssets": 310070000, "totalCurrentAssets": 5082235000, "propertyPlantEquipment": 600235000, "intangibleAssets": 2865000, "otherAssets": 347227000, "totalAssets": 6032562000, "accountsPayable": 1921873000, "otherCurrentLiab": 713433000, "otherLiab": 37183000, "deferredLongTermLiab": 2308000, "totalCurrentLiabilities": 3196567000, "totalLiab": 3233750000, "commonStock": 91790000, "retainedEarnings": 2052155000, "treasuryStock": 59000, "capitalSurplus": 654808000, "otherStockholderEquity": 59000, "totalStockholderEquity": 2798812000, "netTangibleAssets": 2795947000}, {"maxAge": 1, "endDate": "2017-12-31", "cash": 340221000, "shortTermInvestments": 118000, "netReceivables": 2476605000, "inventory": 1217230000, "otherCurrentAssets": 73462000, "totalCurrentAssets": 4117687000, "propertyPlantEquipment": 602061000, "intangibleAssets": 1625000, "otherAssets": 196905000, "deferredLongTermAssetCharges": 46409000, "totalAssets": 4918278000, "accountsPayable": 1360595000, "otherCurrentLiab": 241884000, "otherLiab": 40561000, "deferredLongTermLiab": 2316000, "totalCurrentLiabilities": 1980222000, "totalLiab": 2020783000, "commonStock": 91790000, "retainedEarnings": 2150838000, "treasuryStock": 59000, "capitalSurplus": 654808000, "otherStockholderEquity": 59000, "totalStockholderEquity": 2897495000, "netTangibleAssets": 2895870000}, {"maxAge": 1, "endDate": "2016-12-31", "cash": 217240000, "netReceivables": 2028710000, "inventory": 1162160000, "otherCurrentAssets": 232690000, "totalCurrentAssets": 3649740000, "propertyPlantEquipment": 720450000, "intangibleAssets": 4850000, "otherAssets": 74610000, "deferredLongTermAssetCharges": 33310000, "totalAssets": 4449650000, "accountsPayable": 910620000, "otherCurrentLiab": 94180000, "otherLiab": 34700000, "totalCurrentLiabilities": 1393630000, "totalLiab": 1428330000, "commonStock": 91790000, "retainedEarnings": 2274670000, "treasuryStock": 50000, "capitalSurplus": 654810000, "otherStockholderEquity": 50000, "totalStockholderEquity": 3021320000, "netTangibleAssets": 3016470000}], "maxAge": 86400}, "earningsTrend": {"trend": [{"maxAge": 1, "period": "0q", "endDate": null, "growth": {}, "earningsEstimate": {"avg": 0.0, "low": 0.0, "high": 0.0, "yearAgoEps": {}, "numberOfAnalysts": 0, "growth": {}}, "revenueEstimate": {"avg": 0, "low": 0, "high": 0, "numberOfAnalysts": 0, "yearAgoRevenue": {}, "growth": {}}, "epsTrend": {"current": 0.0, "7daysAgo": 0.0, "30daysAgo": 0.0, "60daysAgo": 0.0, "90daysAgo": 0.0}, "epsRevisions": {"upLast7days": 0, "upLast30days": 0, "downLast30days": 0, "downLast90days": {}}}, {"maxAge": 1, "period": "+1q", "endDate": null, "growth": {}, "earningsEstimate": {"avg": 0.0, "low": 0.0, "high": 0.0, "yearAgoEps": {}, "numberOfAnalysts": 0, "growth": {}}, "revenueEstimate": {"avg": 0, "low": 0, "high": 0, "numberOfAnalysts": 0, "yearAgoRevenue": {}, "growth": {}}, "epsTrend": {"current": 0.0, "7daysAgo": 0.0, "30daysAgo": 0.0, "60daysAgo": 0.0, "90daysAgo": 0.0}, "epsRevisions": {"upLast7days": 0, "upLast30days": 0, "downLast30days": 0, "downLast90days": {}}}, {"maxAge": 1, "period": "0y", "endDate": null, "growth": {}, "earningsEstimate": {"avg": 0.0, "low": 0.0, "high": 0.0, "yearAgoEps": {}, "numberOfAnalysts": 0, "growth": {}}, "revenueEstimate": {"avg": 0, "low": 0, "high": 0, "numberOfAnalysts": 0, "yearAgoRevenue": {}, "growth": {}}, "epsTrend": {"current": 0.0, "7daysAgo": 0.0, "30daysAgo": 0.0, "60daysAgo": 0.0, "90daysAgo": 0.0}, "epsRevisions": {"upLast7days": 0, "upLast30days": 0, "downLast30days": 0, "downLast90days": {}}}, {"maxAge": 1, "period": "+1y", "endDate": null, "growth": {}, "earningsEstimate": {"avg": 0.0, "low": 0.0, "high": 0.0, "yearAgoEps": {}, "numberOfAnalysts": 0, "growth": {}}, "revenueEstimate": {"avg": 0, "low": 0, "high": 0, "numberOfAnalysts": 0, "yearAgoRevenue": {}, "growth": {}}, "epsTrend": {"current": 0.0, "7daysAgo": 0.0, "30daysAgo": 0.0, "60daysAgo": 0.0, "90daysAgo": 0.0}, "epsRevisions": {"upLast7days": 0, "upLast30days": 0, "downLast30days": 0, "downLast90days": {}}}, {"maxAge": 1, "period": "+5y", "endDate": null, "growth": {}, "earningsEstimate": {"avg": {}, "low": {}, "high": {}, "yearAgoEps": {}, "numberOfAnalysts": {}, "growth": {}}, "revenueEstimate": {"avg": {}, "low": {}, "high": {}, "numberOfAnalysts": {}, "yearAgoRevenue": {}, "growth": {}}, "epsTrend": {"current": {}, "7daysAgo": {}, "30daysAgo": {}, "60daysAgo": {}, "90daysAgo": {}}, "epsRevisions": {"upLast7days": {}, "upLast30days": {}, "downLast30days": {}, "downLast90days": {}}}, {"maxAge": 1, "period": "-5y", "endDate": null, "growth": 0.12149999, "earningsEstimate": {"avg": {}, "low": {}, "high": {}, "yearAgoEps": {}, "numberOfAnalysts": {}, "growth": {}}, "revenueEstimate": {"avg": {}, "low": {}, "high": {}, "numberOfAnalysts": {}, "yearAgoRevenue": {}, "growth": {}}, "epsTrend": {"current": {}, "7daysAgo": {}, "30daysAgo": {}, "60daysAgo": {}, "90daysAgo": {}}, "epsRevisions": {"upLast7days": {}, "upLast30days": {}, "downLast30days": {}, "downLast90days": {}}}], "maxAge": 1}, "financialData": {"maxAge": 86400, "currentPrice": 396.85, "recommendationMean": 2.0, "recommendationKey": "buy", "grossProfits": 2090450000, "financialCurrency": "INR"}}}