{"DICIND.NS": {"assetProfile": {"address1": "Fusion Square", "address2": "5 Floor 5A-5B, Sector- 126 303 Gautam Budh Nagar", "city": "Noida", "zip": "201303", "country": "India", "phone": "91 120 636 1414", "website": "http://www.dicindialtd.co", "industry": "Specialty Chemicals", "sector": "Basic Materials", "longBusinessSummary": "DIC India Limited manufactures and sells printing inks in India. It operates in two segments, Printing Inks and Lamination Adhesives. The company offers offset inks, gravure inks, flexo inks, can coatings, news inks, and packaging adhesives; lamination adhesives; UV and water based varnishes; packaging solutions; chemical solution materials, including fine chemicals, polymers, compounds, and application materials; and value added services to the printing fraternity. It serves newspapers, magazines, packaging, and printing establishments, as well as other publications industries. The company was formerly known as Coates of India Limited and changed its name to DIC India Limited in August 2004. DIC India Limited was founded in 1937 and is based in Noida, India. DIC India Limited is a subsidiary of DIC Asia Pacific Pte Limited.", "fullTimeEmployees": 496, "companyOfficers": [{"maxAge": 1, "name": "Mr. Manish  Bhatia", "age": 49, "title": "MD, CEO & Director", "yearBorn": 1971, "fiscalYear": 2020, "totalPay": 32573909, "exercisedValue": 0, "unexercisedValue": 0}, {"maxAge": 1, "name": "Mr. Sandip  Chatterjee", "title": "Chief Financial Officer", "fiscalYear": 2020, "totalPay": 8448603, "exercisedValue": 0, "unexercisedValue": 0}, {"maxAge": 1, "name": "Mr. Taishi  Nojima", "age": 55, "title": "COO & Whole Time Director", "yearBorn": 1965, "fiscalYear": 2020, "totalPay": 9009600, "exercisedValue": 0, "unexercisedValue": 0}, {"maxAge": 1, "name": "Mr. Raghav  Shukla", "title": "Head of Legal & Company Sec.", "fiscalYear": 2020, "totalPay": 5542252, "exercisedValue": 0, "unexercisedValue": 0}, {"maxAge": 1, "name": "Mr. Utsab Kumar Choudhuri", "title": "Head of Technology", "exercisedValue": 0, "unexercisedValue": 0}, {"maxAge": 1, "name": "Mr. Anubhav  Gupta", "title": "Head of Sales & Marketing", "exercisedValue": 0, "unexercisedValue": 0}, {"maxAge": 1, "name": "Mr. Manish  Dwivedi", "title": "Head of HR", "exercisedValue": 0, "unexercisedValue": 0}, {"maxAge": 1, "name": "Mr. Mahesh  Waichal", "title": "Bus. Head of Chemicals", "exercisedValue": 0, "unexercisedValue": 0}, {"maxAge": 1, "name": "Mr. Partha S. Mukherjee", "title": "Head of Sales & Marketing Printing Inks Bus.", "exercisedValue": 0, "unexercisedValue": 0}, {"maxAge": 1, "name": "Mr. Anil  Nanda", "title": "Head of News link Bus.", "exercisedValue": 0, "unexercisedValue": 0}], "compensationAsOfEpochDate": "2020-12-31 05:30:00", "maxAge": 86400}, "recommendationTrend": {"trend": [{"period": "0m", "strongBuy": 0, "buy": 0, "hold": 0, "sell": 0, "strongSell": 0}, {"period": "-1m", "strongBuy": 0, "buy": 0, "hold": 0, "sell": 0, "strongSell": 0}, {"period": "-2m", "strongBuy": 0, "buy": 0, "hold": 0, "sell": 0, "strongSell": 0}, {"period": "-3m", "strongBuy": 0, "buy": 0, "hold": 0, "sell": 0, "strongSell": 0}], "maxAge": 86400}, "cashflowStatementHistory": {"cashflowStatements": [{"maxAge": 1, "endDate": "2020-12-31", "netIncome": 859004000, "depreciation": 146020000, "changeToNetincome": -952259000, "changeToAccountReceivables": 196452000, "changeToLiabilities": 11495000, "changeToInventory": -41389000, "changeToOperatingActivities": 22201000, "totalCashFromOperatingActivities": 242738000, "capitalExpenditures": -60539000, "otherCashflowsFromInvestingActivities": -573099000, "totalCashflowsFromInvestingActivities": 381619000, "dividendsPaid": -41305000, "netBorrowings": -379551000, "otherCashflowsFromFinancingActivities": -22188000, "totalCashFromFinancingActivities": -443044000, "changeInCash": 181313000}, {"maxAge": 1, "endDate": "2019-12-31", "netIncome": 184467000, "depreciation": 110552000, "changeToNetincome": -16933000, "changeToAccountReceivables": 375137000, "changeToLiabilities": -792861000, "changeToInventory": 409263000, "changeToOperatingActivities": 314253000, "totalCashFromOperatingActivities": 584986000, "capitalExpenditures": -119681000, "otherCashflowsFromInvestingActivities": 186675000, "totalCashflowsFromInvestingActivities": -367627000, "dividendsPaid": -41305000, "netBorrowings": -155699000, "otherCashflowsFromFinancingActivities": -60162000, "totalCashFromFinancingActivities": -215861000, "changeInCash": 1498000}, {"maxAge": 1, "endDate": "2018-12-31", "netIncome": -93235000, "depreciation": 131695000, "changeToNetincome": -2472000, "changeToAccountReceivables": -270462000, "changeToLiabilities": 596158000, "changeToInventory": -176890000, "changeToOperatingActivities": -273823000, "totalCashFromOperatingActivities": -87728000, "capitalExpenditures": -135966000, "otherCashflowsFromInvestingActivities": -143606000, "totalCashflowsFromInvestingActivities": -219676000, "dividendsPaid": -41305000, "netBorrowings": 157064000, "otherCashflowsFromFinancingActivities": -42050000, "totalCashFromFinancingActivities": 115014000, "changeInCash": -192390000}, {"maxAge": 1, "endDate": "2017-12-31", "netIncome": -117919000, "depreciation": 152693000, "changeToNetincome": 92714000, "changeToAccountReceivables": -243240000, "changeToLiabilities": 225783000, "changeToInventory": -55091000, "changeToOperatingActivities": -185867000, "totalCashFromOperatingActivities": -127700000, "capitalExpenditures": -167537000, "otherCashflowsFromInvestingActivities": 474000, "totalCashflowsFromInvestingActivities": -29600000, "dividendsPaid": -36716000, "netBorrowings": 350000000, "otherCashflowsFromFinancingActivities": -31415000, "totalCashFromFinancingActivities": 281869000, "changeInCash": 124569000}], "maxAge": 86400}, "indexTrend": {"maxAge": 1, "symbol": "SP5", "peRatio": 19.7411, "pegRatio": 1.34172, "estimates": [{"period": "0q", "growth": 0.549}, {"period": "+1q", "growth": 0.431}, {"period": "0y", "growth": 0.305}, {"period": "+1y", "growth": 0.109}, {"period": "+5y", "growth": 0.120865}, {"period": "-5y"}]}, "defaultKeyStatistics": {"maxAge": 1, "priceHint": 2, "enterpriseValue": 2678456320, "profitMargins": 0.14049, "floatShares": 1746484, "sharesOutstanding": 9178980, "heldPercentInsiders": 0.79136, "heldPercentInstitutions": 0.0, "beta": 0.685244, "category": null, "bookValue": 413.336, "priceToBook": 0.9464455, "fundFamily": null, "legalType": null, "lastFiscalYearEnd": "2020-12-31 05:30:00", "nextFiscalYearEnd": "2022-12-31 05:30:00", "mostRecentQuarter": "2020-12-31 05:30:00", "earningsQuarterlyGrowth": -0.293, "netIncomeToCommon": 859004032, "trailingEps": 93.58, "forwardEps": 42.77, "lastSplitFactor": null, "enterpriseToRevenue": 0.438, "enterpriseToEbitda": 10.686}, "industryTrend": {"maxAge": 1, "symbol": null, "estimates": []}, "quoteType": {"exchange": "NSI", "quoteType": "EQUITY", "symbol": "DICIND.NS", "underlyingSymbol": "DICIND.NS", "shortName": "DIC INDIA", "longName": "DIC India Limited", "firstTradeDateEpochUtc": "2002-07-01 09:15:00", "timeZoneFullName": "Asia/Kolkata", "timeZoneShortName": "IST", "uuid": "7a38c960-3ae6-3e52-aa56-65074ea284cf", "gmtOffSetMilliseconds": 19800000, "maxAge": 1}, "incomeStatementHistory": {"incomeStatementHistory": [{"maxAge": 1, "endDate": "2020-12-31", "totalRevenue": 6114245000, "costOfRevenue": 4306263000, "grossProfit": 1807982000, "researchDevelopment": {}, "sellingGeneralAdministrative": 786018000, "nonRecurring": {}, "otherOperatingExpenses": 734542000, "totalOperatingExpenses": 5974057000, "operatingIncome": 140188000, "totalOtherIncomeExpenseNet": 968589000, "ebit": 140188000, "interestExpense": -18997000, "incomeBeforeTax": 1108777000, "incomeTaxExpense": 249773000, "minorityInterest": {}, "netIncomeFromContinuingOps": 859004000, "discontinuedOperations": {}, "extraordinaryItems": {}, "effectOfAccountingCharges": {}, "otherItems": {}, "netIncome": 859004000, "netIncomeApplicableToCommonShares": 859004000}, {"maxAge": 1, "endDate": "2019-12-31", "totalRevenue": 7933633000, "costOfRevenue": 5842257000, "grossProfit": 2091376000, "researchDevelopment": {}, "sellingGeneralAdministrative": 768050000, "nonRecurring": {}, "otherOperatingExpenses": 1080275000, "totalOperatingExpenses": 7802242000, "operatingIncome": 131391000, "totalOtherIncomeExpenseNet": 43266000, "ebit": 131391000, "interestExpense": -46569000, "incomeBeforeTax": 174657000, "incomeTaxExpense": -9810000, "minorityInterest": {}, "netIncomeFromContinuingOps": 184467000, "discontinuedOperations": {}, "extraordinaryItems": {}, "effectOfAccountingCharges": {}, "otherItems": {}, "netIncome": 184467000, "netIncomeApplicableToCommonShares": 184467000}, {"maxAge": 1, "endDate": "2018-12-31", "totalRevenue": 8393680000, "costOfRevenue": 6615901000, "grossProfit": 1777779000, "researchDevelopment": {}, "sellingGeneralAdministrative": 694532000, "nonRecurring": {}, "otherOperatingExpenses": 1061361000, "totalOperatingExpenses": 8504790000, "operatingIncome": -111110000, "totalOtherIncomeExpenseNet": 52213000, "ebit": -111110000, "interestExpense": -58302000, "incomeBeforeTax": -58897000, "incomeTaxExpense": 34338000, "minorityInterest": {}, "netIncomeFromContinuingOps": -93235000, "discontinuedOperations": {}, "extraordinaryItems": {}, "effectOfAccountingCharges": {}, "otherItems": {}, "netIncome": -93235000, "netIncomeApplicableToCommonShares": -93235000}, {"maxAge": 1, "endDate": "2017-12-31", "totalRevenue": 7393623000, "costOfRevenue": 5546859000, "grossProfit": 1846764000, "researchDevelopment": {}, "sellingGeneralAdministrative": 645178000, "nonRecurring": {}, "otherOperatingExpenses": 1060262000, "totalOperatingExpenses": 7408219000, "operatingIncome": -14596000, "totalOtherIncomeExpenseNet": -143371000, "ebit": -14596000, "interestExpense": -28972000, "incomeBeforeTax": -157967000, "incomeTaxExpense": -40048000, "minorityInterest": {}, "netIncomeFromContinuingOps": -117919000, "discontinuedOperations": {}, "extraordinaryItems": {}, "effectOfAccountingCharges": {}, "otherItems": {}, "netIncome": -117919000, "netIncomeApplicableToCommonShares": -117919000}], "maxAge": 86400}, "fundOwnership": {"ownershipList": [], "maxAge": 1}, "summaryDetail": {"maxAge": 1, "priceHint": 2, "previousClose": 385.85, "open": 395.0, "dayLow": 385.05, "dayHigh": 395.0, "regularMarketPreviousClose": 385.85, "regularMarketOpen": 395.0, "regularMarketDayLow": 385.05, "regularMarketDayHigh": 395.0, "dividendRate": 6.0, "dividendYield": 0.0156, "exDividendDate": "2021-03-10 05:30:00", "payoutRatio": 0.0481, "beta": 0.685244, "trailingPE": 4.1803803, "forwardPE": 9.146598, "volume": 1469, "regularMarketVolume": 1469, "averageVolume": 9674, "averageVolume10days": 2250, "averageDailyVolume10Day": 2250, "bid": 0.0, "ask": 0.0, "bidSize": 0, "askSize": 0, "marketCap": 3601981952, "fiftyTwoWeekLow": 275.55, "fiftyTwoWeekHigh": 455.95, "priceToSalesTrailing12Months": 0.5891131, "fiftyDayAverage": 405.67273, "twoHundredDayAverage": 388.90894, "trailingAnnualDividendRate": 6.0, "trailingAnnualDividendYield": 0.015550084, "currency": "INR", "fromCurrency": null, "lastMarket": null, "algorithm": null, "tradeable": false}, "insiderHolders": {"holders": [], "maxAge": 1}, "calendarEvents": {"maxAge": 1, "earnings": {"earningsDate": []}, "exDividendDate": "2021-03-10 05:30:00"}, "upgradeDowngradeHistory": {"history": [], "maxAge": 86400}, "price": {"maxAge": 1, "regularMarketChangePercent": 0.013865506, "regularMarketChange": 5.350006, "regularMarketTime": "2021-04-30 15:28:56", "priceHint": 2, "regularMarketPrice": 391.2, "regularMarketDayHigh": 395.0, "regularMarketDayLow": 385.05, "regularMarketVolume": 1469, "averageDailyVolume10Day": 2250, "averageDailyVolume3Month": 9674, "regularMarketPreviousClose": 385.85, "regularMarketSource": "FREE_REALTIME", "regularMarketOpen": 395.0, "exchange": "NSI", "exchangeName": "NSE", "exchangeDataDelayedBy": 15, "marketState": "CLOSED", "quoteType": "EQUITY", "symbol": "DICIND.NS", "underlyingSymbol": null, "shortName": "DIC INDIA", "longName": "DIC India Limited", "currency": "INR", "quoteSourceName": "Delayed Quote", "currencySymbol": "\u20b9", "fromCurrency": null, "lastMarket": null, "marketCap": 3601981952}, "balanceSheetHistory": {"balanceSheetStatements": [{"maxAge": 1, "endDate": "2020-12-31", "cash": 330642000, "shortTermInvestments": 590068000, "netReceivables": 2076225000, "inventory": 1026246000, "otherCurrentAssets": 68141000, "totalCurrentAssets": 4108331000, "longTermInvestments": 93000, "propertyPlantEquipment": 800186000, "intangibleAssets": 2379000, "otherAssets": 379717000, "deferredLongTermAssetCharges": 76374000, "totalAssets": 5290706000, "accountsPayable": 1118873000, "otherCurrentLiab": 226063000, "otherLiab": 45148000, "deferredLongTermLiab": 2205000, "totalCurrentLiabilities": 1417059000, "totalLiab": 1496700000, "commonStock": 91790000, "retainedEarnings": 3047349000, "treasuryStock": 59000, "capitalSurplus": 654808000, "otherStockholderEquity": 59000, "totalStockholderEquity": 3794006000, "netTangibleAssets": 3791627000}, {"maxAge": 1, "endDate": "2019-12-31", "cash": 149329000, "shortTermInvestments": 569000, "netReceivables": 2284064000, "inventory": 984857000, "otherCurrentAssets": 257990000, "totalCurrentAssets": 3714294000, "propertyPlantEquipment": 605739000, "intangibleAssets": 1757000, "otherAssets": 366730000, "deferredLongTermAssetCharges": 72933000, "totalAssets": 4688520000, "accountsPayable": 1107886000, "otherCurrentLiab": 150495000, "otherLiab": 41476000, "deferredLongTermLiab": 2402000, "totalCurrentLiabilities": 1667871000, "totalLiab": 1709347000, "commonStock": 91790000, "retainedEarnings": 2232516000, "treasuryStock": 59000, "capitalSurplus": 654808000, "otherStockholderEquity": 59000, "totalStockholderEquity": 2979173000, "netTangibleAssets": 2977416000}, {"maxAge": 1, "endDate": "2018-12-31", "cash": 147831000, "shortTermInvestments": 165085000, "netReceivables": 3056341000, "inventory": 1394120000, "otherCurrentAssets": 310070000, "totalCurrentAssets": 5082235000, "propertyPlantEquipment": 600235000, "intangibleAssets": 2865000, "otherAssets": 347227000, "totalAssets": 6032562000, "accountsPayable": 1921873000, "otherCurrentLiab": 713433000, "otherLiab": 37183000, "deferredLongTermLiab": 2308000, "totalCurrentLiabilities": 3196567000, "totalLiab": 3233750000, "commonStock": 91790000, "retainedEarnings": 2052155000, "treasuryStock": 59000, "capitalSurplus": 654808000, "otherStockholderEquity": 59000, "totalStockholderEquity": 2798812000, "netTangibleAssets": 2795947000}, {"maxAge": 1, "endDate": "2017-12-31", "cash": 340221000, "shortTermInvestments": 118000, "netReceivables": 2476605000, "inventory": 1217230000, "otherCurrentAssets": 73462000, "totalCurrentAssets": 4117687000, "propertyPlantEquipment": 602061000, "intangibleAssets": 1625000, "otherAssets": 196905000, "deferredLongTermAssetCharges": 46409000, "totalAssets": 4918278000, "accountsPayable": 1360595000, "otherCurrentLiab": 241884000, "otherLiab": 40561000, "deferredLongTermLiab": 2316000, "totalCurrentLiabilities": 1980222000, "totalLiab": 2020783000, "commonStock": 91790000, "retainedEarnings": 2150838000, "treasuryStock": 59000, "capitalSurplus": 654808000, "otherStockholderEquity": 59000, "totalStockholderEquity": 2897495000, "netTangibleAssets": 2895870000}], "maxAge": 86400}, "earningsTrend": {"trend": [{"maxAge": 1, "period": "0q", "endDate": "2016-09-30", "growth": {}, "earningsEstimate": {"avg": 0.0, "low": 0.0, "high": 0.0, "yearAgoEps": {}, "numberOfAnalysts": 0, "growth": {}}, "revenueEstimate": {"avg": 0, "low": 0, "high": 0, "numberOfAnalysts": 0, "yearAgoRevenue": {}, "growth": {}}, "epsTrend": {"current": 0.0, "7daysAgo": 0.0, "30daysAgo": 0.0, "60daysAgo": 0.0, "90daysAgo": 0.0}, "epsRevisions": {"upLast7days": 0, "upLast30days": 0, "downLast30days": 0, "downLast90days": {}}}, {"maxAge": 1, "period": "+1q", "endDate": "2016-12-31", "growth": {}, "earningsEstimate": {"avg": 0.0, "low": 0.0, "high": 0.0, "yearAgoEps": {}, "numberOfAnalysts": 0, "growth": {}}, "revenueEstimate": {"avg": 0, "low": 0, "high": 0, "numberOfAnalysts": 0, "yearAgoRevenue": {}, "growth": {}}, "epsTrend": {"current": 0.0, "7daysAgo": 0.0, "30daysAgo": 0.0, "60daysAgo": 0.0, "90daysAgo": 0.0}, "epsRevisions": {"upLast7days": 0, "upLast30days": 0, "downLast30days": 0, "downLast90days": {}}}, {"maxAge": 1, "period": "0y", "endDate": "2016-12-31", "growth": {}, "earningsEstimate": {"avg": 0.0, "low": 0.0, "high": 0.0, "yearAgoEps": {}, "numberOfAnalysts": 0, "growth": {}}, "revenueEstimate": {"avg": 0, "low": 8095030000, "high": 8095030000, "numberOfAnalysts": 1, "yearAgoRevenue": {}, "growth": {}}, "epsTrend": {"current": 0.0, "7daysAgo": 37.6, "30daysAgo": 37.6, "60daysAgo": 37.6, "90daysAgo": 37.6}, "epsRevisions": {"upLast7days": 0, "upLast30days": 0, "downLast30days": 0, "downLast90days": {}}}, {"maxAge": 1, "period": "+1y", "endDate": "2017-12-31", "growth": {}, "earningsEstimate": {"avg": 0.0, "low": 0.0, "high": 0.0, "yearAgoEps": {}, "numberOfAnalysts": 0, "growth": {}}, "revenueEstimate": {"avg": 8823580000, "low": 8823580000, "high": 8823580000, "numberOfAnalysts": 1, "yearAgoRevenue": {}, "growth": {}}, "epsTrend": {"current": 0.0, "7daysAgo": 42.77, "30daysAgo": 42.77, "60daysAgo": 42.77, "90daysAgo": 42.77}, "epsRevisions": {"upLast7days": 0, "upLast30days": 0, "downLast30days": 0, "downLast90days": {}}}, {"maxAge": 1, "period": "+5y", "endDate": null, "growth": {}, "earningsEstimate": {"avg": {}, "low": {}, "high": {}, "yearAgoEps": {}, "numberOfAnalysts": {}, "growth": {}}, "revenueEstimate": {"avg": {}, "low": {}, "high": {}, "numberOfAnalysts": {}, "yearAgoRevenue": {}, "growth": {}}, "epsTrend": {"current": {}, "7daysAgo": {}, "30daysAgo": {}, "60daysAgo": {}, "90daysAgo": {}}, "epsRevisions": {"upLast7days": {}, "upLast30days": {}, "downLast30days": {}, "downLast90days": {}}}, {"maxAge": 1, "period": "-5y", "endDate": null, "growth": 0.12149999, "earningsEstimate": {"avg": {}, "low": {}, "high": {}, "yearAgoEps": {}, "numberOfAnalysts": {}, "growth": {}}, "revenueEstimate": {"avg": {}, "low": {}, "high": {}, "numberOfAnalysts": {}, "yearAgoRevenue": {}, "growth": {}}, "epsTrend": {"current": {}, "7daysAgo": {}, "30daysAgo": {}, "60daysAgo": {}, "90daysAgo": {}}, "epsRevisions": {"upLast7days": {}, "upLast30days": {}, "downLast30days": {}, "downLast90days": {}}}], "maxAge": 1}, "institutionOwnership": {"ownershipList": [], "maxAge": 1}, "majorHoldersBreakdown": {"maxAge": 1, "insidersPercentHeld": 0.79136, "institutionsPercentHeld": 0.0, "institutionsFloatPercentHeld": 0.0, "institutionsCount": 0}, "balanceSheetHistoryQuarterly": {"balanceSheetStatements": [{"maxAge": 1, "endDate": "2020-12-31", "cash": 330642000, "shortTermInvestments": 590068000, "netReceivables": 2076225000, "inventory": 1026246000, "otherCurrentAssets": 68141000, "totalCurrentAssets": 4108331000, "longTermInvestments": 93000, "propertyPlantEquipment": 800186000, "intangibleAssets": 2379000, "otherAssets": 379717000, "deferredLongTermAssetCharges": 76374000, "totalAssets": 5290706000, "accountsPayable": 1118873000, "otherCurrentLiab": 226063000, "otherLiab": 45148000, "deferredLongTermLiab": 2205000, "totalCurrentLiabilities": 1417059000, "totalLiab": 1496700000, "commonStock": 91790000, "retainedEarnings": 3047349000, "treasuryStock": 59000, "capitalSurplus": 654808000, "otherStockholderEquity": 59000, "totalStockholderEquity": 3794006000, "netTangibleAssets": 3791627000}, {"maxAge": 1, "endDate": "2020-09-30", "totalStockholderEquity": 3710097000, "netTangibleAssets": 3708894000}, {"maxAge": 1, "endDate": "2020-06-30", "cash": 954390000, "shortTermInvestments": 47303000, "netReceivables": 1722596000, "inventory": 1203271000, "otherCurrentAssets": 336864000, "totalCurrentAssets": 4264424000, "longTermInvestments": 213260000, "propertyPlantEquipment": 823673000, "intangibleAssets": 1203000, "otherAssets": 179415000, "deferredLongTermAssetCharges": 84110000, "totalAssets": 5481975000, "accountsPayable": 1065342000, "otherCurrentLiab": 419811000, "otherLiab": 46901000, "totalCurrentLiabilities": 1681516000, "totalLiab": 1771878000, "commonStock": 91790000, "treasuryStock": 3618307000, "otherStockholderEquity": 3618307000, "totalStockholderEquity": 3710097000, "netTangibleAssets": 3708894000}, {"maxAge": 1, "endDate": "2020-03-31", "totalStockholderEquity": 2979173000, "netTangibleAssets": 2977416000}], "maxAge": 86400}, "earningsHistory": {"history": [{"maxAge": 1, "epsActual": {}, "epsEstimate": {}, "epsDifference": {}, "surprisePercent": {}, "quarter": {}, "period": "-4q"}, {"maxAge": 1, "epsActual": {}, "epsEstimate": {}, "epsDifference": {}, "surprisePercent": {}, "quarter": {}, "period": "-3q"}, {"maxAge": 1, "epsActual": {}, "epsEstimate": {}, "epsDifference": {}, "surprisePercent": {}, "quarter": {}, "period": "-2q"}, {"maxAge": 1, "epsActual": 7.47, "epsEstimate": 9.06, "epsDifference": -1.59, "surprisePercent": -0.175, "quarter": "2016-06-30", "period": "-1q"}], "maxAge": 86400}, "summaryProfile": {"address1": "Fusion Square", "address2": "5 Floor 5A-5B, Sector- 126 303 Gautam Budh Nagar", "city": "Noida", "zip": "201303", "country": "India", "phone": "91 120 636 1414", "website": "http://www.dicindialtd.co", "industry": "Specialty Chemicals", "sector": "Basic Materials", "longBusinessSummary": "DIC India Limited manufactures and sells printing inks in India. It operates in two segments, Printing Inks and Lamination Adhesives. The company offers offset inks, gravure inks, flexo inks, can coatings, news inks, and packaging adhesives; lamination adhesives; UV and water based varnishes; packaging solutions; chemical solution materials, including fine chemicals, polymers, compounds, and application materials; and value added services to the printing fraternity. It serves newspapers, magazines, packaging, and printing establishments, as well as other publications industries. The company was formerly known as Coates of India Limited and changed its name to DIC India Limited in August 2004. DIC India Limited was founded in 1937 and is based in Noida, India. DIC India Limited is a subsidiary of DIC Asia Pacific Pte Limited.", "fullTimeEmployees": 496, "companyOfficers": [], "maxAge": 86400}, "netSharePurchaseActivity": {"maxAge": 1, "period": "6m", "buyInfoCount": 0, "buyInfoShares": 0, "sellInfoCount": 0, "netInfoCount": 0, "netInfoShares": 0, "netPercentInsiderShares": 0.0, "totalInsiderShares": 7263875}, "sectorTrend": {"maxAge": 1, "symbol": null, "estimates": []}, "incomeStatementHistoryQuarterly": {"incomeStatementHistory": [{"maxAge": 1, "endDate": "2020-12-31", "totalRevenue": 1673290000, "costOfRevenue": 1183048000, "grossProfit": 490242000, "researchDevelopment": {}, "sellingGeneralAdministrative": 222466000, "nonRecurring": {}, "otherOperatingExpenses": 125455000, "totalOperatingExpenses": 1565025000, "operatingIncome": 108265000, "totalOtherIncomeExpenseNet": -40548000, "ebit": 108265000, "interestExpense": -3329000, "incomeBeforeTax": 67717000, "incomeTaxExpense": 17034000, "minorityInterest": {}, "netIncomeFromContinuingOps": 50683000, "discontinuedOperations": {}, "extraordinaryItems": {}, "effectOfAccountingCharges": {}, "otherItems": {}, "netIncome": 50683000, "netIncomeApplicableToCommonShares": 50683000}, {"maxAge": 1, "endDate": "2020-09-30", "totalRevenue": 1532493000, "costOfRevenue": 1097736000, "grossProfit": 434757000, "researchDevelopment": {}, "sellingGeneralAdministrative": 186467000, "nonRecurring": {}, "otherOperatingExpenses": 187527000, "totalOperatingExpenses": 1507781000, "operatingIncome": 24712000, "totalOtherIncomeExpenseNet": 20482000, "ebit": 24712000, "interestExpense": -3592000, "incomeBeforeTax": 45194000, "incomeTaxExpense": 11663000, "minorityInterest": {}, "netIncomeFromContinuingOps": 33531000, "discontinuedOperations": {}, "extraordinaryItems": {}, "effectOfAccountingCharges": {}, "otherItems": {}, "netIncome": 33531000, "netIncomeApplicableToCommonShares": 33531000}, {"maxAge": 1, "endDate": "2020-06-30", "totalRevenue": 1175412000, "costOfRevenue": 819019000, "grossProfit": 356393000, "researchDevelopment": {}, "sellingGeneralAdministrative": 184944000, "nonRecurring": {}, "otherOperatingExpenses": 148867000, "totalOperatingExpenses": 1191841000, "operatingIncome": -16429000, "totalOtherIncomeExpenseNet": 981363000, "ebit": -16429000, "interestExpense": -5481000, "incomeBeforeTax": 964934000, "incomeTaxExpense": 214212000, "minorityInterest": {}, "netIncomeFromContinuingOps": 750722000, "discontinuedOperations": {}, "extraordinaryItems": {}, "effectOfAccountingCharges": {}, "otherItems": {}, "netIncome": 750722000, "netIncomeApplicableToCommonShares": 750722000}, {"maxAge": 1, "endDate": "2020-03-31", "totalRevenue": 1733050000, "costOfRevenue": 1206460000, "grossProfit": 526590000, "researchDevelopment": {}, "sellingGeneralAdministrative": 192141000, "nonRecurring": {}, "otherOperatingExpenses": 272693000, "totalOperatingExpenses": 1709410000, "operatingIncome": 23640000, "totalOtherIncomeExpenseNet": 7292000, "ebit": 23640000, "interestExpense": -6595000, "incomeBeforeTax": 30932000, "incomeTaxExpense": 6864000, "minorityInterest": {}, "netIncomeFromContinuingOps": 24068000, "discontinuedOperations": {}, "extraordinaryItems": {}, "effectOfAccountingCharges": {}, "otherItems": {}, "netIncome": 24068000, "netIncomeApplicableToCommonShares": 24068000}], "maxAge": 86400}, "cashflowStatementHistoryQuarterly": {"cashflowStatements": [{"maxAge": 1, "endDate": "2020-12-31", "netIncome": 50683000, "changeToLiabilities": 0}, {"maxAge": 1, "endDate": "2020-09-30", "netIncome": 33531000, "changeToLiabilities": 0}, {"maxAge": 1, "endDate": "2020-06-30", "netIncome": 750722000, "changeToLiabilities": 0}, {"maxAge": 1, "endDate": "2020-03-31", "netIncome": 24068000, "changeToLiabilities": 0}], "maxAge": 86400}, "earnings": {"maxAge": 86400, "earningsChart": {"quarterly": [{"date": "2Q2016", "actual": 7.47, "estimate": 9.06}], "currentQuarterEstimateDate": "3Q", "currentQuarterEstimateYear": 2016, "earningsDate": []}, "financialsChart": {"yearly": [{"date": 2017, "revenue": 7393623000, "earnings": -117919000}, {"date": 2018, "revenue": 8393680000, "earnings": -93235000}, {"date": 2019, "revenue": 7933633000, "earnings": 184467000}, {"date": 2020, "revenue": 6114245000, "earnings": 859004000}], "quarterly": [{"date": "1Q2020", "revenue": 1733050000, "earnings": 24068000}, {"date": "2Q2020", "revenue": 1175412000, "earnings": 750722000}, {"date": "3Q2020", "revenue": 1532493000, "earnings": 33531000}, {"date": "4Q2020", "revenue": 1673290000, "earnings": 50683000}]}, "financialCurrency": "INR"}, "financialData": {"maxAge": 86400, "currentPrice": 391.2, "recommendationMean": 2.0, "recommendationKey": "buy", "totalCash": 920710016, "totalCashPerShare": 100.306, "ebitda": 250643008, "totalDebt": 57458000, "quickRatio": 2.115, "currentRatio": 2.899, "totalRevenue": 6114245120, "debtToEquity": 1.514, "revenuePerShare": 666.087, "returnOnAssets": 0.01756, "returnOnEquity": 0.25365, "grossProfits": 1807982000, "freeCashflow": 633885376, "operatingCashflow": 242738000, "earningsGrowth": -0.292, "revenueGrowth": -0.14, "grossMargins": 0.29569998, "ebitdaMargins": 0.04099, "operatingMargins": 0.02293, "profitMargins": 0.14049, "financialCurrency": "INR"}}}