{"DISAQ.BO": {"recommendationTrend": {"trend": [{"period": "0m", "strongBuy": 0, "buy": 0, "hold": 0, "sell": 0, "strongSell": 0}, {"period": "-1m", "strongBuy": 0, "buy": 0, "hold": 0, "sell": 0, "strongSell": 0}, {"period": "-2m", "strongBuy": 0, "buy": 0, "hold": 0, "sell": 0, "strongSell": 0}, {"period": "-3m", "strongBuy": 0, "buy": 0, "hold": 0, "sell": 0, "strongSell": 0}], "maxAge": 86400}, "cashflowStatementHistory": {"cashflowStatements": [{"maxAge": 1, "endDate": "2020-03-31", "netIncome": 295800000, "depreciation": 37400000, "changeToNetincome": -86300000, "changeToAccountReceivables": 12600000, "changeToLiabilities": -113500000, "changeToInventory": 88500000, "changeToOperatingActivities": -144100000, "totalCashFromOperatingActivities": 90700000, "capitalExpenditures": -51400000, "investments": -65400000, "otherCashflowsFromInvestingActivities": 70900000, "totalCashflowsFromInvestingActivities": -45200000, "dividendsPaid": -3600000, "netBorrowings": 20000000, "otherCashflowsFromFinancingActivities": -5000000, "totalCashFromFinancingActivities": 11400000, "changeInCash": 56900000}, {"maxAge": 1, "endDate": "2019-03-31", "netIncome": 286100000, "depreciation": 23200000, "changeToNetincome": -58300000, "changeToAccountReceivables": -67600000, "changeToLiabilities": -19300000, "changeToInventory": -177700000, "changeToOperatingActivities": 176600000, "totalCashFromOperatingActivities": 163300000, "capitalExpenditures": -40300000, "investments": -134300000, "otherCashflowsFromInvestingActivities": 53900000, "totalCashflowsFromInvestingActivities": -119900000, "dividendsPaid": -3600000, "netBorrowings": 20000000, "otherCashflowsFromFinancingActivities": -3400000, "totalCashFromFinancingActivities": -7000000, "changeInCash": 36400000}, {"maxAge": 1, "endDate": "2018-03-31", "netIncome": 167000000, "depreciation": 21500000, "changeToNetincome": -37300000, "changeToAccountReceivables": -46800000, "changeToLiabilities": 115200000, "changeToInventory": -106000000, "changeToOperatingActivities": 129300000, "totalCashFromOperatingActivities": 243000000, "capitalExpenditures": -40300000, "investments": -240800000, "otherCashflowsFromInvestingActivities": 42000000, "totalCashflowsFromInvestingActivities": -197300000, "dividendsPaid": -3700000, "netBorrowings": 20000000, "otherCashflowsFromFinancingActivities": -2000000, "totalCashFromFinancingActivities": -5700000, "changeInCash": 40000000}, {"maxAge": 1, "endDate": "2017-03-31", "netIncome": 112900000, "depreciation": 21900000, "changeToNetincome": -41600000, "changeToAccountReceivables": 16000000, "changeToLiabilities": 29200000, "changeToInventory": 27200000, "changeToOperatingActivities": -40000000, "totalCashFromOperatingActivities": 125600000, "capitalExpenditures": -28100000, "investments": 117800000, "otherCashflowsFromInvestingActivities": 55100000, "totalCashflowsFromInvestingActivities": 145200000, "dividendsPaid": -3800000, "netBorrowings": 20000000, "otherCashflowsFromFinancingActivities": -3400000, "totalCashFromFinancingActivities": -276000000, "changeInCash": -5200000, "repurchaseOfStock": -268800000}], "maxAge": 86400}, "institutionOwnership": {"maxAge": 1, "ownershipList": []}, "balanceSheetHistoryQuarterly": {"balanceSheetStatements": [{"maxAge": 1, "endDate": "2020-06-30", "totalStockholderEquity": 1664400000, "netTangibleAssets": 1656400000}, {"maxAge": 1, "endDate": "2020-03-31", "cash": 154000000, "shortTermInvestments": 835200000, "netReceivables": 224000000, "inventory": 562700000, "otherCurrentAssets": 276000000, "totalCurrentAssets": 2060400000, "propertyPlantEquipment": 223300000, "goodWill": 6000000, "intangibleAssets": 2000000, "otherAssets": 44900000, "deferredLongTermAssetCharges": 6900000, "totalAssets": 2336600000, "accountsPayable": 193400000, "otherCurrentLiab": 392700000, "otherLiab": 1300000, "totalCurrentLiabilities": 653700000, "totalLiab": 672200000, "commonStock": 14500000, "retainedEarnings": 1644300000, "treasuryStock": 5600000, "otherStockholderEquity": 5600000, "totalStockholderEquity": 1664400000, "netTangibleAssets": 1656400000}, {"maxAge": 1, "endDate": "2019-12-31", "totalStockholderEquity": 1529400000, "netTangibleAssets": 1522700000}, {"maxAge": 1, "endDate": "2019-09-30", "cash": 1075100000, "shortTermInvestments": 46200000, "netReceivables": 190300000, "inventory": 708000000, "otherCurrentAssets": 98200000, "totalCurrentAssets": 2117800000, "propertyPlantEquipment": 235900000, "goodWill": 6000000, "intangibleAssets": 700000, "otherAssets": 32000000, "deferredLongTermAssetCharges": 5100000, "totalAssets": 2392400000, "accountsPayable": 286400000, "otherCurrentLiab": 560200000, "otherLiab": 16400000, "totalCurrentLiabilities": 846600000, "totalLiab": 863000000, "commonStock": 14500000, "treasuryStock": 1514900000, "otherStockholderEquity": 1514900000, "totalStockholderEquity": 1529400000, "netTangibleAssets": 1522700000}], "maxAge": 86400}, "earningsHistory": {"history": [{"maxAge": 1, "epsActual": {}, "epsEstimate": {}, "epsDifference": {}, "surprisePercent": {}, "quarter": {}, "period": "-4q"}, {"maxAge": 1, "epsActual": {}, "epsEstimate": {}, "epsDifference": {}, "surprisePercent": {}, "quarter": {}, "period": "-3q"}, {"maxAge": 1, "epsActual": {}, "epsEstimate": {}, "epsDifference": {}, "surprisePercent": {}, "quarter": {}, "period": "-2q"}, {"maxAge": 1, "epsActual": {}, "epsEstimate": {}, "epsDifference": {}, "surprisePercent": {}, "quarter": {}, "period": "-1q"}], "maxAge": 86400}, "indexTrend": {"maxAge": 1, "symbol": "SP5", "peRatio": 19.7411, "pegRatio": 1.34172, "estimates": [{"period": "0q", "growth": 0.549}, {"period": "+1q", "growth": 0.431}, {"period": "0y", "growth": 0.305}, {"period": "+1y", "growth": 0.109}, {"period": "+5y", "growth": 0.120859005}, {"period": "-5y"}]}, "industryTrend": {"maxAge": 1, "symbol": "7910FI", "peRatio": 0.0, "pegRatio": 0.0, "estimates": [{"period": "0q"}, {"period": "+1q"}, {"period": "0y"}, {"period": "+1y"}, {"period": "+5y", "growth": 0.0}, {"period": "-5y"}]}, "insiderTransactions": {"transactions": [{"maxAge": 1, "shares": 76584, "filerUrl": "", "transactionText": "", "filerName": "IDFC Mutual Fund", "filerRelation": "Institution- Corporation", "moneyText": "", "startDate": "2012-11-20", "ownership": "D"}, {"maxAge": 1, "shares": 3101, "filerUrl": "", "transactionText": "", "filerName": "Disa Holding AG", "filerRelation": "Promoter", "moneyText": "", "startDate": "2011-12-09", "ownership": "D"}], "maxAge": 1}, "quoteType": {"exchange": "BSE", "quoteType": "EQUITY", "symbol": "DISAQ.BO", "underlyingSymbol": "DISAQ.BO", "shortName": "DISA INDIA LTD.", "longName": "Disa India Limited", "firstTradeDateEpochUtc": "2000-11-03 09:15:00", "timeZoneFullName": "Asia/Kolkata", "timeZoneShortName": "IST", "uuid": "e743bb90-f99b-3135-ae6d-438ac0e27235", "messageBoardId": null, "gmtOffSetMilliseconds": 19800000, "maxAge": 1}, "incomeStatementHistory": {"incomeStatementHistory": [{"maxAge": 1, "endDate": "2020-03-31", "totalRevenue": 2333000000, "costOfRevenue": 1270400000, "grossProfit": 1062600000, "researchDevelopment": {}, "sellingGeneralAdministrative": 390600000, "nonRecurring": {}, "otherOperatingExpenses": 305800000, "totalOperatingExpenses": 2005300000, "operatingIncome": 327700000, "totalOtherIncomeExpenseNet": 71300000, "ebit": 327700000, "interestExpense": -4300000, "incomeBeforeTax": 399000000, "incomeTaxExpense": 103200000, "minorityInterest": {}, "netIncomeFromContinuingOps": 295800000, "discontinuedOperations": {}, "extraordinaryItems": {}, "effectOfAccountingCharges": {}, "otherItems": {}, "netIncome": 295800000, "netIncomeApplicableToCommonShares": 295800000}, {"maxAge": 1, "endDate": "2019-03-31", "totalRevenue": 2516700000, "costOfRevenue": 1469300000, "grossProfit": 1047400000, "researchDevelopment": {}, "sellingGeneralAdministrative": 373400000, "nonRecurring": {}, "otherOperatingExpenses": 307500000, "totalOperatingExpenses": 2173700000, "operatingIncome": 343000000, "totalOtherIncomeExpenseNet": 62800000, "ebit": 343000000, "interestExpense": -4000000, "incomeBeforeTax": 405800000, "incomeTaxExpense": 119700000, "minorityInterest": {}, "netIncomeFromContinuingOps": 286100000, "discontinuedOperations": {}, "extraordinaryItems": {}, "effectOfAccountingCharges": {}, "otherItems": {}, "netIncome": 286100000, "netIncomeApplicableToCommonShares": 286100000}, {"maxAge": 1, "endDate": "2018-03-31", "totalRevenue": 2048900000, "costOfRevenue": 1222100000, "grossProfit": 826800000, "researchDevelopment": {}, "sellingGeneralAdministrative": 330500000, "nonRecurring": {}, "otherOperatingExpenses": 257100000, "totalOperatingExpenses": 1831400000, "operatingIncome": 217500000, "totalOtherIncomeExpenseNet": 41600000, "ebit": 217500000, "interestExpense": -1300000, "incomeBeforeTax": 259100000, "incomeTaxExpense": 92100000, "minorityInterest": {}, "netIncomeFromContinuingOps": 167000000, "discontinuedOperations": {}, "extraordinaryItems": {}, "effectOfAccountingCharges": {}, "otherItems": {}, "netIncome": 167000000, "netIncomeApplicableToCommonShares": 167000000}, {"maxAge": 1, "endDate": "2017-03-31", "totalRevenue": 1647400000, "costOfRevenue": 971500000, "grossProfit": 675900000, "researchDevelopment": {}, "sellingGeneralAdministrative": 294900000, "nonRecurring": {}, "otherOperatingExpenses": 228400000, "totalOperatingExpenses": 1517000000, "operatingIncome": 130400000, "totalOtherIncomeExpenseNet": 50600000, "ebit": 130400000, "interestExpense": -2600000, "incomeBeforeTax": 181000000, "incomeTaxExpense": 68100000, "minorityInterest": {}, "netIncomeFromContinuingOps": 112900000, "discontinuedOperations": {}, "extraordinaryItems": {}, "effectOfAccountingCharges": {}, "otherItems": {}, "netIncome": 112900000, "netIncomeApplicableToCommonShares": 112900000}], "maxAge": 86400}, "fundOwnership": {"maxAge": 1, "ownershipList": []}, "summaryDetail": {"maxAge": 1, "priceHint": 2, "previousClose": 4586.65, "open": 4588.0, "dayLow": 4420.0, "dayHigh": 4649.95, "regularMarketPreviousClose": 4586.65, "regularMarketOpen": 4588.0, "regularMarketDayLow": 4420.0, "regularMarketDayHigh": 4649.95, "trailingPE": 30.70468, "volume": 375, "regularMarketVolume": 375, "averageVolume": 572, "averageVolume10days": 833, "averageDailyVolume10Day": 833, "bid": 4435.0, "ask": 4521.0, "bidSize": 0, "askSize": 0, "marketCap": 6518160384, "fiftyTwoWeekLow": 2700.0, "fiftyTwoWeekHigh": 4790.0, "fiftyDayAverage": 4068.4744, "twoHundredDayAverage": 3740.1045, "trailingAnnualDividendRate": 2.5, "trailingAnnualDividendYield": 0.00054506015, "currency": "INR", "fromCurrency": null, "toCurrency": null, "lastMarket": null, "algorithm": null, "tradeable": false}, "sectorTrend": {"maxAge": 1, "symbol": "NA10FI", "peRatio": 0.0, "pegRatio": 0.0, "estimates": [{"period": "0q", "growth": -1.0}, {"period": "+1q", "growth": -1.0}, {"period": "0y"}, {"period": "+1y"}, {"period": "+5y", "growth": 0.0}, {"period": "-5y"}]}, "incomeStatementHistoryQuarterly": {"incomeStatementHistory": [{"maxAge": 1, "endDate": "2020-06-30", "totalRevenue": 282200000, "costOfRevenue": 175100000, "grossProfit": 107100000, "researchDevelopment": {}, "sellingGeneralAdministrative": 81400000, "nonRecurring": {}, "otherOperatingExpenses": 41200000, "totalOperatingExpenses": 307700000, "operatingIncome": -25500000, "totalOtherIncomeExpenseNet": 20100000, "ebit": -25500000, "interestExpense": -800000, "incomeBeforeTax": -5400000, "incomeTaxExpense": -1400000, "minorityInterest": {}, "netIncomeFromContinuingOps": -4000000, "discontinuedOperations": {}, "extraordinaryItems": {}, "effectOfAccountingCharges": {}, "otherItems": {}, "netIncome": -4000000, "netIncomeApplicableToCommonShares": -4000000}, {"maxAge": 1, "endDate": "2020-03-31", "totalRevenue": 190300000, "costOfRevenue": 100500000, "grossProfit": 89800000, "researchDevelopment": {}, "sellingGeneralAdministrative": 87000000, "nonRecurring": {}, "otherOperatingExpenses": 35400000, "totalOperatingExpenses": 233300000, "operatingIncome": -43000000, "totalOtherIncomeExpenseNet": 17500000, "ebit": -43000000, "interestExpense": -800000, "incomeBeforeTax": -25500000, "incomeTaxExpense": -9200000, "minorityInterest": {}, "netIncomeFromContinuingOps": -16300000, "discontinuedOperations": {}, "extraordinaryItems": {}, "effectOfAccountingCharges": {}, "otherItems": {}, "netIncome": -16300000, "netIncomeApplicableToCommonShares": -16300000}, {"maxAge": 1, "endDate": "2019-12-31", "totalRevenue": 912100000, "costOfRevenue": 508900000, "grossProfit": 403200000, "researchDevelopment": {}, "sellingGeneralAdministrative": 102500000, "nonRecurring": {}, "otherOperatingExpenses": 99300000, "totalOperatingExpenses": 720300000, "operatingIncome": 191800000, "totalOtherIncomeExpenseNet": 18400000, "ebit": 191800000, "interestExpense": -1100000, "incomeBeforeTax": 210200000, "incomeTaxExpense": 56900000, "minorityInterest": {}, "netIncomeFromContinuingOps": 153300000, "discontinuedOperations": {}, "extraordinaryItems": {}, "effectOfAccountingCharges": {}, "otherItems": {}, "netIncome": 153300000, "netIncomeApplicableToCommonShares": 153300000}, {"maxAge": 1, "endDate": "2019-09-30", "totalRevenue": 596600000, "costOfRevenue": 323200000, "grossProfit": 273400000, "researchDevelopment": {}, "sellingGeneralAdministrative": 97700000, "nonRecurring": {}, "otherOperatingExpenses": 83300000, "totalOperatingExpenses": 513500000, "operatingIncome": 83100000, "totalOtherIncomeExpenseNet": 19300000, "ebit": 83100000, "interestExpense": -1100000, "incomeBeforeTax": 102400000, "incomeTaxExpense": 23100000, "minorityInterest": {}, "netIncomeFromContinuingOps": 79300000, "discontinuedOperations": {}, "extraordinaryItems": {}, "effectOfAccountingCharges": {}, "otherItems": {}, "netIncome": 79300000, "netIncomeApplicableToCommonShares": 79300000}], "maxAge": 86400}, "cashflowStatementHistoryQuarterly": {"cashflowStatements": [{"maxAge": 1, "endDate": "2020-06-30", "netIncome": -4000000, "changeToLiabilities": 0}, {"maxAge": 1, "endDate": "2020-03-31", "netIncome": -16300000, "changeToLiabilities": 0}, {"maxAge": 1, "endDate": "2019-12-31", "netIncome": 153300000, "changeToLiabilities": 0}, {"maxAge": 1, "endDate": "2019-09-30", "netIncome": 79300000, "changeToLiabilities": 0}], "maxAge": 86400}, "insiderHolders": {"holders": [{"maxAge": 1, "name": "Disa Holding AG", "relation": "Promoter", "url": "", "transactionDescription": "Acquisition", "latestTransDate": "2011-12-09", "positionDirect": 305850, "positionDirectDate": "2011-12-09"}, {"maxAge": 1, "name": "IDFC Mutual Fund", "relation": "Institution- Corporation", "url": "", "transactionDescription": "Acquisition", "latestTransDate": "2012-11-20", "positionDirect": 76584, "positionDirectDate": "2012-11-20"}], "maxAge": 1}, "earnings": {"maxAge": 86400, "earningsChart": {"quarterly": [], "earningsDate": ["2020-08-12 05:30:S"]}, "financialsChart": {"yearly": [{"date": 2017, "revenue": 1647400000, "earnings": 112900000}, {"date": 2018, "revenue": 2048900000, "earnings": 167000000}, {"date": 2019, "revenue": 2516700000, "earnings": 286100000}, {"date": 2020, "revenue": 2333000000, "earnings": 295800000}], "quarterly": [{"date": "3Q2019", "revenue": 596600000, "earnings": 79300000}, {"date": "4Q2019", "revenue": 912100000, "earnings": 153300000}, {"date": "1Q2020", "revenue": 190300000, "earnings": -16300000}, {"date": "2Q2020", "revenue": 282200000, "earnings": -4000000}]}, "financialCurrency": "INR"}, "calendarEvents": {"maxAge": 1, "earnings": {"earningsDate": ["2020-08-12 05:30:S"]}}, "price": {"maxAge": 1, "regularMarketChangePercent": -0.02275083, "regularMarketChange": -104.3501, "regularMarketTime": "2021-04-30 15:28:35", "priceHint": 2, "regularMarketPrice": 4482.3, "regularMarketDayHigh": 4649.95, "regularMarketDayLow": 4420.0, "regularMarketVolume": 375, "averageDailyVolume10Day": 833, "averageDailyVolume3Month": 572, "regularMarketPreviousClose": 4586.65, "regularMarketSource": "FREE_REALTIME", "regularMarketOpen": 4588.0, "exchange": "BSE", "exchangeName": "BSE", "exchangeDataDelayedBy": 0, "marketState": "CLOSED", "quoteType": "EQUITY", "symbol": "DISAQ.BO", "underlyingSymbol": null, "shortName": "DISA INDIA LTD.", "longName": "Disa India Limited", "currency": "INR", "quoteSourceName": "Delayed Quote", "currencySymbol": "\u20b9", "fromCurrency": null, "toCurrency": null, "lastMarket": null, "marketCap": 6518160384}, "balanceSheetHistory": {"balanceSheetStatements": [{"maxAge": 1, "endDate": "2020-03-31", "cash": 154000000, "shortTermInvestments": 835200000, "netReceivables": 224000000, "inventory": 562700000, "otherCurrentAssets": 276000000, "totalCurrentAssets": 2060400000, "propertyPlantEquipment": 223300000, "goodWill": 6000000, "intangibleAssets": 2000000, "otherAssets": 44900000, "deferredLongTermAssetCharges": 6900000, "totalAssets": 2336600000, "accountsPayable": 193400000, "otherCurrentLiab": 392700000, "otherLiab": 1300000, "totalCurrentLiabilities": 653700000, "totalLiab": 672200000, "commonStock": 14500000, "retainedEarnings": 1644300000, "treasuryStock": 5600000, "otherStockholderEquity": 5600000, "totalStockholderEquity": 1664400000, "netTangibleAssets": 1656400000}, {"maxAge": 1, "endDate": "2019-03-31", "cash": 97100000, "shortTermInvestments": 752300000, "netReceivables": 236300000, "inventory": 651200000, "otherCurrentAssets": 250100000, "totalCurrentAssets": 1994500000, "propertyPlantEquipment": 212000000, "goodWill": 6000000, "intangibleAssets": 800000, "otherAssets": 37800000, "deferredLongTermAssetCharges": 4700000, "totalAssets": 2251100000, "accountsPayable": 304800000, "otherCurrentLiab": 512600000, "otherLiab": 1000000, "totalCurrentLiabilities": 875900000, "totalLiab": 876900000, "commonStock": 14500000, "retainedEarnings": 1352800000, "treasuryStock": 6900000, "otherStockholderEquity": 6900000, "totalStockholderEquity": 1374200000, "netTangibleAssets": 1367400000}, {"maxAge": 1, "endDate": "2018-03-31", "cash": 60700000, "shortTermInvestments": 598100000, "netReceivables": 164200000, "inventory": 473500000, "otherCurrentAssets": 298500000, "totalCurrentAssets": 1602400000, "longTermInvestments": 20000000, "propertyPlantEquipment": 206500000, "goodWill": 6000000, "intangibleAssets": 1100000, "otherAssets": 32200000, "deferredLongTermAssetCharges": 2200000, "totalAssets": 1868200000, "accountsPayable": 329500000, "otherCurrentLiab": 381800000, "totalCurrentLiabilities": 776600000, "totalLiab": 776600000, "commonStock": 14500000, "retainedEarnings": 1071000000, "treasuryStock": 6100000, "otherStockholderEquity": 6100000, "totalStockholderEquity": 1091600000, "netTangibleAssets": 1084500000}, {"maxAge": 1, "endDate": "2017-03-31", "cash": 20700000, "shortTermInvestments": 368800000, "netReceivables": 115100000, "inventory": 367500000, "otherCurrentAssets": 304300000, "totalCurrentAssets": 1182400000, "propertyPlantEquipment": 218400000, "goodWill": 6000000, "otherAssets": 26500000, "deferredLongTermAssetCharges": 4700000, "totalAssets": 1433300000, "accountsPayable": 211400000, "otherCurrentLiab": 238500000, "otherLiab": 11300000, "totalCurrentLiabilities": 493600000, "totalLiab": 504900000, "commonStock": 14500000, "retainedEarnings": 908900000, "treasuryStock": 5000000, "otherStockholderEquity": 5000000, "totalStockholderEquity": 928400000, "netTangibleAssets": 922400000}], "maxAge": 86400}, "earningsTrend": {"trend": [{"maxAge": 1, "period": "0q", "endDate": null, "growth": {}, "earningsEstimate": {"avg": 0.0, "low": 0.0, "high": 0.0, "yearAgoEps": {}, "numberOfAnalysts": 0, "growth": {}}, "revenueEstimate": {"avg": 0, "low": 0, "high": 0, "numberOfAnalysts": 0, "yearAgoRevenue": {}, "growth": {}}, "epsTrend": {"current": 0.0, "7daysAgo": 0.0, "30daysAgo": 0.0, "60daysAgo": 0.0, "90daysAgo": 0.0}, "epsRevisions": {"upLast7days": 0, "upLast30days": 0, "downLast30days": 0, "downLast90days": {}}}, {"maxAge": 1, "period": "+1q", "endDate": null, "growth": {}, "earningsEstimate": {"avg": 0.0, "low": 0.0, "high": 0.0, "yearAgoEps": {}, "numberOfAnalysts": 0, "growth": {}}, "revenueEstimate": {"avg": 0, "low": 0, "high": 0, "numberOfAnalysts": 0, "yearAgoRevenue": {}, "growth": {}}, "epsTrend": {"current": 0.0, "7daysAgo": 0.0, "30daysAgo": 0.0, "60daysAgo": 0.0, "90daysAgo": 0.0}, "epsRevisions": {"upLast7days": 0, "upLast30days": 0, "downLast30days": 0, "downLast90days": {}}}, {"maxAge": 1, "period": "0y", "endDate": null, "growth": {}, "earningsEstimate": {"avg": 0.0, "low": 0.0, "high": 0.0, "yearAgoEps": {}, "numberOfAnalysts": 0, "growth": {}}, "revenueEstimate": {"avg": 0, "low": 0, "high": 0, "numberOfAnalysts": 0, "yearAgoRevenue": {}, "growth": {}}, "epsTrend": {"current": 0.0, "7daysAgo": 0.0, "30daysAgo": 0.0, "60daysAgo": 0.0, "90daysAgo": 0.0}, "epsRevisions": {"upLast7days": 0, "upLast30days": 0, "downLast30days": 0, "downLast90days": {}}}, {"maxAge": 1, "period": "+1y", "endDate": null, "growth": {}, "earningsEstimate": {"avg": 0.0, "low": 0.0, "high": 0.0, "yearAgoEps": {}, "numberOfAnalysts": 0, "growth": {}}, "revenueEstimate": {"avg": 0, "low": 0, "high": 0, "numberOfAnalysts": 0, "yearAgoRevenue": {}, "growth": {}}, "epsTrend": {"current": 0.0, "7daysAgo": 0.0, "30daysAgo": 0.0, "60daysAgo": 0.0, "90daysAgo": 0.0}, "epsRevisions": {"upLast7days": 0, "upLast30days": 0, "downLast30days": 0, "downLast90days": {}}}, {"maxAge": 1, "period": "+5y", "endDate": null, "growth": {}, "earningsEstimate": {"avg": {}, "low": {}, "high": {}, "yearAgoEps": {}, "numberOfAnalysts": {}, "growth": {}}, "revenueEstimate": {"avg": {}, "low": {}, "high": {}, "numberOfAnalysts": {}, "yearAgoRevenue": {}, "growth": {}}, "epsTrend": {"current": {}, "7daysAgo": {}, "30daysAgo": {}, "60daysAgo": {}, "90daysAgo": {}}, "epsRevisions": {"upLast7days": {}, "upLast30days": {}, "downLast30days": {}, "downLast90days": {}}}, {"maxAge": 1, "period": "-5y", "endDate": null, "growth": {}, "earningsEstimate": {"avg": {}, "low": {}, "high": {}, "yearAgoEps": {}, "numberOfAnalysts": {}, "growth": {}}, "revenueEstimate": {"avg": {}, "low": {}, "high": {}, "numberOfAnalysts": {}, "yearAgoRevenue": {}, "growth": {}}, "epsTrend": {"current": {}, "7daysAgo": {}, "30daysAgo": {}, "60daysAgo": {}, "90daysAgo": {}}, "epsRevisions": {"upLast7days": {}, "upLast30days": {}, "downLast30days": {}, "downLast90days": {}}}], "maxAge": 1}, "financialData": {"maxAge": 86400, "currentPrice": 4482.3, "targetHighPrice": 3528.0, "targetLowPrice": 3528.0, "targetMeanPrice": 3528.0, "targetMedianPrice": 3528.0, "recommendationKey": "none", "numberOfAnalystOpinions": 1, "grossProfits": 1062600000, "financialCurrency": "INR"}}}