{"DISHTV.BO": {"recommendationTrend": {"trend": [{"period": "0m", "strongBuy": 0, "buy": 0, "hold": 0, "sell": 0, "strongSell": 0}, {"period": "-1m", "strongBuy": 0, "buy": 0, "hold": 0, "sell": 0, "strongSell": 0}, {"period": "-2m", "strongBuy": 0, "buy": 0, "hold": 0, "sell": 0, "strongSell": 0}, {"period": "-3m", "strongBuy": 0, "buy": 0, "hold": 0, "sell": 0, "strongSell": 0}], "maxAge": 86400}, "cashflowStatementHistory": {"cashflowStatements": [{"maxAge": 1, "endDate": "2020-03-31", "netIncome": -16388200000, "depreciation": 14090100000, "changeToNetincome": 23396800000, "changeToAccountReceivables": 209700000, "changeToLiabilities": -988400000, "changeToInventory": 27000000, "changeToOperatingActivities": 1519900000, "totalCashFromOperatingActivities": 22038900000, "capitalExpenditures": -10042000000, "investments": 568200000, "otherCashflowsFromInvestingActivities": 110300000, "totalCashflowsFromInvestingActivities": -9258600000, "netBorrowings": -9740100000, "otherCashflowsFromFinancingActivities": -2833400000, "totalCashFromFinancingActivities": -12573500000, "changeInCash": 206800000}, {"maxAge": 1, "endDate": "2019-03-31", "netIncome": -11449000000, "depreciation": 14239900000, "changeToNetincome": 16435100000, "changeToAccountReceivables": -106800000, "changeToLiabilities": 7197300000, "changeToInventory": 133400000, "changeToOperatingActivities": -15716600000, "totalCashFromOperatingActivities": 10902600000, "capitalExpenditures": -8320600000, "investments": 3444400000, "otherCashflowsFromInvestingActivities": 358400000, "totalCashflowsFromInvestingActivities": -4516500000, "dividendsPaid": -914300000, "netBorrowings": -4084400000, "otherCashflowsFromFinancingActivities": -3488000000, "totalCashFromFinancingActivities": -8485400000, "changeInCash": -2099300000, "issuanceOfStock": 1300000}, {"maxAge": 1, "endDate": "2018-03-31", "netIncome": -750400000, "depreciation": 10619900000, "changeToNetincome": 3228100000, "changeToAccountReceivables": -410800000, "changeToLiabilities": 1293700000, "changeToInventory": 46000000, "changeToOperatingActivities": -3767400000, "totalCashFromOperatingActivities": 10356400000, "capitalExpenditures": -8372600000, "investments": 2603500000, "otherCashflowsFromInvestingActivities": 330100000, "totalCashflowsFromInvestingActivities": -4928900000, "dividendsPaid": -914300000, "netBorrowings": -1478200000, "otherCashflowsFromFinancingActivities": -2665700000, "totalCashFromFinancingActivities": -4141100000, "changeInCash": 1286400000, "issuanceOfStock": 2800000}, {"maxAge": 1, "endDate": "2017-03-31", "netIncome": 920600000, "depreciation": 6868600000, "changeToNetincome": 636700000, "changeToAccountReceivables": -263200000, "changeToLiabilities": -483800000, "changeToInventory": -5200000, "changeToOperatingActivities": 501800000, "totalCashFromOperatingActivities": 8214900000, "capitalExpenditures": -8625700000, "investments": 2046400000, "otherCashflowsFromInvestingActivities": 330900000, "totalCashflowsFromInvestingActivities": -6245600000, "dividendsPaid": -914300000, "netBorrowings": -494500000, "otherCashflowsFromFinancingActivities": -657000000, "totalCashFromFinancingActivities": -1145400000, "changeInCash": 823900000, "issuanceOfStock": 6100000}], "maxAge": 86400}, "institutionOwnership": {"maxAge": 1, "ownershipList": []}, "balanceSheetHistoryQuarterly": {"balanceSheetStatements": [{"maxAge": 1, "endDate": "2020-06-30", "totalStockholderEquity": 38498100000, "netTangibleAssets": -15077200000}, {"maxAge": 1, "endDate": "2020-03-31", "cash": 1127100000, "shortTermInvestments": 329200000, "netReceivables": 4361200000, "inventory": 220100000, "otherCurrentAssets": 627200000, "totalCurrentAssets": 6836100000, "longTermInvestments": 4500000, "propertyPlantEquipment": 34715200000, "goodWill": 28169900000, "intangibleAssets": 25405400000, "otherAssets": 20957300000, "deferredLongTermAssetCharges": 11477600000, "totalAssets": 116088400000, "accountsPayable": 12910800000, "shortLongTermDebt": 7870400000, "otherCurrentLiab": 43089100000, "longTermDebt": 5604400000, "otherLiab": 577600000, "minorityInterest": -520700000, "totalCurrentLiabilities": 71911300000, "totalLiab": 78111000000, "commonStock": 1841300000, "retainedEarnings": -26872900000, "treasuryStock": 168400000, "capitalSurplus": 63361300000, "otherStockholderEquity": 168400000, "totalStockholderEquity": 38498100000, "netTangibleAssets": -15077200000}, {"maxAge": 1, "endDate": "2019-12-31", "totalStockholderEquity": 53700700000, "netTangibleAssets": -14451900000}, {"maxAge": 1, "endDate": "2019-09-30", "cash": 1367700000, "shortTermInvestments": 13074600000, "netReceivables": 14722700000, "inventory": 234900000, "otherCurrentAssets": 5478600000, "totalCurrentAssets": 21803900000, "longTermInvestments": 73300000, "propertyPlantEquipment": 39065700000, "goodWill": 47324300000, "intangibleAssets": 20828300000, "otherAssets": 11113000000, "deferredLongTermAssetCharges": 8374200000, "totalAssets": 140208500000, "accountsPayable": 16323700000, "otherCurrentLiab": 54353800000, "longTermDebt": 8249700000, "otherLiab": 616900000, "minorityInterest": -419200000, "totalCurrentLiabilities": 78060400000, "totalLiab": 86927000000, "commonStock": 1841300000, "treasuryStock": 51859400000, "otherStockholderEquity": 51859400000, "totalStockholderEquity": 53700700000, "netTangibleAssets": -14451900000}], "maxAge": 86400}, "earningsHistory": {"history": [{"maxAge": 1, "epsActual": 0.38, "epsEstimate": 0.56, "epsDifference": -0.18, "surprisePercent": -0.32099998, "quarter": "2016-06-30", "period": "-4q"}, {"maxAge": 1, "epsActual": 0.66, "epsEstimate": 0.55, "epsDifference": 0.11, "surprisePercent": 0.2, "quarter": "2016-09-30", "period": "-3q"}, {"maxAge": 1, "epsActual": 0.25, "epsEstimate": 0.34, "epsDifference": -0.09, "surprisePercent": -0.265, "quarter": "2016-12-31", "period": "-2q"}, {"maxAge": 1, "epsActual": -0.17, "epsEstimate": 0.07, "epsDifference": -0.24, "surprisePercent": -3.429, "quarter": "2017-09-30", "period": "-1q"}], "maxAge": 86400}, "indexTrend": {"maxAge": 1, "symbol": "SP5", "peRatio": 19.7411, "pegRatio": 1.34172, "estimates": [{"period": "0q", "growth": 0.549}, {"period": "+1q", "growth": 0.431}, {"period": "0y", "growth": 0.305}, {"period": "+1y", "growth": 0.109}, {"period": "+5y", "growth": 0.120865}, {"period": "-5y"}]}, "industryTrend": {"maxAge": 1, "symbol": null, "estimates": []}, "insiderTransactions": {"transactions": [{"maxAge": 1, "shares": 5000000, "filerUrl": "", "transactionText": "", "filerName": "Blue Diamond Properties Pvt Ltd", "filerRelation": "Promoter", "moneyText": "", "startDate": "2020-09-18", "ownership": "D"}, {"maxAge": 1, "shares": 440054852, "filerUrl": "", "transactionText": "", "filerName": "World Crest Advisors LLP", "filerRelation": "Promoter", "moneyText": "", "startDate": "2020-05-29", "ownership": "D"}, {"maxAge": 1, "shares": 27009675, "filerUrl": "", "transactionText": "", "filerName": "JSGG Infra Developers L.L.P.", "filerRelation": "Institution- Corporation", "moneyText": "", "startDate": "2019-12-31", "ownership": "D"}, {"maxAge": 1, "shares": 24800, "filerUrl": "", "transactionText": "", "filerName": "Kabra (Siddharth)", "filerRelation": "UNREPORTED", "moneyText": "", "startDate": "2019-03-01", "ownership": "D"}, {"maxAge": 1, "shares": 10000, "filerUrl": "", "transactionText": "", "filerName": "Kanthaliya (Avanti Kumar)", "filerRelation": "UNREPORTED", "moneyText": "", "startDate": "2019-03-01", "ownership": "D"}, {"maxAge": 1, "shares": 7367, "filerUrl": "", "transactionText": "", "filerName": "Kanthaliya (Avanti Kumar)", "filerRelation": "UNREPORTED", "moneyText": "", "startDate": "2019-02-28", "ownership": "D"}, {"maxAge": 1, "shares": 5000, "filerUrl": "", "transactionText": "", "filerName": "Kanthaliya (Avanti Kumar)", "filerRelation": "UNREPORTED", "moneyText": "", "startDate": "2019-02-21", "ownership": "D"}, {"maxAge": 1, "shares": 5000, "filerUrl": "", "transactionText": "", "filerName": "Kanthaliya (Avanti Kumar)", "filerRelation": "UNREPORTED", "moneyText": "", "startDate": "2019-02-21", "ownership": "D"}, {"maxAge": 1, "shares": 5000, "filerUrl": "", "transactionText": "", "filerName": "Kanthaliya (Avanti Kumar)", "filerRelation": "UNREPORTED", "moneyText": "", "startDate": "2019-02-18", "ownership": "D"}, {"maxAge": 1, "shares": 5000, "filerUrl": "", "transactionText": "", "filerName": "Kanthaliya (Avanti Kumar)", "filerRelation": "UNREPORTED", "moneyText": "", "startDate": "2019-02-18", "ownership": "D"}, {"maxAge": 1, "shares": 3000, "filerUrl": "", "transactionText": "", "filerName": "Kanthaliya (Avanti Kumar)", "filerRelation": "UNREPORTED", "moneyText": "", "startDate": "2019-02-14", "ownership": "D"}, {"maxAge": 1, "shares": 50000, "filerUrl": "", "transactionText": "", "filerName": "Kabra (Siddharth)", "filerRelation": "UNREPORTED", "moneyText": "", "startDate": "2018-12-06", "ownership": "D"}, {"maxAge": 1, "shares": 16000, "filerUrl": "", "transactionText": "", "filerName": "Khandelwal (Prabudh)", "filerRelation": "UNREPORTED", "moneyText": "", "startDate": "2018-11-19", "ownership": "D"}, {"maxAge": 1, "shares": 10000, "filerUrl": "", "transactionText": "", "filerName": "Khandelwal (Prabudh)", "filerRelation": "UNREPORTED", "moneyText": "", "startDate": "2018-11-19", "ownership": "D"}, {"maxAge": 1, "shares": 5000, "filerUrl": "", "transactionText": "", "filerName": "Khandelwal (Prabudh)", "filerRelation": "UNREPORTED", "moneyText": "", "startDate": "2018-11-16", "ownership": "D"}, {"maxAge": 1, "shares": 6000, "filerUrl": "", "transactionText": "", "filerName": "Khandelwal (Prabudh)", "filerRelation": "UNREPORTED", "moneyText": "", "startDate": "2018-11-15", "ownership": "D"}, {"maxAge": 1, "shares": 6000, "filerUrl": "", "transactionText": "", "filerName": "Khandelwal (Prabudh)", "filerRelation": "UNREPORTED", "moneyText": "", "startDate": "2018-11-14", "ownership": "D"}], "maxAge": 1}, "quoteType": {"exchange": "BSE", "quoteType": "EQUITY", "symbol": "DISHTV.BO", "underlyingSymbol": "DISHTV.BO", "shortName": "DISH TV INDIA LTD.", "longName": "Dish TV India Limited", "firstTradeDateEpochUtc": "2000-01-03 09:15:00", "timeZoneFullName": "Asia/Kolkata", "timeZoneShortName": "IST", "uuid": "c3e7d952-2f66-318c-b789-c1492f39c3b6", "messageBoardId": null, "gmtOffSetMilliseconds": 19800000, "maxAge": 1}, "incomeStatementHistory": {"incomeStatementHistory": [{"maxAge": 1, "endDate": "2020-03-31", "totalRevenue": 35563400000, "costOfRevenue": 7323100000, "grossProfit": 28240300000, "researchDevelopment": {}, "sellingGeneralAdministrative": 4477600000, "nonRecurring": {}, "otherOperatingExpenses": 2417300000, "totalOperatingExpenses": 28480100000, "operatingIncome": 7083300000, "totalOtherIncomeExpenseNet": -24956800000, "ebit": 7083300000, "interestExpense": -5348400000, "incomeBeforeTax": -17873500000, "incomeTaxExpense": -1325100000, "minorityInterest": -520700000, "netIncomeFromContinuingOps": -16548400000, "discontinuedOperations": {}, "extraordinaryItems": {}, "effectOfAccountingCharges": {}, "otherItems": {}, "netIncome": -16388200000, "netIncomeApplicableToCommonShares": -16388200000}, {"maxAge": 1, "endDate": "2019-03-31", "totalRevenue": 61661300000, "costOfRevenue": 33565300000, "grossProfit": 28096000000, "researchDevelopment": {}, "sellingGeneralAdministrative": 5031600000, "nonRecurring": {}, "otherOperatingExpenses": 2513900000, "totalOperatingExpenses": 55520000000, "operatingIncome": 6141300000, "totalOtherIncomeExpenseNet": -21498200000, "ebit": 6141300000, "interestExpense": -5096100000, "incomeBeforeTax": -15356900000, "incomeTaxExpense": -3722800000, "minorityInterest": -345800000, "netIncomeFromContinuingOps": -11634100000, "discontinuedOperations": {}, "extraordinaryItems": {}, "effectOfAccountingCharges": {}, "otherItems": {}, "netIncome": -11449000000, "netIncomeApplicableToCommonShares": -11449000000}, {"maxAge": 1, "endDate": "2018-03-31", "totalRevenue": 46341600000, "costOfRevenue": 24633400000, "grossProfit": 21708200000, "researchDevelopment": {}, "sellingGeneralAdministrative": 4231000000, "nonRecurring": {}, "otherOperatingExpenses": 3596300000, "totalOperatingExpenses": 43177900000, "operatingIncome": 3163700000, "totalOtherIncomeExpenseNet": -4142800000, "ebit": 3163700000, "interestExpense": -3749900000, "incomeBeforeTax": -979100000, "incomeTaxExpense": -130100000, "minorityInterest": -180800000, "netIncomeFromContinuingOps": -849000000, "discontinuedOperations": {}, "extraordinaryItems": {}, "effectOfAccountingCharges": {}, "otherItems": {}, "netIncome": -750400000, "netIncomeApplicableToCommonShares": -750400000}, {"maxAge": 1, "endDate": "2017-03-31", "totalRevenue": 30143800000, "costOfRevenue": 14243500000, "grossProfit": 15900300000, "researchDevelopment": {}, "sellingGeneralAdministrative": 3357900000, "nonRecurring": {}, "otherOperatingExpenses": 2693800000, "totalOperatingExpenses": 27203200000, "operatingIncome": 2940600000, "totalOtherIncomeExpenseNet": -1845700000, "ebit": 2940600000, "interestExpense": -2049400000, "incomeBeforeTax": 1094900000, "incomeTaxExpense": 273700000, "minorityInterest": -87800000, "netIncomeFromContinuingOps": 821200000, "discontinuedOperations": {}, "extraordinaryItems": {}, "effectOfAccountingCharges": {}, "otherItems": {}, "netIncome": 920600000, "netIncomeApplicableToCommonShares": 920600000}], "maxAge": 86400}, "fundOwnership": {"maxAge": 1, "ownershipList": [{"maxAge": 1, "reportDate": "2020-07-31", "organization": "Vanguard International Stock Index-Total Intl Stock Indx", "pctHeld": 0.004, "position": 7396282, "value": 53031341}, {"maxAge": 1, "reportDate": "2020-07-31", "organization": "DFA Emerging Markets Core Equity Portfolio", "pctHeld": 0.0034, "position": 6231116, "value": 44677101}, {"maxAge": 1, "reportDate": "2020-07-31", "organization": "Vanguard International Stock Index-Emerging Markets Stk", "pctHeld": 0.0032, "position": 5975193, "value": 42842133}, {"maxAge": 1, "reportDate": "2020-07-31", "organization": "DFA Emerging Markets Small Cap Series", "pctHeld": 0.0019, "position": 3416870, "value": 24498957}, {"maxAge": 1, "reportDate": "2020-07-31", "organization": "DFA Investment Dimensions-DFA Emerging Mkts Value", "pctHeld": 0.0011999999, "position": 2132040, "value": 15286726}, {"maxAge": 1, "reportDate": "2020-07-31", "organization": "Vanguard Intl Equity Index Fds-FTSE All World ex U.S.Small Cap Index", "pctHeld": 0.0007, "position": 1280052, "value": 9177972}, {"maxAge": 1, "reportDate": "2020-08-31", "organization": "SPDR (R) Idx Shares-SPDR (R) Emerging Markets Small Cap ETF", "pctHeld": 0.0002, "position": 314577, "value": 3485513}, {"maxAge": 1, "reportDate": "2020-08-31", "organization": "SPDR Portfolio Emerging Markets ETF", "pctHeld": 0.0001, "position": 211848, "value": 2347275}, {"maxAge": 1, "reportDate": "2020-07-31", "organization": "DFA T.A. World Ex U.S. Core Equity Portfolio", "pctHeld": 0.0001, "position": 195798, "value": 1403871}, {"maxAge": 1, "reportDate": "2020-07-31", "organization": "Vanguard Intl Equity Index - Total World Stock Index Fd", "pctHeld": 0.0001, "position": 187498, "value": 1344360}]}, "summaryDetail": {"maxAge": 1, "priceHint": 2, "previousClose": 9.33, "open": 9.19, "dayLow": 9.19, "dayHigh": 9.38, "regularMarketPreviousClose": 9.33, "regularMarketOpen": 9.19, "regularMarketDayLow": 9.19, "regularMarketDayHigh": 9.38, "forwardPE": 4.705584, "volume": 568640, "regularMarketVolume": 568640, "averageVolume": 2363691, "averageVolume10days": 829329, "averageDailyVolume10Day": 829329, "bid": 9.24, "ask": 9.27, "bidSize": 0, "askSize": 0, "marketCap": 17068759040, "fiftyTwoWeekLow": 3.93, "fiftyTwoWeekHigh": 16.3, "fiftyDayAverage": 12.599117, "twoHundredDayAverage": 11.916912, "trailingAnnualDividendRate": 0.0, "trailingAnnualDividendYield": 0.0, "currency": "INR", "fromCurrency": null, "toCurrency": null, "lastMarket": null, "algorithm": null, "tradeable": false}, "sectorTrend": {"maxAge": 1, "symbol": null, "estimates": []}, "incomeStatementHistoryQuarterly": {"incomeStatementHistory": [{"maxAge": 1, "endDate": "2020-06-30", "totalRevenue": 8355800000, "costOfRevenue": 2125100000, "grossProfit": 6230700000, "researchDevelopment": {}, "sellingGeneralAdministrative": {}, "nonRecurring": {}, "otherOperatingExpenses": 716800000, "totalOperatingExpenses": 6262200000, "operatingIncome": 2093600000, "totalOtherIncomeExpenseNet": -1067100000, "ebit": 2093600000, "interestExpense": -1216500000, "incomeBeforeTax": 1026500000, "incomeTaxExpense": 281100000, "minorityInterest": {}, "netIncomeFromContinuingOps": 745400000, "discontinuedOperations": {}, "extraordinaryItems": {}, "effectOfAccountingCharges": {}, "otherItems": {}, "netIncome": 759400000, "netIncomeApplicableToCommonShares": 759400000}, {"maxAge": 1, "endDate": "2020-03-31", "totalRevenue": 8690600000, "costOfRevenue": -210200000, "grossProfit": 8900800000, "researchDevelopment": {}, "sellingGeneralAdministrative": 4477600000, "nonRecurring": {}, "otherOperatingExpenses": -1294600000, "totalOperatingExpenses": 6446300000, "operatingIncome": 2244300000, "totalOtherIncomeExpenseNet": -20844100000, "ebit": 2244300000, "interestExpense": -1129200000, "incomeBeforeTax": -18599800000, "incomeTaxExpense": -4037100000, "minorityInterest": -520700000, "netIncomeFromContinuingOps": -14562700000, "discontinuedOperations": {}, "extraordinaryItems": {}, "effectOfAccountingCharges": {}, "otherItems": {}, "netIncome": -14509500000, "netIncomeApplicableToCommonShares": -14509500000}, {"maxAge": 1, "endDate": "2019-12-31", "totalRevenue": 8678000000, "costOfRevenue": 2370900000, "grossProfit": 6307100000, "researchDevelopment": {}, "sellingGeneralAdministrative": 4477600000, "nonRecurring": {}, "otherOperatingExpenses": 1251300000, "totalOperatingExpenses": 7094400000, "operatingIncome": 1583600000, "totalOtherIncomeExpenseNet": -1338100000, "ebit": 1583600000, "interestExpense": -1369100000, "incomeBeforeTax": 245500000, "incomeTaxExpense": 913200000, "minorityInterest": -520700000, "netIncomeFromContinuingOps": -667700000, "discontinuedOperations": {}, "extraordinaryItems": {}, "effectOfAccountingCharges": {}, "otherItems": {}, "netIncome": -645400000, "netIncomeApplicableToCommonShares": -645400000}, {"maxAge": 1, "endDate": "2019-09-30", "totalRevenue": 8931800000, "costOfRevenue": 2380700000, "grossProfit": 6551100000, "researchDevelopment": {}, "sellingGeneralAdministrative": 4477600000, "nonRecurring": {}, "otherOperatingExpenses": 1346500000, "totalOperatingExpenses": 7414300000, "operatingIncome": 1517500000, "totalOtherIncomeExpenseNet": -1346500000, "ebit": 1517500000, "interestExpense": -1382400000, "incomeBeforeTax": 171000000, "incomeTaxExpense": 1134700000, "minorityInterest": -419200000, "netIncomeFromContinuingOps": -963700000, "discontinuedOperations": {}, "extraordinaryItems": {}, "effectOfAccountingCharges": {}, "otherItems": {}, "netIncome": -913600000, "netIncomeApplicableToCommonShares": -913600000}], "maxAge": 86400}, "cashflowStatementHistoryQuarterly": {"cashflowStatements": [{"maxAge": 1, "endDate": "2020-06-30", "netIncome": 759400000, "changeToLiabilities": 0}, {"maxAge": 1, "endDate": "2020-03-31", "netIncome": -14509500000, "changeToLiabilities": 0}, {"maxAge": 1, "endDate": "2019-12-31", "netIncome": -645400000, "changeToLiabilities": 0}, {"maxAge": 1, "endDate": "2019-09-30", "netIncome": -913600000, "changeToLiabilities": 0}], "maxAge": 86400}, "insiderHolders": {"holders": [{"maxAge": 1, "name": "Blue Diamond Properties Pvt Ltd", "relation": "Promoter", "url": "", "transactionDescription": "Acquisition", "latestTransDate": "2020-09-18", "positionDirect": 96307725, "positionDirectDate": "2020-09-18"}, {"maxAge": 1, "name": "JSGG Infra Developers L.L.P.", "relation": "Institution- Corporation", "url": "", "transactionDescription": "Other", "latestTransDate": "2019-12-31", "positionDirect": 27009675, "positionDirectDate": "2019-12-31"}, {"maxAge": 1, "name": "Kabra (Siddharth)", "relation": "UNREPORTED", "url": "", "transactionDescription": "Sale", "latestTransDate": "2019-03-01", "positionDirect": 30200, "positionDirectDate": "2019-03-01"}, {"maxAge": 1, "name": "Kanthaliya (Avanti Kumar)", "relation": "UNREPORTED", "url": "", "transactionDescription": "Sale", "latestTransDate": "2019-03-01", "positionDirect": 125900, "positionDirectDate": "2019-03-01"}, {"maxAge": 1, "name": "Khandelwal (Prabudh)", "relation": "UNREPORTED", "url": "", "transactionDescription": "Sale", "latestTransDate": "2018-11-19", "positionDirect": 14889, "positionDirectDate": "2018-11-19"}, {"maxAge": 1, "name": "World Crest Advisors LLP", "relation": "Promoter", "url": "", "transactionDescription": "Sale", "latestTransDate": "2020-05-29", "positionDirect": 45650537, "positionDirectDate": "2020-05-29"}], "maxAge": 1}, "earnings": {"maxAge": 86400, "earningsChart": {"quarterly": [{"date": "2Q2016", "actual": 0.38, "estimate": 0.56}, {"date": "3Q2016", "actual": 0.66, "estimate": 0.55}, {"date": "4Q2016", "actual": 0.25, "estimate": 0.34}, {"date": "3Q2017", "actual": -0.17, "estimate": 0.07}], "currentQuarterEstimateDate": "4Q", "currentQuarterEstimateYear": 2017, "earningsDate": ["2019-10-23 05:30:S", "2019-10-29 05:30:S"]}, "financialsChart": {"yearly": [{"date": 2017, "revenue": 30143800000, "earnings": 920600000}, {"date": 2018, "revenue": 46341600000, "earnings": -750400000}, {"date": 2019, "revenue": 61661300000, "earnings": -11449000000}, {"date": 2020, "revenue": 35563400000, "earnings": -16388200000}], "quarterly": [{"date": "3Q2019", "revenue": 8931800000, "earnings": -913600000}, {"date": "4Q2019", "revenue": 8678000000, "earnings": -645400000}, {"date": "1Q2020", "revenue": 8690600000, "earnings": -14509500000}, {"date": "2Q2020", "revenue": 8355800000, "earnings": 759400000}]}, "financialCurrency": "INR"}, "calendarEvents": {"maxAge": 1, "earnings": {"earningsDate": ["2019-10-23 05:30:S", "2019-10-29 05:30:S"], "revenueAverage": 4848800000, "revenueLow": 7620000000, "revenueHigh": 8008000000}}, "price": {"maxAge": 1, "regularMarketChangePercent": -0.006430811, "regularMarketChange": -0.059999466, "regularMarketTime": "2021-04-30 15:29:46", "priceHint": 2, "regularMarketPrice": 9.27, "regularMarketDayHigh": 9.38, "regularMarketDayLow": 9.19, "regularMarketVolume": 568640, "averageDailyVolume10Day": 829329, "averageDailyVolume3Month": 2363691, "regularMarketPreviousClose": 9.33, "regularMarketSource": "FREE_REALTIME", "regularMarketOpen": 9.19, "exchange": "BSE", "exchangeName": "BSE", "exchangeDataDelayedBy": 0, "marketState": "CLOSED", "quoteType": "EQUITY", "symbol": "DISHTV.BO", "underlyingSymbol": null, "shortName": "DISH TV INDIA LTD.", "longName": "Dish TV India Limited", "currency": "INR", "quoteSourceName": "Delayed Quote", "currencySymbol": "\u20b9", "fromCurrency": null, "toCurrency": null, "lastMarket": null, "marketCap": 17068759040}, "balanceSheetHistory": {"balanceSheetStatements": [{"maxAge": 1, "endDate": "2020-03-31", "cash": 1127100000, "shortTermInvestments": 329200000, "netReceivables": 4361200000, "inventory": 220100000, "otherCurrentAssets": 627200000, "totalCurrentAssets": 6836100000, "longTermInvestments": 4500000, "propertyPlantEquipment": 34715200000, "goodWill": 28169900000, "intangibleAssets": 25405400000, "otherAssets": 20957300000, "deferredLongTermAssetCharges": 11477600000, "totalAssets": 116088400000, "accountsPayable": 12910800000, "shortLongTermDebt": 7870400000, "otherCurrentLiab": 43089100000, "longTermDebt": 5604400000, "otherLiab": 577600000, "minorityInterest": -520700000, "totalCurrentLiabilities": 71911300000, "totalLiab": 78111000000, "commonStock": 1841300000, "retainedEarnings": -26872900000, "treasuryStock": 168400000, "capitalSurplus": 63361300000, "otherStockholderEquity": 168400000, "totalStockholderEquity": 38498100000, "netTangibleAssets": -15077200000}, {"maxAge": 1, "endDate": "2019-03-31", "cash": 920300000, "shortTermInvestments": 780200000, "netReceivables": 17179800000, "inventory": 247100000, "otherCurrentAssets": 879400000, "totalCurrentAssets": 20442500000, "longTermInvestments": 121700000, "propertyPlantEquipment": 41154600000, "goodWill": 47324900000, "intangibleAssets": 21538300000, "otherAssets": 12873800000, "deferredLongTermAssetCharges": 10155000000, "totalAssets": 143455800000, "accountsPayable": 13899200000, "shortLongTermDebt": 8275500000, "otherCurrentLiab": 43829700000, "longTermDebt": 12392700000, "otherLiab": 635600000, "minorityInterest": -345800000, "totalCurrentLiabilities": 75873500000, "totalLiab": 88901800000, "commonStock": 1841300000, "retainedEarnings": -10491800000, "treasuryStock": 189000000, "capitalSurplus": 63361300000, "otherStockholderEquity": 189000000, "totalStockholderEquity": 54899800000, "netTangibleAssets": -13963400000}, {"maxAge": 1, "endDate": "2018-03-31", "cash": 3019600000, "shortTermInvestments": 2610400000, "netReceivables": 4684900000, "inventory": 380500000, "otherCurrentAssets": 1070400000, "totalCurrentAssets": 12170000000, "longTermInvestments": 1732700000, "propertyPlantEquipment": 43118600000, "goodWill": 62754200000, "intangibleAssets": 22756900000, "otherAssets": 9188300000, "deferredLongTermAssetCharges": 6026500000, "totalAssets": 151720700000, "accountsPayable": 6701800000, "shortLongTermDebt": 9058000000, "otherCurrentLiab": 39542500000, "longTermDebt": 17948800000, "otherLiab": 2070600000, "minorityInterest": -180800000, "totalCurrentLiabilities": 64340800000, "totalLiab": 84360200000, "commonStock": 1841300000, "retainedEarnings": 2208200000, "treasuryStock": 132000000, "capitalSurplus": 63359800000, "otherStockholderEquity": 132000000, "totalStockholderEquity": 67541300000, "netTangibleAssets": -17969800000}, {"maxAge": 1, "endDate": "2017-03-31", "cash": 1733200000, "shortTermInvestments": 1337300000, "netReceivables": 2745600000, "inventory": 130800000, "otherCurrentAssets": 510900000, "totalCurrentAssets": 6922600000, "longTermInvestments": 1503700000, "propertyPlantEquipment": 26095700000, "intangibleAssets": 123500000, "otherAssets": 7056000000, "deferredLongTermAssetCharges": 5117400000, "totalAssets": 41701500000, "accountsPayable": 1845100000, "shortLongTermDebt": 5555900000, "otherCurrentLiab": 22037500000, "longTermDebt": 5813300000, "otherLiab": 1477000000, "minorityInterest": -87800000, "totalCurrentLiabilities": 30441000000, "totalLiab": 37731300000, "commonStock": 1065900000, "retainedEarnings": -12492700000, "treasuryStock": 43000000, "capitalSurplus": 15441800000, "otherStockholderEquity": 43000000, "totalStockholderEquity": 4058000000, "netTangibleAssets": 3934500000}], "maxAge": 86400}, "earningsTrend": {"trend": [{"maxAge": 1, "period": "0q", "endDate": "2017-12-31", "growth": {}, "earningsEstimate": {"avg": 0.0, "low": 0.0, "high": 0.0, "yearAgoEps": 0.38, "numberOfAnalysts": 0, "growth": {}}, "revenueEstimate": {"avg": 4848800000, "low": 7620000000, "high": 8008000000, "numberOfAnalysts": 9, "yearAgoRevenue": 4719700000, "growth": 0.027}, "epsTrend": {"current": 0.0, "7daysAgo": 0.31, "30daysAgo": 0.31, "60daysAgo": 0.31, "90daysAgo": 0.31}, "epsRevisions": {"upLast7days": 0, "upLast30days": 0, "downLast30days": 0, "downLast90days": {}}}, {"maxAge": 1, "period": "+1q", "endDate": "2018-03-31", "growth": {}, "earningsEstimate": {"avg": 0.0, "low": 0.0, "high": 0.0, "yearAgoEps": 0.66, "numberOfAnalysts": 0, "growth": {}}, "revenueEstimate": {"avg": 9863000000, "low": 15630000000, "high": 17063000000, "numberOfAnalysts": 7, "yearAgoRevenue": 4433000000, "growth": 1.225}, "epsTrend": {"current": 0.0, "7daysAgo": 0.0, "30daysAgo": 0.0, "60daysAgo": 0.23, "90daysAgo": 0.23}, "epsRevisions": {"upLast7days": 1, "upLast30days": 1, "downLast30days": 0, "downLast90days": {}}}, {"maxAge": 1, "period": "0y", "endDate": "2018-03-31", "growth": {}, "earningsEstimate": {"avg": 0.0, "low": 0.0, "high": 0.0, "yearAgoEps": {}, "numberOfAnalysts": 0, "growth": {}}, "revenueEstimate": {"avg": 29239200000, "low": 46524600000, "high": 63693000000, "numberOfAnalysts": 4, "yearAgoRevenue": 19453900000, "growth": 0.503}, "epsTrend": {"current": 0.0, "7daysAgo": 0.03, "30daysAgo": 0.03, "60daysAgo": -0.3, "90daysAgo": 1.0}, "epsRevisions": {"upLast7days": 1, "upLast30days": 1, "downLast30days": 0, "downLast90days": {}}}, {"maxAge": 1, "period": "+1y", "endDate": "2019-03-31", "growth": {}, "earningsEstimate": {"avg": 1.97, "low": 1.17, "high": 3.5, "yearAgoEps": {}, "numberOfAnalysts": 19, "growth": {}}, "revenueEstimate": {"avg": 65349100000, "low": 62187000000, "high": 67523000000, "numberOfAnalysts": 20, "yearAgoRevenue": 29239200000, "growth": 1.235}, "epsTrend": {"current": 1.97, "7daysAgo": 1.97, "30daysAgo": 1.57, "60daysAgo": 1.6, "90daysAgo": 2.4}, "epsRevisions": {"upLast7days": 0, "upLast30days": 16, "downLast30days": 0, "downLast90days": {}}}, {"maxAge": 1, "period": "+5y", "endDate": null, "growth": 0.538, "earningsEstimate": {"avg": {}, "low": {}, "high": {}, "yearAgoEps": {}, "numberOfAnalysts": {}, "growth": {}}, "revenueEstimate": {"avg": {}, "low": {}, "high": {}, "numberOfAnalysts": {}, "yearAgoRevenue": {}, "growth": {}}, "epsTrend": {"current": {}, "7daysAgo": {}, "30daysAgo": {}, "60daysAgo": {}, "90daysAgo": {}}, "epsRevisions": {"upLast7days": {}, "upLast30days": {}, "downLast30days": {}, "downLast90days": {}}}, {"maxAge": 1, "period": "-5y", "endDate": null, "growth": 4.85947, "earningsEstimate": {"avg": {}, "low": {}, "high": {}, "yearAgoEps": {}, "numberOfAnalysts": {}, "growth": {}}, "revenueEstimate": {"avg": {}, "low": {}, "high": {}, "numberOfAnalysts": {}, "yearAgoRevenue": {}, "growth": {}}, "epsTrend": {"current": {}, "7daysAgo": {}, "30daysAgo": {}, "60daysAgo": {}, "90daysAgo": {}}, "epsRevisions": {"upLast7days": {}, "upLast30days": {}, "downLast30days": {}, "downLast90days": {}}}], "maxAge": 1}, "financialData": {"maxAge": 86400, "currentPrice": 9.27, "targetHighPrice": 118.0, "targetLowPrice": 67.0, "targetMeanPrice": 91.11, "targetMedianPrice": 90.0, "recommendationMean": 2.0, "recommendationKey": "buy", "numberOfAnalystOpinions": 27, "grossProfits": 28240300000, "financialCurrency": "INR"}}}