{"DLINKINDIA.BO": {"recommendationTrend": {"trend": [{"period": "0m", "strongBuy": 0, "buy": 0, "hold": 0, "sell": 0, "strongSell": 0}, {"period": "-1m", "strongBuy": 0, "buy": 0, "hold": 0, "sell": 0, "strongSell": 0}, {"period": "-2m", "strongBuy": 0, "buy": 0, "hold": 0, "sell": 0, "strongSell": 0}, {"period": "-3m", "strongBuy": 0, "buy": 0, "hold": 0, "sell": 0, "strongSell": 0}], "maxAge": 86400}, "cashflowStatementHistory": {"cashflowStatements": [{"maxAge": 1, "endDate": "2020-03-31", "netIncome": 352163000, "depreciation": 57645000, "changeToNetincome": -13879000, "changeToAccountReceivables": 131397000, "changeToLiabilities": 31150000, "changeToInventory": -165890000, "changeToOperatingActivities": -108937000, "totalCashFromOperatingActivities": 283870000, "capitalExpenditures": -8999000, "investments": -188871000, "otherCashflowsFromInvestingActivities": 6433000, "totalCashflowsFromInvestingActivities": -191336000, "dividendsPaid": -63991000, "netBorrowings": -41758000, "otherCashflowsFromFinancingActivities": -7199000, "totalCashFromFinancingActivities": -112948000, "changeInCash": -20414000}, {"maxAge": 1, "endDate": "2019-03-31", "netIncome": 264454000, "depreciation": 12348000, "changeToNetincome": 6378000, "changeToAccountReceivables": -136236000, "changeToLiabilities": 5702000, "changeToInventory": -184780000, "changeToOperatingActivities": 58713000, "totalCashFromOperatingActivities": 26888000, "capitalExpenditures": -4981000, "investments": -61118000, "otherCashflowsFromInvestingActivities": 4188000, "totalCashflowsFromInvestingActivities": -59436000, "dividendsPaid": -17784000, "netBorrowings": -41758000, "otherCashflowsFromFinancingActivities": -4140000, "totalCashFromFinancingActivities": -21924000, "changeInCash": -54472000}, {"maxAge": 1, "endDate": "2018-03-31", "netIncome": 126921000, "depreciation": 13587000, "changeToNetincome": -6673000, "changeToAccountReceivables": -267648000, "changeToLiabilities": 443787000, "changeToInventory": 5190000, "changeToOperatingActivities": 23191000, "totalCashFromOperatingActivities": 339007000, "capitalExpenditures": -8848000, "investments": -55814000, "otherCashflowsFromInvestingActivities": 1902000, "totalCashflowsFromInvestingActivities": -61462000, "dividendsPaid": -17760000, "netBorrowings": -41758000, "otherCashflowsFromFinancingActivities": -12193000, "totalCashFromFinancingActivities": -29953000, "changeInCash": 247592000}, {"maxAge": 1, "endDate": "2017-03-31", "netIncome": 166737000, "depreciation": 14677000, "changeToNetincome": 50657000, "changeToAccountReceivables": 202514000, "changeToLiabilities": -856868000, "changeToInventory": 311503000, "changeToOperatingActivities": -71240000, "totalCashFromOperatingActivities": -181411000, "capitalExpenditures": -8779000, "investments": 46335000, "otherCashflowsFromInvestingActivities": 3220000, "totalCashflowsFromInvestingActivities": 40790000, "dividendsPaid": -24863000, "netBorrowings": -41758000, "otherCashflowsFromFinancingActivities": -11703000, "totalCashFromFinancingActivities": -36566000, "changeInCash": -177187000}], "maxAge": 86400}, "institutionOwnership": {"maxAge": 1, "ownershipList": []}, "balanceSheetHistoryQuarterly": {"balanceSheetStatements": [{"maxAge": 1, "endDate": "2020-06-30", "totalStockholderEquity": 2385198000, "netTangibleAssets": 2231582000}, {"maxAge": 1, "endDate": "2020-03-31", "cash": 86893000, "shortTermInvestments": 108064000, "netReceivables": 1862331000, "inventory": 994669000, "otherCurrentAssets": 22099000, "totalCurrentAssets": 3310449000, "propertyPlantEquipment": 262108000, "goodWill": 153496000, "intangibleAssets": 120000, "otherAssets": 44151000, "deferredLongTermAssetCharges": 29246000, "totalAssets": 3770324000, "accountsPayable": 1233378000, "otherCurrentLiab": 25031000, "otherLiab": 2699000, "minorityInterest": 12000, "totalCurrentLiabilities": 1320920000, "totalLiab": 1385114000, "commonStock": 71010000, "retainedEarnings": 1955054000, "capitalSurplus": 359134000, "totalStockholderEquity": 2385198000, "netTangibleAssets": 2231582000}, {"maxAge": 1, "endDate": "2019-12-31", "totalStockholderEquity": 2212286000, "netTangibleAssets": 2058567000}, {"maxAge": 1, "endDate": "2019-09-30", "cash": 226379000, "shortTermInvestments": 12149000, "netReceivables": 1861266000, "inventory": 922123000, "otherCurrentAssets": 62893000, "totalCurrentAssets": 3084810000, "propertyPlantEquipment": 221798000, "goodWill": 153496000, "intangibleAssets": 223000, "otherAssets": 48226000, "deferredLongTermAssetCharges": 37363000, "totalAssets": 3508553000, "accountsPayable": 1123236000, "otherCurrentLiab": 103768000, "otherLiab": 4276000, "minorityInterest": 11000, "totalCurrentLiabilities": 1262615000, "totalLiab": 1296256000, "commonStock": 71010000, "treasuryStock": 2141276000, "otherStockholderEquity": 2141276000, "totalStockholderEquity": 2212286000, "netTangibleAssets": 2058567000}], "maxAge": 86400}, "earningsHistory": {"history": [{"maxAge": 1, "epsActual": {}, "epsEstimate": {}, "epsDifference": {}, "surprisePercent": {}, "quarter": {}, "period": "-4q"}, {"maxAge": 1, "epsActual": {}, "epsEstimate": {}, "epsDifference": {}, "surprisePercent": {}, "quarter": {}, "period": "-3q"}, {"maxAge": 1, "epsActual": {}, "epsEstimate": {}, "epsDifference": {}, "surprisePercent": {}, "quarter": {}, "period": "-2q"}, {"maxAge": 1, "epsActual": {}, "epsEstimate": {}, "epsDifference": {}, "surprisePercent": {}, "quarter": {}, "period": "-1q"}], "maxAge": 86400}, "indexTrend": {"maxAge": 1, "symbol": "SP5", "peRatio": 19.7411, "pegRatio": 1.34172, "estimates": [{"period": "0q", "growth": 0.549}, {"period": "+1q", "growth": 0.431}, {"period": "0y", "growth": 0.305}, {"period": "+1y", "growth": 0.109}, {"period": "+5y", "growth": 0.120865}, {"period": "-5y"}]}, "industryTrend": {"maxAge": 1, "symbol": null, "estimates": []}, "insiderTransactions": {"transactions": [{"maxAge": 1, "shares": 21839, "value": 18309, "filerUrl": "", "transactionText": "Acquisition at price 0.84 per share.", "filerName": "Lulla (Mukesh Tirthdas)", "filerRelation": "Additonal Director", "moneyText": "", "startDate": "2020-03-18", "ownership": "D"}, {"maxAge": 1, "shares": 3161, "value": 2544, "filerUrl": "", "transactionText": "Acquisition at price 0.80 per share.", "filerName": "Lulla (Mukesh Tirthdas)", "filerRelation": "Additonal Director", "moneyText": "", "startDate": "2020-03-13", "ownership": "D"}], "maxAge": 1}, "quoteType": {"exchange": "BSE", "quoteType": "EQUITY", "symbol": "DLINKINDIA.BO", "underlyingSymbol": "DLINKINDIA.BO", "shortName": "D-LINK (INDIA) LTD", "longName": "D-Link (India) Limited", "firstTradeDateEpochUtc": "2009-12-18 09:15:00", "timeZoneFullName": "Asia/Kolkata", "timeZoneShortName": "IST", "uuid": "18c04a4f-e4eb-3f4b-8ea3-591133d9ae3a", "messageBoardId": null, "gmtOffSetMilliseconds": 19800000, "maxAge": 1}, "incomeStatementHistory": {"incomeStatementHistory": [{"maxAge": 1, "endDate": "2020-03-31", "totalRevenue": 7400787000, "costOfRevenue": 5998192000, "grossProfit": 1402595000, "researchDevelopment": {}, "sellingGeneralAdministrative": 683374000, "nonRecurring": {}, "otherOperatingExpenses": 207438000, "totalOperatingExpenses": 6976421000, "operatingIncome": 424366000, "totalOtherIncomeExpenseNet": 70674000, "ebit": 424366000, "interestExpense": -7199000, "incomeBeforeTax": 495040000, "incomeTaxExpense": 142876000, "minorityInterest": 12000, "netIncomeFromContinuingOps": 352164000, "discontinuedOperations": {}, "extraordinaryItems": {}, "effectOfAccountingCharges": {}, "otherItems": {}, "netIncome": 352163000, "netIncomeApplicableToCommonShares": 352163000}, {"maxAge": 1, "endDate": "2019-03-31", "totalRevenue": 7157016000, "costOfRevenue": 5852838000, "grossProfit": 1304178000, "researchDevelopment": {}, "sellingGeneralAdministrative": 556814000, "nonRecurring": {}, "otherOperatingExpenses": 275360000, "totalOperatingExpenses": 6697669000, "operatingIncome": 459347000, "totalOtherIncomeExpenseNet": -45854000, "ebit": 459347000, "interestExpense": -939000, "incomeBeforeTax": 413493000, "incomeTaxExpense": 149036000, "minorityInterest": 11000, "netIncomeFromContinuingOps": 264457000, "discontinuedOperations": {}, "extraordinaryItems": {}, "effectOfAccountingCharges": {}, "otherItems": {}, "netIncome": 264454000, "netIncomeApplicableToCommonShares": 264454000}, {"maxAge": 1, "endDate": "2018-03-31", "totalRevenue": 6436866000, "costOfRevenue": 5460305000, "grossProfit": 976561000, "researchDevelopment": {}, "sellingGeneralAdministrative": 550204000, "nonRecurring": {}, "otherOperatingExpenses": 240159000, "totalOperatingExpenses": 6267897000, "operatingIncome": 168969000, "totalOtherIncomeExpenseNet": 20114000, "ebit": 168969000, "interestExpense": -8579000, "incomeBeforeTax": 189083000, "incomeTaxExpense": 62160000, "minorityInterest": 8000, "netIncomeFromContinuingOps": 126923000, "discontinuedOperations": {}, "extraordinaryItems": {}, "effectOfAccountingCharges": {}, "otherItems": {}, "netIncome": 126921000, "netIncomeApplicableToCommonShares": 126921000}, {"maxAge": 1, "endDate": "2017-03-31", "totalRevenue": 7065198000, "costOfRevenue": 5876702000, "grossProfit": 1188496000, "researchDevelopment": {}, "sellingGeneralAdministrative": 549916000, "nonRecurring": {}, "otherOperatingExpenses": 380996000, "totalOperatingExpenses": 6826160000, "operatingIncome": 239038000, "totalOtherIncomeExpenseNet": 15239000, "ebit": 239038000, "interestExpense": -5115000, "incomeBeforeTax": 254277000, "incomeTaxExpense": 87538000, "minorityInterest": 6000, "netIncomeFromContinuingOps": 166739000, "discontinuedOperations": {}, "extraordinaryItems": {}, "effectOfAccountingCharges": {}, "otherItems": {}, "netIncome": 166737000, "netIncomeApplicableToCommonShares": 166737000}], "maxAge": 86400}, "fundOwnership": {"maxAge": 1, "ownershipList": []}, "summaryDetail": {"maxAge": 1, "priceHint": 2, "previousClose": 100.25, "open": 97.2, "dayLow": 97.2, "dayHigh": 102.0, "regularMarketPreviousClose": 100.25, "regularMarketOpen": 97.2, "regularMarketDayLow": 97.2, "regularMarketDayHigh": 102.0, "trailingPE": 12.190813, "forwardPE": 11.116667, "volume": 16592, "regularMarketVolume": 16592, "averageVolume": 47096, "averageVolume10days": 12984, "averageDailyVolume10Day": 12984, "bid": 99.0, "ask": 100.05, "bidSize": 0, "askSize": 0, "marketCap": 3552255232, "fiftyTwoWeekLow": 51.0, "fiftyTwoWeekHigh": 136.05, "fiftyDayAverage": 110.141174, "twoHundredDayAverage": 106.58272, "trailingAnnualDividendRate": 1.5, "trailingAnnualDividendYield": 0.014962593, "currency": "INR", "fromCurrency": null, "toCurrency": null, "lastMarket": null, "algorithm": null, "tradeable": false}, "sectorTrend": {"maxAge": 1, "symbol": null, "estimates": []}, "incomeStatementHistoryQuarterly": {"incomeStatementHistory": [{"maxAge": 1, "endDate": "2020-06-30", "totalRevenue": 1253318000, "costOfRevenue": 1025828000, "grossProfit": 227490000, "researchDevelopment": {}, "sellingGeneralAdministrative": 78809000, "nonRecurring": {}, "otherOperatingExpenses": 121337000, "totalOperatingExpenses": 1239760000, "operatingIncome": 13558000, "totalOtherIncomeExpenseNet": 11710000, "ebit": 13558000, "interestExpense": -2197000, "incomeBeforeTax": 25268000, "incomeTaxExpense": 6413000, "minorityInterest": {}, "netIncomeFromContinuingOps": 18855000, "discontinuedOperations": {}, "extraordinaryItems": {}, "effectOfAccountingCharges": {}, "otherItems": {}, "netIncome": 18855000, "netIncomeApplicableToCommonShares": 18855000}, {"maxAge": 1, "endDate": "2020-03-31", "totalRevenue": 1639437000, "costOfRevenue": 1358515000, "grossProfit": 280922000, "researchDevelopment": {}, "sellingGeneralAdministrative": 396893000, "nonRecurring": {}, "otherOperatingExpenses": -262895000, "totalOperatingExpenses": 1536651000, "operatingIncome": 102786000, "totalOtherIncomeExpenseNet": 19759000, "ebit": 102786000, "interestExpense": -2332000, "incomeBeforeTax": 122545000, "incomeTaxExpense": 33568000, "minorityInterest": 12000, "netIncomeFromContinuingOps": 88977000, "discontinuedOperations": {}, "extraordinaryItems": {}, "effectOfAccountingCharges": {}, "otherItems": {}, "netIncome": 88977000, "netIncomeApplicableToCommonShares": 88977000}, {"maxAge": 1, "endDate": "2019-12-31", "totalRevenue": 1970754000, "costOfRevenue": 1604516000, "grossProfit": 366238000, "researchDevelopment": {}, "sellingGeneralAdministrative": 91691000, "nonRecurring": {}, "otherOperatingExpenses": 155118000, "totalOperatingExpenses": 1865853000, "operatingIncome": 104901000, "totalOtherIncomeExpenseNet": 16326000, "ebit": 104901000, "interestExpense": -1942000, "incomeBeforeTax": 121227000, "incomeTaxExpense": 36719000, "minorityInterest": 12000, "netIncomeFromContinuingOps": 84508000, "discontinuedOperations": {}, "extraordinaryItems": {}, "effectOfAccountingCharges": {}, "otherItems": {}, "netIncome": 84507000, "netIncomeApplicableToCommonShares": 84507000}, {"maxAge": 1, "endDate": "2019-09-30", "totalRevenue": 1914654000, "costOfRevenue": 1514734000, "grossProfit": 399920000, "researchDevelopment": {}, "sellingGeneralAdministrative": 97627000, "nonRecurring": {}, "otherOperatingExpenses": 170370000, "totalOperatingExpenses": 1797479000, "operatingIncome": 117175000, "totalOtherIncomeExpenseNet": 11735000, "ebit": 117175000, "interestExpense": -1384000, "incomeBeforeTax": 128910000, "incomeTaxExpense": 29793000, "minorityInterest": 11000, "netIncomeFromContinuingOps": 99117000, "discontinuedOperations": {}, "extraordinaryItems": {}, "effectOfAccountingCharges": {}, "otherItems": {}, "netIncome": 99117000, "netIncomeApplicableToCommonShares": 99117000}], "maxAge": 86400}, "cashflowStatementHistoryQuarterly": {"cashflowStatements": [{"maxAge": 1, "endDate": "2020-06-30", "netIncome": 18855000, "changeToLiabilities": 0}, {"maxAge": 1, "endDate": "2020-03-31", "netIncome": 88977000, "changeToLiabilities": 0}, {"maxAge": 1, "endDate": "2019-12-31", "netIncome": 84507000, "changeToLiabilities": 0}, {"maxAge": 1, "endDate": "2019-09-30", "netIncome": 99117000, "changeToLiabilities": 0}], "maxAge": 86400}, "insiderHolders": {"holders": [{"maxAge": 1, "name": "Lulla (Mukesh Tirthdas)", "relation": "Additonal Director", "url": "", "transactionDescription": "Acquisition", "latestTransDate": "2020-03-18", "positionDirect": 2755000, "positionDirectDate": "2020-03-18"}], "maxAge": 1}, "earnings": {"maxAge": 86400, "earningsChart": {"quarterly": [], "earningsDate": []}, "financialsChart": {"yearly": [{"date": 2017, "revenue": 7065198000, "earnings": 166737000}, {"date": 2018, "revenue": 6436866000, "earnings": 126921000}, {"date": 2019, "revenue": 7157016000, "earnings": 264454000}, {"date": 2020, "revenue": 7400787000, "earnings": 352163000}], "quarterly": [{"date": "3Q2019", "revenue": 1914654000, "earnings": 99117000}, {"date": "4Q2019", "revenue": 1970754000, "earnings": 84507000}, {"date": "1Q2020", "revenue": 1639437000, "earnings": 88977000}, {"date": "2Q2020", "revenue": 1253318000, "earnings": 18855000}]}, "financialCurrency": "INR"}, "calendarEvents": {"maxAge": 1, "earnings": {"earningsDate": []}}, "price": {"maxAge": 1, "regularMarketChangePercent": -0.0019949821, "regularMarketChange": -0.19999695, "regularMarketTime": "2021-04-30 15:29:57", "priceHint": 2, "regularMarketPrice": 100.05, "regularMarketDayHigh": 102.0, "regularMarketDayLow": 97.2, "regularMarketVolume": 16592, "averageDailyVolume10Day": 12984, "averageDailyVolume3Month": 47096, "regularMarketPreviousClose": 100.25, "regularMarketSource": "FREE_REALTIME", "regularMarketOpen": 97.2, "exchange": "BSE", "exchangeName": "BSE", "exchangeDataDelayedBy": 0, "marketState": "CLOSED", "quoteType": "EQUITY", "symbol": "DLINKINDIA.BO", "underlyingSymbol": null, "shortName": "D-LINK (INDIA) LTD", "longName": "D-Link (India) Limited", "currency": "INR", "quoteSourceName": "Delayed Quote", "currencySymbol": "\u20b9", "fromCurrency": null, "toCurrency": null, "lastMarket": null, "marketCap": 3552255232}, "balanceSheetHistory": {"balanceSheetStatements": [{"maxAge": 1, "endDate": "2020-03-31", "cash": 86893000, "shortTermInvestments": 108064000, "netReceivables": 1862331000, "inventory": 994669000, "otherCurrentAssets": 22099000, "totalCurrentAssets": 3310449000, "propertyPlantEquipment": 262108000, "goodWill": 153496000, "intangibleAssets": 120000, "otherAssets": 44151000, "deferredLongTermAssetCharges": 29246000, "totalAssets": 3770324000, "accountsPayable": 1233378000, "otherCurrentLiab": 25031000, "otherLiab": 2699000, "minorityInterest": 12000, "totalCurrentLiabilities": 1320920000, "totalLiab": 1385114000, "commonStock": 71010000, "retainedEarnings": 1955054000, "capitalSurplus": 359134000, "totalStockholderEquity": 2385198000, "netTangibleAssets": 2231582000}, {"maxAge": 1, "endDate": "2019-03-31", "cash": 107307000, "shortTermInvestments": 62344000, "netReceivables": 1901702000, "inventory": 828779000, "otherCurrentAssets": 48965000, "totalCurrentAssets": 3030701000, "propertyPlantEquipment": 168392000, "goodWill": 153496000, "intangibleAssets": 341000, "otherAssets": 66506000, "deferredLongTermAssetCharges": 53449000, "totalAssets": 3419436000, "accountsPayable": 1199162000, "otherCurrentLiab": 39617000, "otherLiab": 6715000, "minorityInterest": 11000, "totalCurrentLiabilities": 1313887000, "totalLiab": 1320602000, "commonStock": 71010000, "retainedEarnings": 1668679000, "capitalSurplus": 359134000, "totalStockholderEquity": 2098823000, "netTangibleAssets": 1944986000}, {"maxAge": 1, "endDate": "2018-03-31", "cash": 161779000, "netReceivables": 1727769000, "inventory": 643999000, "otherCurrentAssets": 79790000, "totalCurrentAssets": 2664112000, "propertyPlantEquipment": 178074000, "goodWill": 153496000, "intangibleAssets": 650000, "otherAssets": 93510000, "deferredLongTermAssetCharges": 68424000, "totalAssets": 3089842000, "accountsPayable": 1189933000, "otherCurrentLiab": 18887000, "otherLiab": 5389000, "minorityInterest": 8000, "totalCurrentLiabilities": 1229162000, "totalLiab": 1234551000, "commonStock": 71010000, "retainedEarnings": 1425139000, "capitalSurplus": 359134000, "totalStockholderEquity": 1855283000, "netTangibleAssets": 1701137000}, {"maxAge": 1, "endDate": "2017-03-31", "cash": 28951000, "netReceivables": 1488204000, "inventory": 649189000, "otherCurrentAssets": 60778000, "totalCurrentAssets": 2241766000, "propertyPlantEquipment": 184675000, "goodWill": 153496000, "intangibleAssets": 1109000, "otherAssets": 73234000, "deferredLongTermAssetCharges": 40254000, "totalAssets": 2654280000, "accountsPayable": 745718000, "otherCurrentLiab": 21465000, "otherLiab": 5388000, "minorityInterest": 6000, "totalCurrentLiabilities": 908650000, "totalLiab": 914038000, "commonStock": 71010000, "retainedEarnings": 1310092000, "capitalSurplus": 359134000, "totalStockholderEquity": 1740236000, "netTangibleAssets": 1585631000}], "maxAge": 86400}, "earningsTrend": {"trend": [{"maxAge": 1, "period": "0q", "endDate": null, "growth": {}, "earningsEstimate": {"avg": 0.0, "low": 0.0, "high": 0.0, "yearAgoEps": {}, "numberOfAnalysts": 0, "growth": {}}, "revenueEstimate": {"avg": 0, "low": 0, "high": 0, "numberOfAnalysts": 0, "yearAgoRevenue": {}, "growth": {}}, "epsTrend": {"current": 0.0, "7daysAgo": 0.0, "30daysAgo": 0.0, "60daysAgo": 0.0, "90daysAgo": 0.0}, "epsRevisions": {"upLast7days": 0, "upLast30days": 0, "downLast30days": 0, "downLast90days": {}}}, {"maxAge": 1, "period": "+1q", "endDate": null, "growth": {}, "earningsEstimate": {"avg": 0.0, "low": 0.0, "high": 0.0, "yearAgoEps": {}, "numberOfAnalysts": 0, "growth": {}}, "revenueEstimate": {"avg": 0, "low": 0, "high": 0, "numberOfAnalysts": 0, "yearAgoRevenue": {}, "growth": {}}, "epsTrend": {"current": 0.0, "7daysAgo": 0.0, "30daysAgo": 0.0, "60daysAgo": 0.0, "90daysAgo": 0.0}, "epsRevisions": {"upLast7days": 0, "upLast30days": 0, "downLast30days": 0, "downLast90days": {}}}, {"maxAge": 1, "period": "0y", "endDate": null, "growth": {}, "earningsEstimate": {"avg": 0.0, "low": 0.0, "high": 0.0, "yearAgoEps": {}, "numberOfAnalysts": 0, "growth": {}}, "revenueEstimate": {"avg": 0, "low": 0, "high": 0, "numberOfAnalysts": 0, "yearAgoRevenue": {}, "growth": {}}, "epsTrend": {"current": 0.0, "7daysAgo": 0.0, "30daysAgo": 0.0, "60daysAgo": 0.0, "90daysAgo": 0.0}, "epsRevisions": {"upLast7days": 0, "upLast30days": 0, "downLast30days": 0, "downLast90days": {}}}, {"maxAge": 1, "period": "+1y", "endDate": null, "growth": {}, "earningsEstimate": {"avg": 0.0, "low": 0.0, "high": 0.0, "yearAgoEps": {}, "numberOfAnalysts": 0, "growth": {}}, "revenueEstimate": {"avg": 0, "low": 0, "high": 0, "numberOfAnalysts": 0, "yearAgoRevenue": {}, "growth": {}}, "epsTrend": {"current": 0.0, "7daysAgo": 0.0, "30daysAgo": 0.0, "60daysAgo": 0.0, "90daysAgo": 0.0}, "epsRevisions": {"upLast7days": 0, "upLast30days": 0, "downLast30days": 0, "downLast90days": {}}}, {"maxAge": 1, "period": "+5y", "endDate": null, "growth": {}, "earningsEstimate": {"avg": {}, "low": {}, "high": {}, "yearAgoEps": {}, "numberOfAnalysts": {}, "growth": {}}, "revenueEstimate": {"avg": {}, "low": {}, "high": {}, "numberOfAnalysts": {}, "yearAgoRevenue": {}, "growth": {}}, "epsTrend": {"current": {}, "7daysAgo": {}, "30daysAgo": {}, "60daysAgo": {}, "90daysAgo": {}}, "epsRevisions": {"upLast7days": {}, "upLast30days": {}, "downLast30days": {}, "downLast90days": {}}}, {"maxAge": 1, "period": "-5y", "endDate": null, "growth": {}, "earningsEstimate": {"avg": {}, "low": {}, "high": {}, "yearAgoEps": {}, "numberOfAnalysts": {}, "growth": {}}, "revenueEstimate": {"avg": {}, "low": {}, "high": {}, "numberOfAnalysts": {}, "yearAgoRevenue": {}, "growth": {}}, "epsTrend": {"current": {}, "7daysAgo": {}, "30daysAgo": {}, "60daysAgo": {}, "90daysAgo": {}}, "epsRevisions": {"upLast7days": {}, "upLast30days": {}, "downLast30days": {}, "downLast90days": {}}}], "maxAge": 1}, "financialData": {"maxAge": 86400, "currentPrice": 100.05, "targetHighPrice": 110.0, "targetLowPrice": 110.0, "targetMeanPrice": 110.0, "targetMedianPrice": 110.0, "recommendationKey": "none", "numberOfAnalystOpinions": 1, "grossProfits": 1402595000, "financialCurrency": "INR"}}}