{"DLTNCBL.BO": {"recommendationTrend": {"trend": [{"period": "0m", "strongBuy": 0, "buy": 0, "hold": 0, "sell": 0, "strongSell": 0}, {"period": "-1m", "strongBuy": 0, "buy": 0, "hold": 0, "sell": 0, "strongSell": 0}, {"period": "-2m", "strongBuy": 0, "buy": 0, "hold": 0, "sell": 0, "strongSell": 0}, {"period": "-3m", "strongBuy": 0, "buy": 0, "hold": 0, "sell": 0, "strongSell": 0}], "maxAge": 86400}, "cashflowStatementHistory": {"cashflowStatements": [{"maxAge": 1, "endDate": "2020-03-31", "netIncome": 58867000, "depreciation": 12725000, "changeToNetincome": 32283000, "changeToAccountReceivables": 55393000, "changeToLiabilities": 4237000, "changeToInventory": -252835000, "changeToOperatingActivities": -56484000, "totalCashFromOperatingActivities": -145583000, "capitalExpenditures": -60571000, "investments": 342841000, "otherCashflowsFromInvestingActivities": 11458000, "totalCashflowsFromInvestingActivities": 341490000, "netBorrowings": -61511000, "otherCashflowsFromFinancingActivities": -77475000, "totalCashFromFinancingActivities": -138986000, "changeInCash": 56921000}, {"maxAge": 1, "endDate": "2019-03-31", "netIncome": 503798000, "depreciation": 4717000, "changeToNetincome": -563899000, "changeToAccountReceivables": -154048000, "changeToLiabilities": -3241000, "changeToInventory": -83424000, "changeToOperatingActivities": 10339000, "totalCashFromOperatingActivities": -285631000, "capitalExpenditures": -35464000, "investments": -374066000, "otherCashflowsFromInvestingActivities": 8116000, "totalCashflowsFromInvestingActivities": 566626000, "netBorrowings": -141576000, "otherCashflowsFromFinancingActivities": -121883000, "totalCashFromFinancingActivities": -263459000, "changeInCash": 17536000}, {"maxAge": 1, "endDate": "2018-03-31", "netIncome": -131025000, "depreciation": 5086000, "changeToNetincome": 124188000, "changeToAccountReceivables": 119605000, "changeToLiabilities": -7557000, "changeToInventory": -73098000, "changeToOperatingActivities": 28425000, "totalCashFromOperatingActivities": 65697000, "capitalExpenditures": -1059000, "investments": 4675000, "otherCashflowsFromInvestingActivities": 2723000, "totalCashflowsFromInvestingActivities": 5946000, "netBorrowings": 177446000, "otherCashflowsFromFinancingActivities": -117840000, "totalCashFromFinancingActivities": 59606000, "changeInCash": 131249000}, {"maxAge": 1, "endDate": "2017-03-31", "netIncome": -71895000, "depreciation": 5647000, "changeToNetincome": 97515000, "changeToAccountReceivables": -52018000, "changeToLiabilities": 20935000, "changeToInventory": 14229000, "changeToOperatingActivities": 46138000, "totalCashFromOperatingActivities": 60572000, "capitalExpenditures": -1121000, "investments": 6005000, "otherCashflowsFromInvestingActivities": 3286000, "totalCashflowsFromInvestingActivities": 12946000, "netBorrowings": -80287000, "otherCashflowsFromFinancingActivities": -115428000, "totalCashFromFinancingActivities": -195715000, "changeInCash": -122196000}], "maxAge": 86400}, "institutionOwnership": {"maxAge": 1, "ownershipList": []}, "balanceSheetHistoryQuarterly": {"balanceSheetStatements": [{"maxAge": 1, "endDate": "2020-06-30", "totalStockholderEquity": 546188000, "netTangibleAssets": 544892000}, {"maxAge": 1, "endDate": "2020-03-31", "cash": 52640000, "shortTermInvestments": 50012000, "netReceivables": 263681000, "inventory": 566932000, "otherCurrentAssets": 83910000, "totalCurrentAssets": 1025659000, "longTermInvestments": 1515000, "propertyPlantEquipment": 102214000, "intangibleAssets": 1296000, "otherAssets": 224178000, "deferredLongTermAssetCharges": 214292000, "totalAssets": 1354862000, "accountsPayable": 240534000, "shortLongTermDebt": 6528000, "otherCurrentLiab": 61064000, "longTermDebt": 57376000, "otherLiab": 10692000, "totalCurrentLiabilities": 740606000, "totalLiab": 808674000, "commonStock": 86400000, "retainedEarnings": 455200000, "treasuryStock": 1270000, "capitalSurplus": 3318000, "otherStockholderEquity": 1270000, "totalStockholderEquity": 546188000, "netTangibleAssets": 544892000}, {"maxAge": 1, "endDate": "2019-12-31", "totalStockholderEquity": 516185000, "netTangibleAssets": 515988000}, {"maxAge": 1, "endDate": "2019-09-30", "cash": 72991000, "netReceivables": 314618000, "inventory": 510272000, "otherCurrentAssets": 69506000, "totalCurrentAssets": 967387000, "longTermInvestments": 20165000, "propertyPlantEquipment": 81102000, "intangibleAssets": 197000, "otherAssets": 224952000, "deferredLongTermAssetCharges": 211110000, "totalAssets": 1293803000, "accountsPayable": 270946000, "shortLongTermDebt": 12610000, "otherCurrentLiab": 78583000, "longTermDebt": 59827000, "otherLiab": 17182000, "totalCurrentLiabilities": 700609000, "totalLiab": 777618000, "commonStock": 86400000, "treasuryStock": 429785000, "otherStockholderEquity": 429785000, "totalStockholderEquity": 516185000, "netTangibleAssets": 515988000}], "maxAge": 86400}, "earningsHistory": {"history": [{"maxAge": 1, "epsActual": {}, "epsEstimate": {}, "epsDifference": {}, "surprisePercent": {}, "quarter": {}, "period": "-4q"}, {"maxAge": 1, "epsActual": {}, "epsEstimate": {}, "epsDifference": {}, "surprisePercent": {}, "quarter": {}, "period": "-3q"}, {"maxAge": 1, "epsActual": {}, "epsEstimate": {}, "epsDifference": {}, "surprisePercent": {}, "quarter": {}, "period": "-2q"}, {"maxAge": 1, "epsActual": {}, "epsEstimate": {}, "epsDifference": {}, "surprisePercent": {}, "quarter": {}, "period": "-1q"}], "maxAge": 86400}, "indexTrend": {"maxAge": 1, "symbol": "SP5", "peRatio": 19.7411, "pegRatio": 1.34172, "estimates": [{"period": "0q", "growth": 0.549}, {"period": "+1q", "growth": 0.431}, {"period": "0y", "growth": 0.305}, {"period": "+1y", "growth": 0.109}, {"period": "+5y", "growth": 0.120859005}, {"period": "-5y"}]}, "industryTrend": {"maxAge": 1, "symbol": null, "estimates": []}, "insiderTransactions": {"transactions": [{"maxAge": 1, "shares": 235116, "filerUrl": "", "transactionText": "", "filerName": "Gupta (Shalini)", "filerRelation": "Promoter", "moneyText": "", "startDate": "2016-08-03", "ownership": "D"}], "maxAge": 1}, "quoteType": {"exchange": "BSE", "quoteType": "EQUITY", "symbol": "DLTNCBL.BO", "underlyingSymbol": "DLTNCBL.BO", "shortName": "DELTON CABLES LTD.", "longName": "Delton Cables Limited", "firstTradeDateEpochUtc": "2002-07-11 09:15:00", "timeZoneFullName": "Asia/Kolkata", "timeZoneShortName": "IST", "uuid": "d8f373e4-be04-35d8-a512-6b379b478b49", "messageBoardId": null, "gmtOffSetMilliseconds": 19800000, "maxAge": 1}, "incomeStatementHistory": {"incomeStatementHistory": [{"maxAge": 1, "endDate": "2020-03-31", "totalRevenue": 1257368000, "costOfRevenue": 860617000, "grossProfit": 396751000, "researchDevelopment": {}, "sellingGeneralAdministrative": 139677000, "nonRecurring": {}, "otherOperatingExpenses": 134964000, "totalOperatingExpenses": 1148214000, "operatingIncome": 109154000, "totalOtherIncomeExpenseNet": -53122000, "ebit": 109154000, "interestExpense": -60109000, "incomeBeforeTax": 56032000, "incomeTaxExpense": -2835000, "minorityInterest": {}, "netIncomeFromContinuingOps": 58867000, "discontinuedOperations": {}, "extraordinaryItems": {}, "effectOfAccountingCharges": {}, "otherItems": {}, "netIncome": 58867000, "netIncomeApplicableToCommonShares": 58867000}, {"maxAge": 1, "endDate": "2019-03-31", "totalRevenue": 720183000, "costOfRevenue": 510121000, "grossProfit": 210062000, "researchDevelopment": {}, "sellingGeneralAdministrative": 92212000, "nonRecurring": {}, "otherOperatingExpenses": 113206000, "totalOperatingExpenses": 720383000, "operatingIncome": -200000, "totalOtherIncomeExpenseNet": 467673000, "ebit": -200000, "interestExpense": -104580000, "incomeBeforeTax": 467473000, "incomeTaxExpense": -36325000, "minorityInterest": {}, "netIncomeFromContinuingOps": 503798000, "discontinuedOperations": {}, "extraordinaryItems": {}, "effectOfAccountingCharges": {}, "otherItems": {}, "netIncome": 503798000, "netIncomeApplicableToCommonShares": 503798000}, {"maxAge": 1, "endDate": "2018-03-31", "totalRevenue": 730024000, "costOfRevenue": 553641000, "grossProfit": 176383000, "researchDevelopment": {}, "sellingGeneralAdministrative": 104196000, "nonRecurring": {}, "otherOperatingExpenses": 106638000, "totalOperatingExpenses": 769634000, "operatingIncome": -39610000, "totalOtherIncomeExpenseNet": -120578000, "ebit": -39610000, "interestExpense": -97597000, "incomeBeforeTax": -160188000, "incomeTaxExpense": -29163000, "minorityInterest": {}, "netIncomeFromContinuingOps": -131025000, "discontinuedOperations": {}, "extraordinaryItems": {}, "effectOfAccountingCharges": {}, "otherItems": {}, "netIncome": -131025000, "netIncomeApplicableToCommonShares": -131025000}, {"maxAge": 1, "endDate": "2017-03-31", "totalRevenue": 1064913000, "costOfRevenue": 789399000, "grossProfit": 275514000, "researchDevelopment": {}, "sellingGeneralAdministrative": 122968000, "nonRecurring": {}, "otherOperatingExpenses": 131307000, "totalOperatingExpenses": 1049342000, "operatingIncome": 15571000, "totalOtherIncomeExpenseNet": -102194000, "ebit": 15571000, "interestExpense": -95277000, "incomeBeforeTax": -86623000, "incomeTaxExpense": -14728000, "minorityInterest": {}, "netIncomeFromContinuingOps": -71895000, "discontinuedOperations": {}, "extraordinaryItems": {}, "effectOfAccountingCharges": {}, "otherItems": {}, "netIncome": -71895000, "netIncomeApplicableToCommonShares": -71895000}], "maxAge": 86400}, "fundOwnership": {"maxAge": 1, "ownershipList": []}, "summaryDetail": {"maxAge": 1, "priceHint": 2, "previousClose": 37.6, "open": 38.5, "dayLow": 35.0, "dayHigh": 38.5, "regularMarketPreviousClose": 37.6, "regularMarketOpen": 38.5, "regularMarketDayLow": 35.0, "regularMarketDayHigh": 38.5, "trailingPE": 5.525767, "volume": 5447, "regularMarketVolume": 5447, "averageVolume": 4659, "averageVolume10days": 2248, "averageDailyVolume10Day": 2248, "bid": 37.0, "ask": 38.0, "bidSize": 0, "askSize": 0, "marketCap": 320544000, "fiftyTwoWeekLow": 17.8, "fiftyTwoWeekHigh": 56.9, "fiftyDayAverage": 39.412857, "twoHundredDayAverage": 34.462044, "currency": "INR", "fromCurrency": null, "toCurrency": null, "lastMarket": null, "algorithm": null, "tradeable": false}, "sectorTrend": {"maxAge": 1, "symbol": null, "estimates": []}, "incomeStatementHistoryQuarterly": {"incomeStatementHistory": [{"maxAge": 1, "endDate": "2020-06-30", "totalRevenue": 153399000, "costOfRevenue": 85533000, "grossProfit": 67866000, "researchDevelopment": {}, "sellingGeneralAdministrative": 28373000, "nonRecurring": {}, "otherOperatingExpenses": 18808000, "totalOperatingExpenses": 136527000, "operatingIncome": 16872000, "totalOtherIncomeExpenseNet": -15904000, "ebit": 16872000, "interestExpense": -16785000, "incomeBeforeTax": 968000, "incomeTaxExpense": -273000, "minorityInterest": {}, "netIncomeFromContinuingOps": 1241000, "discontinuedOperations": {}, "extraordinaryItems": {}, "effectOfAccountingCharges": {}, "otherItems": {}, "netIncome": 1241000, "netIncomeApplicableToCommonShares": 1241000}, {"maxAge": 1, "endDate": "2020-03-31", "totalRevenue": 294619000, "costOfRevenue": 208977000, "grossProfit": 85642000, "researchDevelopment": {}, "sellingGeneralAdministrative": 43608000, "nonRecurring": {}, "otherOperatingExpenses": 18204000, "totalOperatingExpenses": 274518000, "operatingIncome": 20101000, "totalOtherIncomeExpenseNet": 1476000, "ebit": 20101000, "interestExpense": -16785000, "incomeBeforeTax": 21577000, "incomeTaxExpense": 4926000, "minorityInterest": {}, "netIncomeFromContinuingOps": 16651000, "discontinuedOperations": {}, "extraordinaryItems": {}, "effectOfAccountingCharges": {}, "otherItems": {}, "netIncome": 16651000, "netIncomeApplicableToCommonShares": 16651000}, {"maxAge": 1, "endDate": "2019-12-31", "totalRevenue": 395604000, "costOfRevenue": 281262000, "grossProfit": 114342000, "researchDevelopment": {}, "sellingGeneralAdministrative": 35998000, "nonRecurring": {}, "otherOperatingExpenses": 38955000, "totalOperatingExpenses": 359632000, "operatingIncome": 35972000, "totalOtherIncomeExpenseNet": -18181000, "ebit": 35972000, "interestExpense": -19284000, "incomeBeforeTax": 17791000, "incomeTaxExpense": 1523000, "minorityInterest": {}, "netIncomeFromContinuingOps": 16268000, "discontinuedOperations": {}, "extraordinaryItems": {}, "effectOfAccountingCharges": {}, "otherItems": {}, "netIncome": 16268000, "netIncomeApplicableToCommonShares": 16268000}, {"maxAge": 1, "endDate": "2019-09-30", "totalRevenue": 346789000, "costOfRevenue": 238005000, "grossProfit": 108784000, "researchDevelopment": {}, "sellingGeneralAdministrative": 35980000, "nonRecurring": {}, "otherOperatingExpenses": 40161000, "totalOperatingExpenses": 317157000, "operatingIncome": 29632000, "totalOtherIncomeExpenseNet": -14621000, "ebit": 29632000, "interestExpense": -18636000, "incomeBeforeTax": 15011000, "incomeTaxExpense": -9102000, "minorityInterest": {}, "netIncomeFromContinuingOps": 24113000, "discontinuedOperations": {}, "extraordinaryItems": {}, "effectOfAccountingCharges": {}, "otherItems": {}, "netIncome": 24113000, "netIncomeApplicableToCommonShares": 24113000}], "maxAge": 86400}, "cashflowStatementHistoryQuarterly": {"cashflowStatements": [{"maxAge": 1, "endDate": "2020-06-30", "netIncome": 1241000, "changeToLiabilities": 0}, {"maxAge": 1, "endDate": "2020-03-31", "netIncome": 16651000, "changeToLiabilities": 0}, {"maxAge": 1, "endDate": "2019-12-31", "netIncome": 16268000, "changeToLiabilities": 0}, {"maxAge": 1, "endDate": "2019-09-30", "netIncome": 24113000, "changeToLiabilities": 0}], "maxAge": 86400}, "insiderHolders": {"holders": [{"maxAge": 1, "name": "Gupta (Shalini)", "relation": "Promoter", "url": "", "transactionDescription": "Purchase", "latestTransDate": "2016-08-03", "positionDirect": 278151, "positionDirectDate": "2016-08-03"}], "maxAge": 1}, "earnings": {"maxAge": 86400, "earningsChart": {"quarterly": [], "earningsDate": ["2020-08-14 05:30:S"]}, "financialsChart": {"yearly": [{"date": 2017, "revenue": 1064913000, "earnings": -71895000}, {"date": 2018, "revenue": 730024000, "earnings": -131025000}, {"date": 2019, "revenue": 720183000, "earnings": 503798000}, {"date": 2020, "revenue": 1257368000, "earnings": 58867000}], "quarterly": [{"date": "3Q2019", "revenue": 346789000, "earnings": 24113000}, {"date": "4Q2019", "revenue": 395604000, "earnings": 16268000}, {"date": "1Q2020", "revenue": 294619000, "earnings": 16651000}, {"date": "2Q2020", "revenue": 153399000, "earnings": 1241000}]}, "financialCurrency": "INR"}, "calendarEvents": {"maxAge": 1, "earnings": {"earningsDate": ["2020-08-14 05:30:S"]}}, "price": {"maxAge": 1, "regularMarketChangePercent": -0.013297873, "regularMarketChange": -0.5, "regularMarketTime": "2021-04-30 15:29:09", "priceHint": 2, "regularMarketPrice": 37.1, "regularMarketDayHigh": 38.5, "regularMarketDayLow": 35.0, "regularMarketVolume": 5447, "averageDailyVolume10Day": 2248, "averageDailyVolume3Month": 4659, "regularMarketPreviousClose": 37.6, "regularMarketSource": "FREE_REALTIME", "regularMarketOpen": 38.5, "exchange": "BSE", "exchangeName": "BSE", "exchangeDataDelayedBy": 0, "marketState": "CLOSED", "quoteType": "EQUITY", "symbol": "DLTNCBL.BO", "underlyingSymbol": null, "shortName": "DELTON CABLES LTD.", "longName": "Delton Cables Limited", "currency": "INR", "quoteSourceName": "Delayed Quote", "currencySymbol": "\u20b9", "fromCurrency": null, "toCurrency": null, "lastMarket": null, "marketCap": 320544000}, "balanceSheetHistory": {"balanceSheetStatements": [{"maxAge": 1, "endDate": "2020-03-31", "cash": 52640000, "shortTermInvestments": 50012000, "netReceivables": 263681000, "inventory": 566932000, "otherCurrentAssets": 83910000, "totalCurrentAssets": 1025659000, "longTermInvestments": 1515000, "propertyPlantEquipment": 102214000, "intangibleAssets": 1296000, "otherAssets": 224178000, "deferredLongTermAssetCharges": 214292000, "totalAssets": 1354862000, "accountsPayable": 240534000, "shortLongTermDebt": 6528000, "otherCurrentLiab": 61064000, "longTermDebt": 57376000, "otherLiab": 10692000, "totalCurrentLiabilities": 740606000, "totalLiab": 808674000, "commonStock": 86400000, "retainedEarnings": 455200000, "treasuryStock": 1270000, "capitalSurplus": 3318000, "otherStockholderEquity": 1270000, "totalStockholderEquity": 546188000, "netTangibleAssets": 544892000}, {"maxAge": 1, "endDate": "2019-03-31", "cash": 47843000, "shortTermInvestments": 364032000, "netReceivables": 319006000, "inventory": 362300000, "otherCurrentAssets": 81239000, "totalCurrentAssets": 1181156000, "longTermInvestments": 1515000, "propertyPlantEquipment": 46080000, "intangibleAssets": 269000, "otherAssets": 211390000, "deferredLongTermAssetCharges": 203880000, "totalAssets": 1440410000, "accountsPayable": 236297000, "shortLongTermDebt": 6127000, "otherCurrentLiab": 102782000, "longTermDebt": 68406000, "otherLiab": 6295000, "totalCurrentLiabilities": 874683000, "totalLiab": 949384000, "commonStock": 86400000, "retainedEarnings": 400038000, "treasuryStock": 1270000, "capitalSurplus": 3318000, "otherStockholderEquity": 1270000, "totalStockholderEquity": 491026000, "netTangibleAssets": 490757000}, {"maxAge": 1, "endDate": "2018-03-31", "cash": 7545000, "shortTermInvestments": 14076000, "netReceivables": 273367000, "inventory": 472678000, "otherCurrentAssets": 75078000, "totalCurrentAssets": 850390000, "longTermInvestments": 8564000, "propertyPlantEquipment": 28953000, "intangibleAssets": 337000, "otherAssets": 91836000, "deferredLongTermAssetCharges": 66294000, "totalAssets": 980080000, "accountsPayable": 239538000, "shortLongTermDebt": 4391000, "otherCurrentLiab": 28891000, "longTermDebt": 62867000, "otherLiab": 10457000, "totalCurrentLiabilities": 916101000, "totalLiab": 989425000, "commonStock": 86400000, "retainedEarnings": -100333000, "treasuryStock": 1270000, "capitalSurplus": 3318000, "otherStockholderEquity": 1270000, "totalStockholderEquity": -9345000, "netTangibleAssets": -9682000}, {"maxAge": 1, "endDate": "2017-03-31", "cash": 6689000, "shortTermInvestments": 26168000, "netReceivables": 422956000, "inventory": 399580000, "otherCurrentAssets": 104047000, "totalCurrentAssets": 965476000, "longTermInvestments": 1074000, "propertyPlantEquipment": 40032000, "intangibleAssets": 18000, "otherAssets": 66304000, "deferredLongTermAssetCharges": 36099000, "totalAssets": 1072904000, "accountsPayable": 247093000, "shortLongTermDebt": 10166000, "otherCurrentLiab": 31891000, "longTermDebt": 30870000, "otherLiab": 10341000, "totalCurrentLiabilities": 907707000, "totalLiab": 948918000, "commonStock": 86400000, "retainedEarnings": 32998000, "treasuryStock": 1270000, "capitalSurplus": 3318000, "otherStockholderEquity": 1270000, "totalStockholderEquity": 123986000, "netTangibleAssets": 123968000}], "maxAge": 86400}, "earningsTrend": {"trend": [{"maxAge": 1, "period": "0q", "endDate": null, "growth": {}, "earningsEstimate": {"avg": 0.0, "low": 0.0, "high": 0.0, "yearAgoEps": {}, "numberOfAnalysts": 0, "growth": {}}, "revenueEstimate": {"avg": 0, "low": 0, "high": 0, "numberOfAnalysts": 0, "yearAgoRevenue": {}, "growth": {}}, "epsTrend": {"current": 0.0, "7daysAgo": 0.0, "30daysAgo": 0.0, "60daysAgo": 0.0, "90daysAgo": 0.0}, "epsRevisions": {"upLast7days": 0, "upLast30days": 0, "downLast30days": 0, "downLast90days": {}}}, {"maxAge": 1, "period": "+1q", "endDate": null, "growth": {}, "earningsEstimate": {"avg": 0.0, "low": 0.0, "high": 0.0, "yearAgoEps": {}, "numberOfAnalysts": 0, "growth": {}}, "revenueEstimate": {"avg": 0, "low": 0, "high": 0, "numberOfAnalysts": 0, "yearAgoRevenue": {}, "growth": {}}, "epsTrend": {"current": 0.0, "7daysAgo": 0.0, "30daysAgo": 0.0, "60daysAgo": 0.0, "90daysAgo": 0.0}, "epsRevisions": {"upLast7days": 0, "upLast30days": 0, "downLast30days": 0, "downLast90days": {}}}, {"maxAge": 1, "period": "0y", "endDate": null, "growth": {}, "earningsEstimate": {"avg": 0.0, "low": 0.0, "high": 0.0, "yearAgoEps": {}, "numberOfAnalysts": 0, "growth": {}}, "revenueEstimate": {"avg": 0, "low": 0, "high": 0, "numberOfAnalysts": 0, "yearAgoRevenue": {}, "growth": {}}, "epsTrend": {"current": 0.0, "7daysAgo": 0.0, "30daysAgo": 0.0, "60daysAgo": 0.0, "90daysAgo": 0.0}, "epsRevisions": {"upLast7days": 0, "upLast30days": 0, "downLast30days": 0, "downLast90days": {}}}, {"maxAge": 1, "period": "+1y", "endDate": null, "growth": {}, "earningsEstimate": {"avg": 0.0, "low": 0.0, "high": 0.0, "yearAgoEps": {}, "numberOfAnalysts": 0, "growth": {}}, "revenueEstimate": {"avg": 0, "low": 0, "high": 0, "numberOfAnalysts": 0, "yearAgoRevenue": {}, "growth": {}}, "epsTrend": {"current": 0.0, "7daysAgo": 0.0, "30daysAgo": 0.0, "60daysAgo": 0.0, "90daysAgo": 0.0}, "epsRevisions": {"upLast7days": 0, "upLast30days": 0, "downLast30days": 0, "downLast90days": {}}}, {"maxAge": 1, "period": "+5y", "endDate": null, "growth": {}, "earningsEstimate": {"avg": {}, "low": {}, "high": {}, "yearAgoEps": {}, "numberOfAnalysts": {}, "growth": {}}, "revenueEstimate": {"avg": {}, "low": {}, "high": {}, "numberOfAnalysts": {}, "yearAgoRevenue": {}, "growth": {}}, "epsTrend": {"current": {}, "7daysAgo": {}, "30daysAgo": {}, "60daysAgo": {}, "90daysAgo": {}}, "epsRevisions": {"upLast7days": {}, "upLast30days": {}, "downLast30days": {}, "downLast90days": {}}}, {"maxAge": 1, "period": "-5y", "endDate": null, "growth": {}, "earningsEstimate": {"avg": {}, "low": {}, "high": {}, "yearAgoEps": {}, "numberOfAnalysts": {}, "growth": {}}, "revenueEstimate": {"avg": {}, "low": {}, "high": {}, "numberOfAnalysts": {}, "yearAgoRevenue": {}, "growth": {}}, "epsTrend": {"current": {}, "7daysAgo": {}, "30daysAgo": {}, "60daysAgo": {}, "90daysAgo": {}}, "epsRevisions": {"upLast7days": {}, "upLast30days": {}, "downLast30days": {}, "downLast90days": {}}}], "maxAge": 1}, "financialData": {"maxAge": 86400, "currentPrice": 37.1, "targetHighPrice": 81.0, "targetLowPrice": 81.0, "targetMeanPrice": 81.0, "targetMedianPrice": 81.0, "recommendationKey": "none", "numberOfAnalystOpinions": 1, "grossProfits": 396751000, "financialCurrency": "INR"}}}