{"DNAMEDIA.BO": {"cashflowStatementHistory": {"cashflowStatements": [{"maxAge": 1, "endDate": "2019-03-31", "netIncome": -576339000, "depreciation": 127707000, "changeToNetincome": 317147000, "changeToAccountReceivables": -419737000, "changeToLiabilities": -88046000, "changeToInventory": 26200000, "totalCashFromOperatingActivities": -613068000, "capitalExpenditures": -6217000, "otherCashflowsFromInvestingActivities": 3901000, "totalCashflowsFromInvestingActivities": 574303000, "changeInCash": -38765000}, {"maxAge": 1, "endDate": "2018-03-31", "netIncome": -981751000, "depreciation": 125489000, "changeToNetincome": 742832000, "changeToAccountReceivables": 174921000, "changeToLiabilities": 76712000, "changeToInventory": 10920000, "totalCashFromOperatingActivities": 149123000, "capitalExpenditures": -115649000, "otherCashflowsFromInvestingActivities": 2734000, "totalCashflowsFromInvestingActivities": -111044000, "netBorrowings": -257000, "totalCashFromFinancingActivities": -257000, "changeInCash": 48560000}, {"maxAge": 1, "endDate": "2017-03-31", "netIncome": -255152000, "depreciation": 4840000, "changeToNetincome": -164476000, "changeToAccountReceivables": 84383000, "changeToLiabilities": 353388000, "changeToInventory": -42437000, "totalCashFromOperatingActivities": -19454000, "capitalExpenditures": -8087000, "otherCashflowsFromInvestingActivities": 4410000, "totalCashflowsFromInvestingActivities": -3343000, "netBorrowings": -257000, "totalCashFromFinancingActivities": -257000, "changeInCash": -22797000}, {"maxAge": 1, "endDate": "2016-03-31", "netIncome": -85455979, "depreciation": 12319491, "changeToNetincome": -134690328, "changeToAccountReceivables": 18102403, "changeToLiabilities": 26954523, "changeToInventory": -27243851, "totalCashFromOperatingActivities": -190013741, "capitalExpenditures": -1488246, "otherCashflowsFromInvestingActivities": 3741969, "totalCashflowsFromInvestingActivities": 2373342, "netBorrowings": 1062500000, "otherCashflowsFromFinancingActivities": -815228343, "totalCashFromFinancingActivities": 247271657, "changeInCash": 59631258}], "maxAge": 86400}, "institutionOwnership": {"maxAge": 1, "ownershipList": []}, "balanceSheetHistoryQuarterly": {"balanceSheetStatements": [{"maxAge": 1, "endDate": "2019-12-31", "totalStockholderEquity": -4992600000, "netTangibleAssets": -5009200000}, {"maxAge": 1, "endDate": "2019-09-30", "cash": 27400000, "shortTermInvestments": 23100000, "netReceivables": 377800000, "inventory": 23000000, "otherCurrentAssets": 735300000, "totalCurrentAssets": 1186600000, "propertyPlantEquipment": 1823900000, "intangibleAssets": 16600000, "otherAssets": 1159500000, "deferredLongTermAssetCharges": 1098600000, "totalAssets": 4186600000, "accountsPayable": 144700000, "otherCurrentLiab": 589700000, "longTermDebt": 8401300000, "otherLiab": 42200000, "totalCurrentLiabilities": 735700000, "totalLiab": 9179200000, "commonStock": 117700000, "retainedEarnings": -5110300000, "totalStockholderEquity": -4992600000, "netTangibleAssets": -5009200000}, {"maxAge": 1, "endDate": "2019-06-30", "totalStockholderEquity": -4689200000, "netTangibleAssets": -4708900000}, {"maxAge": 1, "endDate": "2019-03-31", "cash": 52668000, "shortTermInvestments": 20700000, "netReceivables": 366793000, "inventory": 69997000, "otherCurrentAssets": 668153000, "totalCurrentAssets": 1159515000, "propertyPlantEquipment": 1879508000, "intangibleAssets": 19674000, "otherAssets": 1152048000, "deferredLongTermAssetCharges": 1098592000, "totalAssets": 4210745000, "accountsPayable": 159822000, "otherCurrentLiab": 438669000, "longTermDebt": 8179640000, "otherLiab": 48952000, "totalCurrentLiabilities": 671318000, "totalLiab": 8899910000, "commonStock": 117708000, "retainedEarnings": -4806873000, "treasuryStock": -4806900000, "otherStockholderEquity": -4806900000, "totalStockholderEquity": -4689165000, "netTangibleAssets": -4708839000}], "maxAge": 86400}, "indexTrend": {"maxAge": 1, "symbol": "SP5", "peRatio": 19.7411, "pegRatio": 1.34172, "estimates": [{"period": "0q", "growth": 0.549}, {"period": "+1q", "growth": 0.431}, {"period": "0y", "growth": 0.305}, {"period": "+1y", "growth": 0.109}, {"period": "+5y", "growth": 0.120865}, {"period": "-5y"}]}, "insiderTransactions": {"transactions": [{"maxAge": 1, "shares": 2870639, "filerUrl": "", "transactionText": "", "filerName": "ARM Infra & Utilities Ltd", "filerRelation": "Promoter", "moneyText": "", "startDate": "2019-04-03", "ownership": "D"}, {"maxAge": 1, "shares": 3642500, "filerUrl": "", "transactionText": "", "filerName": "25FPS Media Pvt Ltd", "filerRelation": "Promoter", "moneyText": "", "startDate": "2019-01-28", "ownership": "D"}, {"maxAge": 1, "shares": 1654361, "filerUrl": "", "transactionText": "", "filerName": "ARM Infra & Utilities Ltd", "filerRelation": "Promoter", "moneyText": "", "startDate": "2019-01-28", "ownership": "D"}], "maxAge": 1}, "quoteType": {"exchange": "BSE", "quoteType": "EQUITY", "symbol": "DNAMEDIA.BO", "underlyingSymbol": "DNAMEDIA.BO", "shortName": "Diligent Media Corporation Lim", "longName": "Diligent Media Corporation Limited", "firstTradeDateEpochUtc": "2017-12-11 09:15:00", "timeZoneFullName": "Asia/Kolkata", "timeZoneShortName": "IST", "uuid": "2f7cb98e-1611-3efd-86b1-a64a296a0275", "messageBoardId": null, "gmtOffSetMilliseconds": 19800000, "maxAge": 1}, "incomeStatementHistory": {"incomeStatementHistory": [{"maxAge": 1, "endDate": "2019-03-31", "totalRevenue": 1159863000, "costOfRevenue": 825932000, "grossProfit": 333931000, "researchDevelopment": {}, "sellingGeneralAdministrative": 7342000, "nonRecurring": {}, "otherOperatingExpenses": 459224000, "totalOperatingExpenses": 1420205000, "operatingIncome": -260342000, "totalOtherIncomeExpenseNet": -428664000, "ebit": -260342000, "interestExpense": -316000, "incomeBeforeTax": -689006000, "incomeTaxExpense": -112667000, "minorityInterest": {}, "netIncomeFromContinuingOps": -576339000, "discontinuedOperations": {}, "extraordinaryItems": {}, "effectOfAccountingCharges": {}, "otherItems": {}, "netIncome": -576339000, "netIncomeApplicableToCommonShares": -576339000}, {"maxAge": 1, "endDate": "2018-03-31", "totalRevenue": 1240507000, "costOfRevenue": 679143000, "grossProfit": 561364000, "researchDevelopment": {}, "sellingGeneralAdministrative": 42219000, "nonRecurring": {}, "otherOperatingExpenses": 632824000, "totalOperatingExpenses": 1482428000, "operatingIncome": -241921000, "totalOtherIncomeExpenseNet": -357828000, "ebit": -241921000, "interestExpense": -1204000, "incomeBeforeTax": -599749000, "incomeTaxExpense": 382002000, "minorityInterest": {}, "netIncomeFromContinuingOps": -981751000, "discontinuedOperations": {}, "extraordinaryItems": {}, "effectOfAccountingCharges": {}, "otherItems": {}, "netIncome": -981751000, "netIncomeApplicableToCommonShares": -981751000}, {"maxAge": 1, "endDate": "2017-03-31", "totalRevenue": 853121000, "costOfRevenue": 517730000, "grossProfit": 335391000, "researchDevelopment": {}, "sellingGeneralAdministrative": 69409000, "nonRecurring": {}, "otherOperatingExpenses": 700569000, "totalOperatingExpenses": 1292548000, "operatingIncome": -439427000, "totalOtherIncomeExpenseNet": 50935000, "ebit": -439427000, "interestExpense": -445000, "incomeBeforeTax": -388492000, "incomeTaxExpense": -133340000, "minorityInterest": {}, "netIncomeFromContinuingOps": -255152000, "discontinuedOperations": {}, "extraordinaryItems": {}, "effectOfAccountingCharges": {}, "otherItems": {}, "netIncome": -255152000, "netIncomeApplicableToCommonShares": -255152000}, {"maxAge": 1, "endDate": "2016-03-31", "totalRevenue": 1006922468, "costOfRevenue": 858953088, "grossProfit": 147969380, "researchDevelopment": {}, "sellingGeneralAdministrative": 196415742, "nonRecurring": {}, "otherOperatingExpenses": 64673631, "totalOperatingExpenses": 1132361952, "operatingIncome": -125439484, "totalOtherIncomeExpenseNet": -9706638, "ebit": -125439484, "interestExpense": -8741571, "incomeBeforeTax": -135146122, "incomeTaxExpense": -49690143, "minorityInterest": {}, "netIncomeFromContinuingOps": -85455979, "discontinuedOperations": {}, "extraordinaryItems": {}, "effectOfAccountingCharges": {}, "otherItems": {}, "netIncome": -85455979, "netIncomeApplicableToCommonShares": -85455979}], "maxAge": 86400}, "fundOwnership": {"maxAge": 1, "ownershipList": []}, "summaryDetail": {"maxAge": 1, "priceHint": 4, "previousClose": 0.98, "open": 1.02, "dayLow": 0.94, "dayHigh": 1.02, "regularMarketPreviousClose": 0.98, "regularMarketOpen": 1.02, "regularMarketDayLow": 0.94, "regularMarketDayHigh": 1.02, "volume": 51295, "regularMarketVolume": 51295, "averageVolume": 7800, "averageVolume10days": 23343, "averageDailyVolume10Day": 23343, "bid": 1.02, "ask": 0.0, "bidSize": 0, "askSize": 0, "marketCap": 120062160, "fiftyTwoWeekLow": 0.31, "fiftyTwoWeekHigh": 1.02, "fiftyDayAverage": 0.6517647, "twoHundredDayAverage": 0.51389706, "currency": "INR", "fromCurrency": null, "toCurrency": null, "lastMarket": null, "algorithm": null, "tradeable": false}, "incomeStatementHistoryQuarterly": {"incomeStatementHistory": [{"maxAge": 1, "endDate": "2019-12-31", "totalRevenue": 2700000, "costOfRevenue": 0, "grossProfit": 2700000, "researchDevelopment": {}, "sellingGeneralAdministrative": {}, "nonRecurring": {}, "otherOperatingExpenses": 2600000, "totalOperatingExpenses": 2600000, "operatingIncome": 100000, "totalOtherIncomeExpenseNet": 0, "ebit": 100000, "interestExpense": {}, "incomeBeforeTax": 100000, "incomeTaxExpense": 0, "minorityInterest": {}, "netIncomeFromContinuingOps": 100000, "discontinuedOperations": -176900000, "extraordinaryItems": {}, "effectOfAccountingCharges": {}, "otherItems": {}, "netIncome": -176800000, "netIncomeApplicableToCommonShares": -176800000}, {"maxAge": 1, "endDate": "2019-09-30", "totalRevenue": 213900000, "costOfRevenue": 90000000, "grossProfit": 123900000, "researchDevelopment": {}, "sellingGeneralAdministrative": {}, "nonRecurring": {}, "otherOperatingExpenses": 107900000, "totalOperatingExpenses": 227500000, "operatingIncome": -13600000, "totalOtherIncomeExpenseNet": -122800000, "ebit": -13600000, "interestExpense": -122800000, "incomeBeforeTax": -136400000, "incomeTaxExpense": 44900000, "minorityInterest": {}, "netIncomeFromContinuingOps": -181300000, "discontinuedOperations": -176900000, "extraordinaryItems": {}, "effectOfAccountingCharges": {}, "otherItems": {}, "netIncome": -181300000, "netIncomeApplicableToCommonShares": -181300000}, {"maxAge": 1, "endDate": "2019-06-30", "totalRevenue": 194300000, "costOfRevenue": 126000000, "grossProfit": 68300000, "researchDevelopment": {}, "sellingGeneralAdministrative": {}, "nonRecurring": {}, "otherOperatingExpenses": 98300000, "totalOperatingExpenses": 253700000, "operatingIncome": -59400000, "totalOtherIncomeExpenseNet": -99100000, "ebit": -59400000, "interestExpense": -109600000, "incomeBeforeTax": -169000000, "incomeTaxExpense": -44900000, "minorityInterest": {}, "netIncomeFromContinuingOps": -124100000, "discontinuedOperations": -176900000, "extraordinaryItems": {}, "effectOfAccountingCharges": {}, "otherItems": {}, "netIncome": -124100000, "netIncomeApplicableToCommonShares": -124100000}, {"maxAge": 1, "endDate": "2019-03-31", "totalRevenue": 356263000, "costOfRevenue": 238332000, "grossProfit": 117931000, "researchDevelopment": {}, "sellingGeneralAdministrative": 7342000, "nonRecurring": {}, "otherOperatingExpenses": 59024000, "totalOperatingExpenses": 335705000, "operatingIncome": 20558000, "totalOtherIncomeExpenseNet": -118064000, "ebit": 20558000, "interestExpense": -108700000, "incomeBeforeTax": -97506000, "incomeTaxExpense": 53633000, "minorityInterest": {}, "netIncomeFromContinuingOps": -151139000, "discontinuedOperations": -176900000, "extraordinaryItems": {}, "effectOfAccountingCharges": {}, "otherItems": {}, "netIncome": -151139000, "netIncomeApplicableToCommonShares": -151139000}], "maxAge": 86400}, "cashflowStatementHistoryQuarterly": {"cashflowStatements": [{"maxAge": 1, "endDate": "2019-12-31", "netIncome": -176800000, "changeToLiabilities": 0}, {"maxAge": 1, "endDate": "2019-09-30", "netIncome": -181300000, "changeToLiabilities": 0}, {"maxAge": 1, "endDate": "2019-06-30", "netIncome": -124100000, "changeToLiabilities": 0}, {"maxAge": 1, "endDate": "2019-03-31", "netIncome": -151139000, "changeToLiabilities": 0}], "maxAge": 86400}, "insiderHolders": {"holders": [{"maxAge": 1, "name": "25FPS Media Pvt Ltd", "relation": "Promoter", "url": "", "transactionDescription": "Sale", "latestTransDate": "2019-01-28", "positionDirect": 37924613, "positionDirectDate": "2019-01-28"}, {"maxAge": 1, "name": "ARM Infra & Utilities Ltd", "relation": "Promoter", "url": "", "transactionDescription": "Sale", "latestTransDate": "2019-04-03", "positionDirect": 35243182, "positionDirectDate": "2019-04-03"}], "maxAge": 1}, "calendarEvents": {"maxAge": 1, "earnings": {"earningsDate": []}}, "price": {"maxAge": 1, "regularMarketChangePercent": 0.04081629, "regularMarketChange": 0.03999996, "regularMarketTime": "2021-04-30 15:15:22", "priceHint": 4, "regularMarketPrice": 1.02, "regularMarketDayHigh": 1.02, "regularMarketDayLow": 0.94, "regularMarketVolume": 51295, "averageDailyVolume10Day": 23343, "averageDailyVolume3Month": 7800, "regularMarketPreviousClose": 0.98, "regularMarketSource": "FREE_REALTIME", "regularMarketOpen": 1.02, "exchange": "BSE", "exchangeName": "BSE", "exchangeDataDelayedBy": 0, "marketState": "CLOSED", "quoteType": "EQUITY", "symbol": "DNAMEDIA.BO", "underlyingSymbol": null, "shortName": "Diligent Media Corporation Lim", "longName": "Diligent Media Corporation Limited", "currency": "INR", "quoteSourceName": "Delayed Quote", "currencySymbol": "\u20b9", "fromCurrency": null, "toCurrency": null, "lastMarket": null, "marketCap": 120062160}, "balanceSheetHistory": {"balanceSheetStatements": [{"maxAge": 1, "endDate": "2019-03-31", "cash": 52668000, "shortTermInvestments": 20700000, "netReceivables": 366793000, "inventory": 69997000, "otherCurrentAssets": 668153000, "totalCurrentAssets": 1159515000, "longTermInvestments": 4100000, "propertyPlantEquipment": 1879508000, "intangibleAssets": 19674000, "otherAssets": 1152048000, "deferredLongTermAssetCharges": 1098592000, "totalAssets": 4210745000, "accountsPayable": 159822000, "otherCurrentLiab": 438669000, "longTermDebt": 8179640000, "otherLiab": 48952000, "totalCurrentLiabilities": 671318000, "totalLiab": 8899910000, "commonStock": 117708000, "retainedEarnings": -4806873000, "treasuryStock": -4806900000, "otherStockholderEquity": -4806900000, "totalStockholderEquity": -4689165000, "netTangibleAssets": -4708839000}, {"maxAge": 1, "endDate": "2018-03-31", "cash": 56561000, "netReceivables": 342246000, "inventory": 96197000, "otherCurrentAssets": 310629000, "totalCurrentAssets": 807426000, "propertyPlantEquipment": 2564215000, "intangibleAssets": 25734000, "otherAssets": 1035562000, "deferredLongTermAssetCharges": 987052000, "totalAssets": 4432937000, "accountsPayable": 214427000, "otherCurrentLiab": 492676000, "longTermDebt": 7773723000, "otherLiab": 42983000, "totalCurrentLiabilities": 731804000, "totalLiab": 8548510000, "commonStock": 117708000, "retainedEarnings": -4233281000, "totalStockholderEquity": -4115573000, "netTangibleAssets": -4141307000}, {"maxAge": 1, "endDate": "2017-03-31", "cash": 37068000, "netReceivables": 162487000, "inventory": 88981000, "otherCurrentAssets": 240719000, "totalCurrentAssets": 533201000, "longTermInvestments": 4362656000, "propertyPlantEquipment": 28730000, "otherAssets": 1075006000, "deferredLongTermAssetCharges": 1040088000, "totalAssets": 5999593000, "accountsPayable": 305449000, "otherCurrentLiab": 442317000, "longTermDebt": 4362656000, "otherLiab": 21265000, "totalCurrentLiabilities": 754179000, "totalLiab": 5138100000, "commonStock": 890955000, "retainedEarnings": -8297327000, "treasuryStock": 4835097000, "capitalSurplus": 3432768000, "otherStockholderEquity": 4835097000, "totalStockholderEquity": 861493000, "netTangibleAssets": 861493000}, {"maxAge": 1, "endDate": "2016-03-31", "cash": 47249146, "netReceivables": 167424818, "inventory": 46543915, "otherCurrentAssets": 287068982, "totalCurrentAssets": 586574647, "propertyPlantEquipment": 28688917, "otherAssets": 952027744, "deferredLongTermAssetCharges": 906045994, "totalAssets": 1567291308, "accountsPayable": 151805255, "otherCurrentLiab": 270215230, "otherLiab": 19337690, "totalCurrentLiabilities": 429982024, "totalLiab": 449319714, "commonStock": 890955420, "retainedEarnings": -8040849460, "treasuryStock": 4835097227, "capitalSurplus": 3432768407, "otherStockholderEquity": 4835097227, "totalStockholderEquity": 1117971594, "netTangibleAssets": 1117971594}], "maxAge": 86400}, "financialData": {"maxAge": 86400, "currentPrice": 1.02, "recommendationKey": "none", "grossProfits": 333931000, "financialCurrency": "INR"}}}