{"DNAMEDIA.NS": {"assetProfile": {"address1": "Marathon Futurex", "address2": "18th Floor, A Wing N M Joshi Marg Lower Parel", "city": "Mumbai", "zip": "400 013", "country": "India", "phone": "91 22 3988 8888", "fax": "91 22 3980 1000", "website": "http://www.dnaindia.com", "industry": "Publishing", "sector": "Communication Services", "longBusinessSummary": "Diligent Media Corporation Limited engages in the online news distribution business in India. It operates an e-paper edition through epaper.dnaindia.com. The company also offers content through dna Syndication. Diligent Media Corporation Limited was founded in 2005 and is based in Mumbai, India.", "fullTimeEmployees": 52, "companyOfficers": [{"maxAge": 1, "name": "Mr. Shikhar  Ranjan", "title": "Chief Exec. Officer", "exercisedValue": 0, "unexercisedValue": 0}, {"maxAge": 1, "name": "C. P. Surendran", "title": "Chief Editor", "exercisedValue": 0, "unexercisedValue": 0}, {"maxAge": 1, "name": "Mr. Rajendra  Bathula", "title": "Chief Financial Officer", "exercisedValue": 0, "unexercisedValue": 0}, {"maxAge": 1, "name": "Mr. Dhaval  Ashar", "title": "Company Sec. & Compliance Officer", "exercisedValue": 0, "unexercisedValue": 0}, {"maxAge": 1, "name": "Mr. Varun  Kohli", "title": "Head of Sales and Head of Revenue", "exercisedValue": 0, "unexercisedValue": 0}, {"maxAge": 1, "name": "Rajat  Kumar", "age": 47, "title": "Chief Revenue Officer", "yearBorn": 1973, "fiscalYear": 2019, "totalPay": 0, "exercisedValue": 0, "unexercisedValue": 0}], "compensationAsOfEpochDate": "2019-12-31 05:30:00", "maxAge": 86400}, "cashflowStatementHistory": {"cashflowStatements": [{"maxAge": 1, "endDate": "2020-03-31", "netIncome": -647544000, "changeToNetincome": 617558000, "changeToAccountReceivables": -14883000, "changeToLiabilities": 2393000, "totalCashFromOperatingActivities": -42476000, "otherCashflowsFromInvestingActivities": 2316000, "totalCashflowsFromInvestingActivities": 2316000, "changeInCash": -40160000}, {"maxAge": 1, "endDate": "2019-03-31", "netIncome": -576339000, "changeToNetincome": -38991000, "changeToAccountReceivables": 444000, "changeToLiabilities": 1818000, "totalCashFromOperatingActivities": -613068000, "otherCashflowsFromInvestingActivities": 574303000, "totalCashflowsFromInvestingActivities": 574303000, "changeInCash": -38765000}, {"maxAge": 1, "endDate": "2018-03-31", "netIncome": -981751000, "depreciation": 125489000, "changeToNetincome": 742832000, "changeToAccountReceivables": 174921000, "changeToLiabilities": 76712000, "changeToInventory": 10920000, "totalCashFromOperatingActivities": 149123000, "capitalExpenditures": -115649000, "otherCashflowsFromInvestingActivities": 2734000, "totalCashflowsFromInvestingActivities": -111044000, "netBorrowings": -257000, "totalCashFromFinancingActivities": -257000, "changeInCash": 48560000}, {"maxAge": 1, "endDate": "2017-03-31", "netIncome": -255152000, "depreciation": 4840000, "changeToNetincome": -164476000, "changeToAccountReceivables": 84383000, "changeToLiabilities": 353388000, "changeToInventory": -42437000, "totalCashFromOperatingActivities": -19454000, "capitalExpenditures": -8087000, "otherCashflowsFromInvestingActivities": 4410000, "totalCashflowsFromInvestingActivities": -3343000, "netBorrowings": -257000, "totalCashFromFinancingActivities": -257000, "changeInCash": -22797000}], "maxAge": 86400}, "institutionOwnership": {"ownershipList": [], "maxAge": 1}, "majorHoldersBreakdown": {"maxAge": 1, "insidersPercentHeld": 0.62165, "institutionsPercentHeld": 0.0, "institutionsFloatPercentHeld": 0.0, "institutionsCount": 0}, "balanceSheetHistoryQuarterly": {"balanceSheetStatements": [{"maxAge": 1, "endDate": "2020-12-31", "totalStockholderEquity": -5629600000, "netTangibleAssets": -5640200000}, {"maxAge": 1, "endDate": "2020-09-30", "cash": 25400000, "shortTermInvestments": 148800000, "netReceivables": 200600000, "inventory": 8100000, "otherCurrentAssets": 762200000, "totalCurrentAssets": 1145100000, "longTermInvestments": 4000000, "propertyPlantEquipment": 1702100000, "intangibleAssets": 10600000, "otherAssets": 1158600000, "deferredLongTermAssetCharges": 1098600000, "totalAssets": 4020400000, "accountsPayable": 102600000, "otherCurrentLiab": 649800000, "longTermDebt": 4362700000, "otherLiab": 14400000, "totalCurrentLiabilities": 5272900000, "totalLiab": 9650000000, "commonStock": 117700000, "treasuryStock": -5747300000, "otherStockholderEquity": -5747300000, "totalStockholderEquity": -5629600000, "netTangibleAssets": -5640200000}, {"maxAge": 1, "endDate": "2020-06-30"}, {"maxAge": 1, "endDate": "2020-03-31", "cash": 31765000, "netReceivables": 312420000, "inventory": 16226000, "otherCurrentAssets": 759842000, "totalCurrentAssets": 1120253000, "propertyPlantEquipment": 1755160000, "intangibleAssets": 13598000, "otherAssets": 1160810000, "deferredLongTermAssetCharges": 1098592000, "totalAssets": 4049821000, "accountsPayable": 99592000, "otherCurrentLiab": 632197000, "longTermDebt": 4362656000, "otherLiab": 14372000, "totalCurrentLiabilities": 5005697000, "totalLiab": 9382725000, "commonStock": 117708000, "retainedEarnings": -5450612000, "totalStockholderEquity": -5332904000, "netTangibleAssets": -5346502000}], "maxAge": 86400}, "indexTrend": {"maxAge": 1, "symbol": "SP5", "peRatio": 19.7411, "pegRatio": 1.34172, "estimates": [{"period": "0q", "growth": 0.549}, {"period": "+1q", "growth": 0.431}, {"period": "0y", "growth": 0.305}, {"period": "+1y", "growth": 0.109}, {"period": "+5y", "growth": 0.120865}, {"period": "-5y"}]}, "defaultKeyStatistics": {"maxAge": 1, "priceHint": 4, "enterpriseValue": 8826676224, "profitMargins": 49.29407, "floatShares": 34471012, "sharesOutstanding": 117708000, "heldPercentInsiders": 0.62165, "heldPercentInstitutions": 0.0, "beta": 0.794147, "category": null, "bookValue": -47.621, "fundFamily": null, "legalType": null, "lastFiscalYearEnd": "2020-03-31 05:30:00", "nextFiscalYearEnd": "2022-03-31 05:30:00", "mostRecentQuarter": "2020-12-31 05:30:00", "netIncomeToCommon": 16793000, "trailingEps": 9.777, "lastSplitFactor": null, "enterpriseToRevenue": 377.773}, "summaryProfile": {"address1": "Marathon Futurex", "address2": "18th Floor, A Wing N M Joshi Marg Lower Parel", "city": "Mumbai", "zip": "400 013", "country": "India", "phone": "91 22 3988 8888", "fax": "91 22 3980 1000", "website": "http://www.dnaindia.com", "industry": "Publishing", "sector": "Communication Services", "longBusinessSummary": "Diligent Media Corporation Limited engages in the online news distribution business in India. It operates an e-paper edition through epaper.dnaindia.com. The company also offers content through dna Syndication. Diligent Media Corporation Limited was founded in 2005 and is based in Mumbai, India.", "fullTimeEmployees": 52, "companyOfficers": [], "maxAge": 86400}, "netSharePurchaseActivity": {"maxAge": 1, "period": "6m", "buyInfoCount": 0, "buyInfoShares": 0, "sellInfoCount": 0, "netInfoCount": 0, "netInfoShares": 0, "netPercentInsiderShares": 0.0, "totalInsiderShares": 73153672}, "insiderTransactions": {"transactions": [{"maxAge": 1, "shares": 2870639, "filerUrl": "", "transactionText": "", "filerName": "ARM Infra & Utilities Ltd", "filerRelation": "Promoter", "moneyText": "", "startDate": "2019-04-03", "ownership": "D"}, {"maxAge": 1, "shares": 3642500, "filerUrl": "", "transactionText": "", "filerName": "25FPS Media Pvt Ltd", "filerRelation": "Promoter", "moneyText": "", "startDate": "2019-01-28", "ownership": "D"}, {"maxAge": 1, "shares": 1654361, "filerUrl": "", "transactionText": "", "filerName": "ARM Infra & Utilities Ltd", "filerRelation": "Promoter", "moneyText": "", "startDate": "2019-01-28", "ownership": "D"}], "maxAge": 1}, "quoteType": {"exchange": "NSI", "quoteType": "EQUITY", "symbol": "DNAMEDIA.NS", "underlyingSymbol": "DNAMEDIA.NS", "shortName": "DILIGENT MEDIA COR", "longName": "Diligent Media Corporation Limited", "firstTradeDateEpochUtc": "2017-12-11 09:15:00", "timeZoneFullName": "Asia/Kolkata", "timeZoneShortName": "IST", "uuid": "933ff08c-9302-3a45-bee8-8a2eb0e6d7c4", "gmtOffSetMilliseconds": 19800000, "maxAge": 1}, "incomeStatementHistory": {"incomeStatementHistory": [{"maxAge": 1, "endDate": "2020-03-31", "totalRevenue": 12665000, "costOfRevenue": 0, "grossProfit": 12665000, "researchDevelopment": {}, "sellingGeneralAdministrative": 11672000, "nonRecurring": {}, "otherOperatingExpenses": {}, "totalOperatingExpenses": 11672000, "operatingIncome": 993000, "totalOtherIncomeExpenseNet": 0, "ebit": 993000, "interestExpense": {}, "incomeBeforeTax": 993000, "incomeTaxExpense": 0, "minorityInterest": {}, "netIncomeFromContinuingOps": 993000, "discontinuedOperations": -648537000, "extraordinaryItems": {}, "effectOfAccountingCharges": {}, "otherItems": {}, "netIncome": -647544000, "netIncomeApplicableToCommonShares": -647544000}, {"maxAge": 1, "endDate": "2019-03-31", "totalRevenue": 15295000, "costOfRevenue": 0, "grossProfit": 15295000, "researchDevelopment": {}, "sellingGeneralAdministrative": 13725000, "nonRecurring": {}, "otherOperatingExpenses": {}, "totalOperatingExpenses": 13725000, "operatingIncome": 1570000, "totalOtherIncomeExpenseNet": 0, "ebit": 1570000, "interestExpense": {}, "incomeBeforeTax": 1570000, "incomeTaxExpense": 0, "minorityInterest": {}, "netIncomeFromContinuingOps": 1570000, "discontinuedOperations": -577909000, "extraordinaryItems": {}, "effectOfAccountingCharges": {}, "otherItems": {}, "netIncome": -576339000, "netIncomeApplicableToCommonShares": -576339000}, {"maxAge": 1, "endDate": "2018-03-31", "totalRevenue": 1240507000, "costOfRevenue": 679143000, "grossProfit": 561364000, "researchDevelopment": {}, "sellingGeneralAdministrative": 42219000, "nonRecurring": {}, "otherOperatingExpenses": 632824000, "totalOperatingExpenses": 1482428000, "operatingIncome": -241921000, "totalOtherIncomeExpenseNet": -357828000, "ebit": -241921000, "interestExpense": -1204000, "incomeBeforeTax": -599749000, "incomeTaxExpense": 382002000, "minorityInterest": {}, "netIncomeFromContinuingOps": -981751000, "discontinuedOperations": -577909000, "extraordinaryItems": {}, "effectOfAccountingCharges": {}, "otherItems": {}, "netIncome": -981751000, "netIncomeApplicableToCommonShares": -981751000}, {"maxAge": 1, "endDate": "2017-03-31", "totalRevenue": 853121000, "costOfRevenue": 517730000, "grossProfit": 335391000, "researchDevelopment": {}, "sellingGeneralAdministrative": 69409000, "nonRecurring": {}, "otherOperatingExpenses": 700569000, "totalOperatingExpenses": 1292548000, "operatingIncome": -439427000, "totalOtherIncomeExpenseNet": 50935000, "ebit": -439427000, "interestExpense": -445000, "incomeBeforeTax": -388492000, "incomeTaxExpense": -133340000, "minorityInterest": {}, "netIncomeFromContinuingOps": -255152000, "discontinuedOperations": -577909000, "extraordinaryItems": {}, "effectOfAccountingCharges": {}, "otherItems": {}, "netIncome": -255152000, "netIncomeApplicableToCommonShares": -255152000}], "maxAge": 86400}, "fundOwnership": {"ownershipList": [], "maxAge": 1}, "summaryDetail": {"maxAge": 1, "priceHint": 4, "previousClose": 0.95, "open": 1.0, "dayLow": 0.95, "dayHigh": 1.0, "regularMarketPreviousClose": 0.95, "regularMarketOpen": 1.0, "regularMarketDayLow": 0.95, "regularMarketDayHigh": 1.0, "payoutRatio": 0.0, "beta": 0.794147, "trailingPE": 0.102280855, "volume": 82355, "regularMarketVolume": 82355, "averageVolume": 52903, "averageVolume10days": 50239, "averageDailyVolume10Day": 50239, "bid": 0.0, "ask": 0.0, "bidSize": 0, "askSize": 0, "marketCap": 117708000, "fiftyTwoWeekLow": 0.3, "fiftyTwoWeekHigh": 1.0, "priceToSalesTrailing12Months": 5.0377917, "fiftyDayAverage": 0.81969696, "twoHundredDayAverage": 0.5964286, "currency": "INR", "fromCurrency": null, "lastMarket": null, "algorithm": null, "tradeable": false}, "incomeStatementHistoryQuarterly": {"incomeStatementHistory": [{"maxAge": 1, "endDate": "2020-12-31", "totalRevenue": 12100000, "costOfRevenue": 0, "grossProfit": 12100000, "researchDevelopment": {}, "sellingGeneralAdministrative": {}, "nonRecurring": {}, "otherOperatingExpenses": {}, "totalOperatingExpenses": 0, "operatingIncome": 12100000, "totalOtherIncomeExpenseNet": 0, "ebit": 12100000, "interestExpense": {}, "incomeBeforeTax": 12100000, "incomeTaxExpense": 0, "minorityInterest": {}, "netIncomeFromContinuingOps": 12100000, "discontinuedOperations": 1603600000, "extraordinaryItems": {}, "effectOfAccountingCharges": {}, "otherItems": {}, "netIncome": 1615700000, "netIncomeApplicableToCommonShares": 1615700000}, {"maxAge": 1, "endDate": "2020-09-30", "totalRevenue": 6000000, "costOfRevenue": 0, "grossProfit": 6000000, "researchDevelopment": {}, "sellingGeneralAdministrative": {}, "nonRecurring": {}, "otherOperatingExpenses": 1800000, "totalOperatingExpenses": 1800000, "operatingIncome": 4200000, "totalOtherIncomeExpenseNet": 0, "ebit": 4200000, "interestExpense": {}, "incomeBeforeTax": 4200000, "incomeTaxExpense": 0, "minorityInterest": {}, "netIncomeFromContinuingOps": 4200000, "discontinuedOperations": -156700000, "extraordinaryItems": {}, "effectOfAccountingCharges": {}, "otherItems": {}, "netIncome": -152500000, "netIncomeApplicableToCommonShares": -152500000}, {"maxAge": 1, "endDate": "2020-06-30", "totalRevenue": 2700000, "costOfRevenue": 0, "grossProfit": 2700000, "researchDevelopment": {}, "sellingGeneralAdministrative": {}, "nonRecurring": {}, "otherOperatingExpenses": 2200000, "totalOperatingExpenses": 2200000, "operatingIncome": 500000, "totalOtherIncomeExpenseNet": 0, "ebit": 500000, "interestExpense": {}, "incomeBeforeTax": 500000, "incomeTaxExpense": 0, "minorityInterest": {}, "netIncomeFromContinuingOps": 500000, "discontinuedOperations": -146600000, "extraordinaryItems": {}, "effectOfAccountingCharges": {}, "otherItems": {}, "netIncome": -146100000, "netIncomeApplicableToCommonShares": -146100000}, {"maxAge": 1, "endDate": "2020-03-31", "totalRevenue": 2465000, "costOfRevenue": 0, "grossProfit": 2465000, "researchDevelopment": {}, "sellingGeneralAdministrative": 11672000, "nonRecurring": {}, "otherOperatingExpenses": -9100000, "totalOperatingExpenses": 2572000, "operatingIncome": -107000, "totalOtherIncomeExpenseNet": 100000, "ebit": -107000, "interestExpense": {}, "incomeBeforeTax": -7000, "incomeTaxExpense": 0, "minorityInterest": {}, "netIncomeFromContinuingOps": -7000, "discontinuedOperations": -165337000, "extraordinaryItems": {}, "effectOfAccountingCharges": {}, "otherItems": {}, "netIncome": -165344000, "netIncomeApplicableToCommonShares": -165344000}], "maxAge": 86400}, "cashflowStatementHistoryQuarterly": {"cashflowStatements": [{"maxAge": 1, "endDate": "2020-12-31", "netIncome": 1615700000, "changeToLiabilities": 0}, {"maxAge": 1, "endDate": "2020-09-30", "netIncome": -152500000, "changeToLiabilities": 0}, {"maxAge": 1, "endDate": "2020-06-30", "netIncome": -146100000, "changeToLiabilities": 0}, {"maxAge": 1, "endDate": "2020-03-31", "netIncome": -165344000, "changeToLiabilities": 0}], "maxAge": 86400}, "insiderHolders": {"holders": [{"maxAge": 1, "name": "25FPS Media Pvt Ltd", "relation": "Promoter", "url": "", "transactionDescription": "Sale", "latestTransDate": "2019-01-28", "positionDirect": 37924613, "positionDirectDate": "2019-01-28"}, {"maxAge": 1, "name": "ARM Infra & Utilities Ltd", "relation": "Promoter", "url": "", "transactionDescription": "Sale", "latestTransDate": "2019-04-03", "positionDirect": 35243182, "positionDirectDate": "2019-04-03"}], "maxAge": 1}, "calendarEvents": {"maxAge": 1, "earnings": {"earningsDate": []}}, "upgradeDowngradeHistory": {"history": [], "maxAge": 86400}, "price": {"maxAge": 1, "regularMarketChangePercent": 0.052631594, "regularMarketChange": 0.050000012, "regularMarketTime": "2021-04-30 15:29:09", "priceHint": 4, "regularMarketPrice": 1.0, "regularMarketDayHigh": 1.0, "regularMarketDayLow": 0.95, "regularMarketVolume": 82355, "averageDailyVolume10Day": 50239, "averageDailyVolume3Month": 52903, "regularMarketPreviousClose": 0.95, "regularMarketSource": "FREE_REALTIME", "regularMarketOpen": 1.0, "exchange": "NSI", "exchangeName": "NSE", "exchangeDataDelayedBy": 15, "marketState": "CLOSED", "quoteType": "EQUITY", "symbol": "DNAMEDIA.NS", "underlyingSymbol": null, "shortName": "DILIGENT MEDIA COR", "longName": "Diligent Media Corporation Limited", "currency": "INR", "quoteSourceName": "Delayed Quote", "currencySymbol": "\u20b9", "fromCurrency": null, "lastMarket": null, "marketCap": 117708000}, "balanceSheetHistory": {"balanceSheetStatements": [{"maxAge": 1, "endDate": "2020-03-31", "cash": 31765000, "netReceivables": 312420000, "inventory": 16226000, "otherCurrentAssets": 759842000, "totalCurrentAssets": 1120253000, "propertyPlantEquipment": 1755160000, "intangibleAssets": 13598000, "otherAssets": 1160810000, "deferredLongTermAssetCharges": 1098592000, "totalAssets": 4049821000, "accountsPayable": 99592000, "otherCurrentLiab": 632197000, "longTermDebt": 4362656000, "otherLiab": 14372000, "totalCurrentLiabilities": 5005697000, "totalLiab": 9382725000, "commonStock": 117708000, "retainedEarnings": -5450612000, "totalStockholderEquity": -5332904000, "netTangibleAssets": -5346502000}, {"maxAge": 1, "endDate": "2019-03-31", "cash": 52668000, "shortTermInvestments": 20700000, "netReceivables": 366793000, "inventory": 69997000, "otherCurrentAssets": 668153000, "totalCurrentAssets": 1159515000, "longTermInvestments": 4100000, "propertyPlantEquipment": 1879508000, "intangibleAssets": 19674000, "otherAssets": 1152048000, "deferredLongTermAssetCharges": 1098592000, "totalAssets": 4210745000, "accountsPayable": 159822000, "otherCurrentLiab": 438669000, "longTermDebt": 8179640000, "otherLiab": 48952000, "totalCurrentLiabilities": 671318000, "totalLiab": 8899910000, "commonStock": 117708000, "retainedEarnings": -4806873000, "treasuryStock": -4806900000, "otherStockholderEquity": -4806900000, "totalStockholderEquity": -4689165000, "netTangibleAssets": -4708839000}, {"maxAge": 1, "endDate": "2018-03-31", "cash": 56561000, "netReceivables": 342246000, "inventory": 96197000, "otherCurrentAssets": 310629000, "totalCurrentAssets": 807426000, "propertyPlantEquipment": 2564215000, "intangibleAssets": 25734000, "otherAssets": 1035562000, "deferredLongTermAssetCharges": 987052000, "totalAssets": 4432937000, "accountsPayable": 214427000, "otherCurrentLiab": 492676000, "longTermDebt": 7773723000, "otherLiab": 42983000, "totalCurrentLiabilities": 731804000, "totalLiab": 8548510000, "commonStock": 117708000, "retainedEarnings": -4233281000, "totalStockholderEquity": -4115573000, "netTangibleAssets": -4141307000}, {"maxAge": 1, "endDate": "2017-03-31", "cash": 37068000, "netReceivables": 162487000, "inventory": 88981000, "otherCurrentAssets": 240719000, "totalCurrentAssets": 533201000, "longTermInvestments": 4362656000, "propertyPlantEquipment": 28730000, "otherAssets": 1075006000, "deferredLongTermAssetCharges": 1040088000, "totalAssets": 5999593000, "accountsPayable": 305449000, "otherCurrentLiab": 436082000, "longTermDebt": 4362656000, "otherLiab": 21265000, "totalCurrentLiabilities": 754179000, "totalLiab": 5138100000, "commonStock": 890955000, "retainedEarnings": -8297327000, "treasuryStock": 4835097000, "capitalSurplus": 3432768000, "otherStockholderEquity": 4835097000, "totalStockholderEquity": 861493000, "netTangibleAssets": 861493000}], "maxAge": 86400}, "financialData": {"maxAge": 86400, "currentPrice": 1.0, "recommendationKey": "none", "totalCash": 174200000, "totalCashPerShare": 1.48, "totalDebt": 8883200000, "totalRevenue": 23365000, "revenuePerShare": 0.198, "grossProfits": 12665000, "revenueGrowth": 3.481, "grossMargins": 1.0, "ebitdaMargins": 0.0, "operatingMargins": 0.71872, "profitMargins": 49.29407, "financialCurrency": "INR"}}}