{"DOLPHMED.BO": {"cashflowStatementHistory": {"cashflowStatements": [{"maxAge": 1, "endDate": "2020-03-31", "netIncome": -3851000, "depreciation": 617300, "changeToNetincome": 43700, "changeToLiabilities": 202300, "changeToInventory": -3600, "changeToOperatingActivities": 1654400, "totalCashFromOperatingActivities": -1336900, "capitalExpenditures": -354300, "totalCashflowsFromInvestingActivities": -104300, "netBorrowings": 1504000, "totalCashFromFinancingActivities": 1504000, "changeInCash": 62800}, {"maxAge": 1, "endDate": "2019-03-31", "netIncome": -10050219, "depreciation": 2438490, "changeToNetincome": 6812930, "changeToLiabilities": -10115, "changeToInventory": 39640, "changeToOperatingActivities": 954712, "totalCashFromOperatingActivities": 185438, "capitalExpenditures": -354300, "totalCashflowsFromInvestingActivities": 19650000, "netBorrowings": -19850000, "totalCashFromFinancingActivities": -19850000, "changeInCash": -14563}, {"maxAge": 1, "endDate": "2018-03-31", "netIncome": -2979311, "depreciation": 3343340, "changeToNetincome": -263406, "changeToLiabilities": -264, "changeToInventory": 9630, "changeToOperatingActivities": -141539, "totalCashFromOperatingActivities": -31551, "capitalExpenditures": -354300, "totalCashflowsFromInvestingActivities": 19650000, "netBorrowings": -19850000, "totalCashFromFinancingActivities": -19850000, "changeInCash": -31550}, {"maxAge": 1, "endDate": "2017-03-31", "netIncome": -2674232, "depreciation": 3343340, "changeToNetincome": 579010, "changeToLiabilities": 6315, "changeToInventory": 28830, "changeToOperatingActivities": -2002811, "totalCashFromOperatingActivities": -719549, "capitalExpenditures": -354300, "investments": 250000, "totalCashflowsFromInvestingActivities": 250000, "netBorrowings": 487000, "totalCashFromFinancingActivities": 487000, "changeInCash": 17450}], "maxAge": 86400}, "institutionOwnership": {"ownershipList": [], "maxAge": 1}, "balanceSheetHistoryQuarterly": {"balanceSheetStatements": [{"maxAge": 1, "endDate": "2020-06-30", "totalStockholderEquity": 108016700, "netTangibleAssets": 108016700}, {"maxAge": 1, "endDate": "2020-03-31", "cash": 100400, "netReceivables": 19470700, "inventory": 3600, "totalCurrentAssets": 19574700, "longTermInvestments": 4100000, "propertyPlantEquipment": 88835300, "otherAssets": 66281900, "totalAssets": 178791900, "otherCurrentLiab": 1593400, "longTermDebt": 63704800, "otherLiab": 5477000, "deferredLongTermLiab": 37848400, "totalCurrentLiabilities": 1593400, "totalLiab": 70775200, "commonStock": 150999500, "treasuryStock": -42982800, "otherStockholderEquity": -42982800, "totalStockholderEquity": 108016700, "netTangibleAssets": 108016700}, {"maxAge": 1, "endDate": "2019-12-31", "totalStockholderEquity": 109921700, "netTangibleAssets": 109921700}, {"maxAge": 1, "endDate": "2019-09-30", "cash": 53900, "netReceivables": 19605700, "otherCurrentAssets": 210000, "totalCurrentAssets": 19869600, "longTermInvestments": 4100000, "propertyPlantEquipment": 89098300, "intangibleAssets": 37848400, "otherAssets": 66857800, "totalAssets": 179925700, "otherCurrentLiab": 1263800, "longTermDebt": 63471900, "otherLiab": 5268300, "deferredLongTermLiab": 37848400, "totalCurrentLiabilities": 1263800, "totalLiab": 70004000, "commonStock": 150999500, "treasuryStock": -41077800, "otherStockholderEquity": -41077800, "totalStockholderEquity": 109921700, "netTangibleAssets": 109921700}], "maxAge": 86400}, "indexTrend": {"maxAge": 1, "symbol": "SP5", "peRatio": 19.7411, "pegRatio": 1.34172, "estimates": [{"period": "0q", "growth": 0.549}, {"period": "+1q", "growth": 0.431}, {"period": "0y", "growth": 0.305}, {"period": "+1y", "growth": 0.109}, {"period": "+5y", "growth": 0.120859005}, {"period": "-5y"}]}, "insiderTransactions": {"transactions": [{"maxAge": 1, "shares": 100000, "filerUrl": "", "transactionText": "", "filerName": "Eswarchand (G)", "filerRelation": "Promoter", "moneyText": "", "startDate": "2014-07-05", "ownership": "D"}, {"maxAge": 1, "shares": 50000, "filerUrl": "", "transactionText": "", "filerName": "Kumari (Vimala G)", "filerRelation": "Promoter", "moneyText": "", "startDate": "2014-07-02", "ownership": "D"}], "maxAge": 1}, "quoteType": {"exchange": "BSE", "quoteType": "EQUITY", "symbol": "DOLPHMED.BO", "underlyingSymbol": "DOLPHMED.BO", "shortName": "DOLPHIN MEDICAL SERVICES LTD.", "longName": "Dolphin Medical Services Limited", "firstTradeDateEpochUtc": "2002-03-07 09:15:00", "timeZoneFullName": "Asia/Kolkata", "timeZoneShortName": "IST", "uuid": "b40b174a-2533-3393-a988-a385d523d029", "gmtOffSetMilliseconds": 19800000, "maxAge": 1}, "incomeStatementHistory": {"incomeStatementHistory": [{"maxAge": 1, "endDate": "2020-03-31", "totalRevenue": 2295000, "costOfRevenue": 599000, "grossProfit": 1696000, "researchDevelopment": {}, "sellingGeneralAdministrative": {}, "nonRecurring": {}, "otherOperatingExpenses": 4677000, "totalOperatingExpenses": 5893000, "operatingIncome": -3598000, "totalOtherIncomeExpenseNet": -44000, "ebit": -3598000, "interestExpense": -44000, "incomeBeforeTax": -3642000, "incomeTaxExpense": 209000, "minorityInterest": {}, "netIncomeFromContinuingOps": -3851000, "discontinuedOperations": {}, "extraordinaryItems": {}, "effectOfAccountingCharges": {}, "otherItems": {}, "netIncome": -3851000, "netIncomeApplicableToCommonShares": -3851000}, {"maxAge": 1, "endDate": "2019-03-31", "totalRevenue": 1190200, "costOfRevenue": 712520, "grossProfit": 477680, "researchDevelopment": {}, "sellingGeneralAdministrative": 277220, "nonRecurring": {}, "otherOperatingExpenses": 999259, "totalOperatingExpenses": 4427489, "operatingIncome": -3237289, "totalOtherIncomeExpenseNet": -7038124, "ebit": -3237289, "interestExpense": -95309, "incomeBeforeTax": -10275413, "incomeTaxExpense": -225194, "minorityInterest": {}, "netIncomeFromContinuingOps": -10050219, "discontinuedOperations": {}, "extraordinaryItems": {}, "effectOfAccountingCharges": {}, "otherItems": {}, "netIncome": -10050219, "netIncomeApplicableToCommonShares": -10050219}, {"maxAge": 1, "endDate": "2018-03-31", "totalRevenue": 2456600, "costOfRevenue": 1054466, "grossProfit": 1402134, "researchDevelopment": {}, "sellingGeneralAdministrative": 281354, "nonRecurring": {}, "otherOperatingExpenses": 1020157, "totalOperatingExpenses": 5699317, "operatingIncome": -3242717, "totalOtherIncomeExpenseNet": -104734, "ebit": -3242717, "interestExpense": -104734, "incomeBeforeTax": -3347451, "incomeTaxExpense": -368140, "minorityInterest": {}, "netIncomeFromContinuingOps": -2979311, "discontinuedOperations": {}, "extraordinaryItems": {}, "effectOfAccountingCharges": {}, "otherItems": {}, "netIncome": -2979311, "netIncomeApplicableToCommonShares": -2979311}, {"maxAge": 1, "endDate": "2017-03-31", "totalRevenue": 4582430, "costOfRevenue": 1324161, "grossProfit": 3258269, "researchDevelopment": {}, "sellingGeneralAdministrative": 658988, "nonRecurring": {}, "otherOperatingExpenses": 1351163, "totalOperatingExpenses": 6677652, "operatingIncome": -2095222, "totalOtherIncomeExpenseNet": -921717, "ebit": -2095222, "interestExpense": -46717, "incomeBeforeTax": -3016939, "incomeTaxExpense": -342707, "minorityInterest": {}, "netIncomeFromContinuingOps": -2674232, "discontinuedOperations": {}, "extraordinaryItems": {}, "effectOfAccountingCharges": {}, "otherItems": {}, "netIncome": -2674232, "netIncomeApplicableToCommonShares": -2674232}], "maxAge": 86400}, "fundOwnership": {"ownershipList": [], "maxAge": 1}, "summaryDetail": {"maxAge": 1, "priceHint": 4, "previousClose": 2.42, "open": 2.54, "dayLow": 2.54, "dayHigh": 2.54, "regularMarketPreviousClose": 2.42, "regularMarketOpen": 2.54, "regularMarketDayLow": 2.54, "regularMarketDayHigh": 2.54, "volume": 25739, "regularMarketVolume": 25739, "averageVolume": 18135, "averageVolume10days": 18128, "averageDailyVolume10Day": 18128, "bid": 2.42, "ask": 0.0, "bidSize": 0, "askSize": 0, "marketCap": 38354000, "fiftyTwoWeekLow": 0.45, "fiftyTwoWeekHigh": 2.54, "fiftyDayAverage": 1.8818182, "twoHundredDayAverage": 1.4552941, "currency": "INR", "fromCurrency": null, "lastMarket": null, "algorithm": null, "tradeable": false}, "incomeStatementHistoryQuarterly": {"incomeStatementHistory": [{"maxAge": 1, "endDate": "2020-06-30", "totalRevenue": 1149000, "costOfRevenue": 136000, "grossProfit": 1013000, "researchDevelopment": {}, "sellingGeneralAdministrative": {}, "nonRecurring": {}, "otherOperatingExpenses": 1020000, "totalOperatingExpenses": 1317000, "operatingIncome": -168000, "totalOtherIncomeExpenseNet": -23000, "ebit": -168000, "interestExpense": -23000, "incomeBeforeTax": -191000, "incomeTaxExpense": 0, "minorityInterest": {}, "netIncomeFromContinuingOps": -191000, "discontinuedOperations": {}, "extraordinaryItems": {}, "effectOfAccountingCharges": {}, "otherItems": {}, "netIncome": -191000, "netIncomeApplicableToCommonShares": -191000}, {"maxAge": 1, "endDate": "2020-03-31", "totalRevenue": 603000, "costOfRevenue": 235000, "grossProfit": 368000, "researchDevelopment": {}, "sellingGeneralAdministrative": {}, "nonRecurring": {}, "otherOperatingExpenses": 974000, "totalOperatingExpenses": 1826000, "operatingIncome": -1223000, "totalOtherIncomeExpenseNet": -20000, "ebit": -1223000, "interestExpense": -20000, "incomeBeforeTax": -1243000, "incomeTaxExpense": 209000, "minorityInterest": {}, "netIncomeFromContinuingOps": -1452000, "discontinuedOperations": {}, "extraordinaryItems": {}, "effectOfAccountingCharges": {}, "otherItems": {}, "netIncome": -1452000, "netIncomeApplicableToCommonShares": -1452000}, {"maxAge": 1, "endDate": "2019-12-31", "totalRevenue": 840000, "costOfRevenue": 210000, "grossProfit": 630000, "researchDevelopment": {}, "sellingGeneralAdministrative": {}, "nonRecurring": {}, "otherOperatingExpenses": 1080000, "totalOperatingExpenses": 1290000, "operatingIncome": -450000, "totalOtherIncomeExpenseNet": 0, "ebit": -450000, "interestExpense": -20000, "incomeBeforeTax": -450000, "incomeTaxExpense": 0, "minorityInterest": {}, "netIncomeFromContinuingOps": -450000, "discontinuedOperations": {}, "extraordinaryItems": {}, "effectOfAccountingCharges": {}, "otherItems": {}, "netIncome": -450000, "netIncomeApplicableToCommonShares": -450000}, {"maxAge": 1, "endDate": "2019-09-30", "totalRevenue": 686000, "costOfRevenue": 97000, "grossProfit": 589000, "researchDevelopment": {}, "sellingGeneralAdministrative": {}, "nonRecurring": {}, "otherOperatingExpenses": 1174000, "totalOperatingExpenses": 1271000, "operatingIncome": -585000, "totalOtherIncomeExpenseNet": -4000, "ebit": -585000, "interestExpense": -4000, "incomeBeforeTax": -589000, "incomeTaxExpense": 0, "minorityInterest": {}, "netIncomeFromContinuingOps": -589000, "discontinuedOperations": {}, "extraordinaryItems": {}, "effectOfAccountingCharges": {}, "otherItems": {}, "netIncome": -589000, "netIncomeApplicableToCommonShares": -589000}], "maxAge": 86400}, "cashflowStatementHistoryQuarterly": {"cashflowStatements": [{"maxAge": 1, "endDate": "2020-06-30", "netIncome": -191000, "changeToLiabilities": 0}, {"maxAge": 1, "endDate": "2020-03-31", "netIncome": -1452000, "changeToLiabilities": 0}, {"maxAge": 1, "endDate": "2019-12-31", "netIncome": -450000, "changeToLiabilities": 0}, {"maxAge": 1, "endDate": "2019-09-30", "netIncome": -589000, "changeToLiabilities": 0}], "maxAge": 86400}, "insiderHolders": {"holders": [{"maxAge": 1, "name": "Eswarchand (G)", "relation": "Promoter", "url": "", "transactionDescription": "Sale", "latestTransDate": "2014-07-05", "positionDirect": 110000, "positionDirectDate": "2014-07-05"}, {"maxAge": 1, "name": "Kumari (Vimala G)", "relation": "Promoter", "url": "", "transactionDescription": "Sale", "latestTransDate": "2014-07-02", "positionDirect": 255000, "positionDirectDate": "2014-07-02"}], "maxAge": 1}, "calendarEvents": {"maxAge": 1, "earnings": {"earningsDate": []}}, "upgradeDowngradeHistory": {"history": [], "maxAge": 86400}, "price": {"maxAge": 1, "regularMarketChangePercent": 0.04958673, "regularMarketChange": 0.119999886, "regularMarketTime": "2021-04-30 15:17:39", "priceHint": 4, "regularMarketPrice": 2.54, "regularMarketDayHigh": 2.54, "regularMarketDayLow": 2.54, "regularMarketVolume": 25739, "averageDailyVolume10Day": 18128, "averageDailyVolume3Month": 18135, "regularMarketPreviousClose": 2.42, "regularMarketSource": "FREE_REALTIME", "regularMarketOpen": 2.54, "exchange": "BSE", "exchangeName": "BSE", "exchangeDataDelayedBy": 0, "marketState": "CLOSED", "quoteType": "EQUITY", "symbol": "DOLPHMED.BO", "underlyingSymbol": null, "shortName": "DOLPHIN MEDICAL SERVICES LTD.", "longName": "Dolphin Medical Services Limited", "currency": "INR", "quoteSourceName": "Delayed Quote", "currencySymbol": "\u20b9", "fromCurrency": null, "lastMarket": null, "marketCap": 38354000}, "balanceSheetHistory": {"balanceSheetStatements": [{"maxAge": 1, "endDate": "2020-03-31", "cash": 100400, "netReceivables": 19470700, "inventory": 3600, "totalCurrentAssets": 19574700, "longTermInvestments": 4100000, "propertyPlantEquipment": 88835300, "otherAssets": 66281900, "totalAssets": 178791900, "otherCurrentLiab": 1593400, "longTermDebt": 63704800, "otherLiab": 5477000, "deferredLongTermLiab": 37848400, "totalCurrentLiabilities": 1593400, "totalLiab": 70775200, "commonStock": 150999500, "treasuryStock": -42982800, "otherStockholderEquity": -42982800, "totalStockholderEquity": 108016700, "netTangibleAssets": 108016700}, {"maxAge": 1, "endDate": "2019-03-31", "cash": 37606, "netReceivables": 19470705, "otherCurrentAssets": 210000, "totalCurrentAssets": 19718311, "longTermInvestments": 4100000, "propertyPlantEquipment": 89348376, "otherAssets": 66722789, "totalAssets": 179889476, "accountsPayable": 6404, "otherCurrentLiab": 545939, "longTermDebt": 62200795, "otherLiab": 5268346, "deferredLongTermLiab": 37848367, "totalCurrentLiabilities": 552343, "totalLiab": 68021484, "commonStock": 150999520, "retainedEarnings": -66046233, "treasuryStock": 3225000, "capitalSurplus": 23689704, "otherStockholderEquity": 3225000, "totalStockholderEquity": 111867991, "netTangibleAssets": 111867991}, {"maxAge": 1, "endDate": "2018-03-31", "cash": 52169, "netReceivables": 20562705, "inventory": 39640, "otherCurrentAssets": 210000, "totalCurrentAssets": 20864514, "longTermInvestments": 4100000, "propertyPlantEquipment": 118379681, "otherAssets": 66722789, "totalAssets": 210066984, "accountsPayable": 17231, "otherCurrentLiab": 587206, "longTermDebt": 82050795, "otherLiab": 5493540, "deferredLongTermLiab": 37848367, "totalCurrentLiabilities": 604437, "totalLiab": 88148772, "commonStock": 150999520, "retainedEarnings": -55996013, "treasuryStock": 3225000, "capitalSurplus": 23689704, "otherStockholderEquity": 3225000, "totalStockholderEquity": 121918211, "netTangibleAssets": 121918211}, {"maxAge": 1, "endDate": "2017-03-31", "cash": 83719, "netReceivables": 20612705, "inventory": 49270, "otherCurrentAssets": 210000, "totalCurrentAssets": 20955694, "longTermInvestments": 4100000, "propertyPlantEquipment": 121723021, "otherAssets": 66722789, "totalAssets": 213501504, "accountsPayable": 17495, "otherCurrentLiab": 674011, "longTermDebt": 82050795, "otherLiab": 5861680, "deferredLongTermLiab": 37848367, "totalCurrentLiabilities": 691506, "totalLiab": 88603981, "commonStock": 150999520, "retainedEarnings": -53016701, "treasuryStock": 3225000, "capitalSurplus": 23689704, "otherStockholderEquity": 3225000, "totalStockholderEquity": 124897523, "netTangibleAssets": 124897523}], "maxAge": 86400}, "financialData": {"maxAge": 86400, "currentPrice": 2.54, "recommendationKey": "none", "grossProfits": 1696000, "financialCurrency": "INR"}}}