{"DPABHUSHAN.NS": {"assetProfile": {"address1": "19, Chandani Chowk", "city": "Ratlam", "zip": "457001", "country": "India", "phone": "91 74 1249 0966", "fax": "91 74 1224 7022", "website": "http://www.dpjewellers.com", "industry": "Luxury Goods", "sector": "Consumer Cyclical", "longBusinessSummary": "D. P. Abhushan Limited engages in the retail of various jewelleries and ornaments in India. The company's portfolio of jewellery collections include bridal, Rajasthani, junagadhi, calcutti, polka, fine pearl, and other antique jewelry items, as well as guroor, paakeezah, sumukh, amaya, meraki, and riwaj collection. It offers jewellery products in gold, diamond, and platinum studded with precious and semi-precious stones, such as rings, earrings, armlet, pendants, gajrahs, nose rings, bracelets, chains, necklaces, and bangles. The company sells jewellery through four retail showrooms located in Ratlam, Indore, Bhopal, and Udaipur. In addition, it generates electricity through windmill. D. P. Abhushan Limited was founded in 1940 and is based in Ratlam, India.", "fullTimeEmployees": 348, "companyOfficers": [{"maxAge": 1, "name": "Mr. Vikas  Kataria", "age": 39, "title": "Chairman & MD", "yearBorn": 1981, "fiscalYear": 2020, "totalPay": 4200000, "exercisedValue": 0, "unexercisedValue": 0}, {"maxAge": 1, "name": "Mr. Amit  Bandi", "age": 43, "title": "Chief Exec. Officer", "yearBorn": 1977, "fiscalYear": 2020, "totalPay": 1821000, "exercisedValue": 0, "unexercisedValue": 0}, {"maxAge": 1, "name": "Mr. Vijesh Kumar Kasera", "age": 44, "title": "Chief Financial Officer", "yearBorn": 1976, "fiscalYear": 2020, "totalPay": 540000, "exercisedValue": 0, "unexercisedValue": 0}, {"maxAge": 1, "name": "Ms. Versha  Gang", "title": "Company Sec. & Compliance Officer", "fiscalYear": 2020, "totalPay": 149640, "exercisedValue": 0, "unexercisedValue": 0}, {"maxAge": 1, "name": "Mr. Santosh Ratanlal Kataria", "age": 42, "title": "Whole Time Director", "yearBorn": 1978, "fiscalYear": 2020, "totalPay": 3000000, "exercisedValue": 0, "unexercisedValue": 0}, {"maxAge": 1, "name": "Mr. Ratan Lal Kataria", "age": 68, "title": "Head of Marketing", "yearBorn": 1952, "exercisedValue": 0, "unexercisedValue": 0}, {"maxAge": 1, "name": "Mr. Anil  Kataria", "age": 50, "title": "Head of Bus. Devel.", "yearBorn": 1970, "exercisedValue": 0, "unexercisedValue": 0}, {"maxAge": 1, "name": "Vimal Kumar Rawal", "age": 50, "title": "Vertical Head", "yearBorn": 1970, "exercisedValue": 0, "unexercisedValue": 0}, {"maxAge": 1, "name": "Shiburanjan  Santra", "age": 49, "title": "IT Head", "yearBorn": 1971, "exercisedValue": 0, "unexercisedValue": 0}], "compensationAsOfEpochDate": "2020-12-31 05:30:00", "maxAge": 86400}, "cashflowStatementHistory": {"cashflowStatements": [{"maxAge": 1, "endDate": "2020-03-31", "netIncome": 164473000, "depreciation": 21207000, "changeToNetincome": 85889000, "changeToAccountReceivables": 3651000, "changeToLiabilities": 251432000, "changeToInventory": -450726000, "totalCashFromOperatingActivities": 78264000, "capitalExpenditures": -20146000, "totalCashflowsFromInvestingActivities": -21857000, "netBorrowings": -16451000, "otherCashflowsFromFinancingActivities": -89527000, "totalCashFromFinancingActivities": -105978000, "changeInCash": -49571000}, {"maxAge": 1, "endDate": "2019-03-31", "netIncome": 117906000, "depreciation": 18326000, "changeToNetincome": 106044000, "changeToAccountReceivables": 36518000, "changeToLiabilities": 460397000, "changeToInventory": -369281000, "totalCashFromOperatingActivities": 372248000, "capitalExpenditures": -26616000, "otherCashflowsFromInvestingActivities": 302000, "totalCashflowsFromInvestingActivities": -26391000, "netBorrowings": -245894000, "otherCashflowsFromFinancingActivities": -96177000, "totalCashFromFinancingActivities": -342071000, "changeInCash": 3786000}, {"maxAge": 1, "endDate": "2018-03-31", "netIncome": 88870902, "depreciation": 14330181, "changeToNetincome": 110468718, "changeToAccountReceivables": -9808363, "changeToLiabilities": 59585450, "changeToInventory": -369065424, "totalCashFromOperatingActivities": -103067991, "capitalExpenditures": -191195984, "otherCashflowsFromInvestingActivities": 922909, "totalCashflowsFromInvestingActivities": -190273075, "netBorrowings": 256722524, "otherCashflowsFromFinancingActivities": -114330536, "totalCashFromFinancingActivities": 323587609, "changeInCash": 30246543, "issuanceOfStock": 181195621}, {"maxAge": 1, "endDate": "2017-03-31", "netIncome": 49045000, "depreciation": 11973000, "changeToNetincome": 117353000, "changeToAccountReceivables": -1235000, "changeToLiabilities": -69098000, "changeToInventory": -44261000, "changeToOperatingActivities": 20827000, "totalCashFromOperatingActivities": 84604000, "capitalExpenditures": -4876000, "otherCashflowsFromInvestingActivities": 16067000, "totalCashflowsFromInvestingActivities": 80064000, "netBorrowings": -35669000, "otherCashflowsFromFinancingActivities": -116668000, "totalCashFromFinancingActivities": -156139000, "changeInCash": 8529000, "repurchaseOfStock": -3802000, "issuanceOfStock": 181195621}], "maxAge": 86400}, "institutionOwnership": {"ownershipList": [], "maxAge": 1}, "majorHoldersBreakdown": {"maxAge": 1}, "balanceSheetHistoryQuarterly": {"balanceSheetStatements": [{"maxAge": 1, "endDate": "2020-12-31"}, {"maxAge": 1, "endDate": "2019-12-31", "totalStockholderEquity": 596238000, "netTangibleAssets": 596143000}, {"maxAge": 1, "endDate": "2019-09-30", "cash": 57023000, "netReceivables": 42218000, "inventory": 2045326000, "otherCurrentAssets": 66594000, "totalCurrentAssets": 2211161000, "propertyPlantEquipment": 265749000, "intangibleAssets": 95000, "otherAssets": 10795000, "totalAssets": 2487800000, "accountsPayable": 440078000, "otherCurrentLiab": 373058000, "longTermDebt": 581877000, "otherLiab": 13349000, "totalCurrentLiabilities": 1296336000, "totalLiab": 1891562000, "commonStock": 222549000, "treasuryStock": 373689000, "otherStockholderEquity": 373689000, "totalStockholderEquity": 596238000, "netTangibleAssets": 596143000}, {"maxAge": 1, "endDate": "2019-06-30", "totalStockholderEquity": 528696000, "netTangibleAssets": 528601000}], "maxAge": 86400}, "indexTrend": {"maxAge": 1, "symbol": "SP5", "peRatio": 19.7411, "pegRatio": 1.34172, "estimates": [{"period": "0q", "growth": 0.549}, {"period": "+1q", "growth": 0.431}, {"period": "0y", "growth": 0.305}, {"period": "+1y", "growth": 0.109}, {"period": "+5y", "growth": 0.120865}, {"period": "-5y"}]}, "defaultKeyStatistics": {"maxAge": 1, "priceHint": 2, "enterpriseValue": 2531401728, "profitMargins": 0.028499998, "floatShares": 2787991, "sharesOutstanding": 22254800, "beta": 0.141151, "category": null, "bookValue": 31.147, "priceToBook": 3.6520371, "fundFamily": null, "legalType": null, "lastFiscalYearEnd": "2020-03-31 05:30:00", "nextFiscalYearEnd": "2022-03-31 05:30:00", "mostRecentQuarter": "2020-12-31 05:30:00", "earningsQuarterlyGrowth": 1.105, "netIncomeToCommon": 245547008, "trailingEps": 11.03, "lastSplitFactor": null, "enterpriseToRevenue": 0.294, "enterpriseToEbitda": 5.715}, "summaryProfile": {"address1": "19, Chandani Chowk", "city": "Ratlam", "zip": "457001", "country": "India", "phone": "91 74 1249 0966", "fax": "91 74 1224 7022", "website": "http://www.dpjewellers.com", "industry": "Luxury Goods", "sector": "Consumer Cyclical", "longBusinessSummary": "D. P. Abhushan Limited engages in the retail of various jewelleries and ornaments in India. The company's portfolio of jewellery collections include bridal, Rajasthani, junagadhi, calcutti, polka, fine pearl, and other antique jewelry items, as well as guroor, paakeezah, sumukh, amaya, meraki, and riwaj collection. It offers jewellery products in gold, diamond, and platinum studded with precious and semi-precious stones, such as rings, earrings, armlet, pendants, gajrahs, nose rings, bracelets, chains, necklaces, and bangles. The company sells jewellery through four retail showrooms located in Ratlam, Indore, Bhopal, and Udaipur. In addition, it generates electricity through windmill. D. P. Abhushan Limited was founded in 1940 and is based in Ratlam, India.", "fullTimeEmployees": 348, "companyOfficers": [], "maxAge": 86400}, "netSharePurchaseActivity": {"maxAge": 1, "period": "6m", "buyInfoCount": 0, "buyInfoShares": 0, "sellInfoCount": 0, "netInfoCount": 0, "netInfoShares": 0, "totalInsiderShares": 0}, "quoteType": {"exchange": "NSI", "quoteType": "EQUITY", "symbol": "DPABHUSHAN.NS", "underlyingSymbol": "DPABHUSHAN.NS", "shortName": "D. P. Abhushan Limited", "longName": "D. P. Abhushan Limited", "firstTradeDateEpochUtc": "2017-10-23 09:15:00", "timeZoneFullName": "Asia/Kolkata", "timeZoneShortName": "IST", "uuid": "2985df80-1d3b-375f-9b7a-cf5411a2a88f", "gmtOffSetMilliseconds": 19800000, "maxAge": 1}, "incomeStatementHistory": {"incomeStatementHistory": [{"maxAge": 1, "endDate": "2020-03-31", "totalRevenue": 8086484000, "costOfRevenue": 7446592000, "grossProfit": 639892000, "researchDevelopment": {}, "sellingGeneralAdministrative": 174552000, "nonRecurring": {}, "otherOperatingExpenses": 137220000, "totalOperatingExpenses": 7779571000, "operatingIncome": 306913000, "totalOtherIncomeExpenseNet": -86579000, "ebit": 306913000, "interestExpense": -81840000, "incomeBeforeTax": 220334000, "incomeTaxExpense": 55861000, "minorityInterest": {}, "netIncomeFromContinuingOps": 164473000, "discontinuedOperations": {}, "extraordinaryItems": {}, "effectOfAccountingCharges": {}, "otherItems": {}, "netIncome": 164473000, "netIncomeApplicableToCommonShares": 164473000}, {"maxAge": 1, "endDate": "2019-03-31", "totalRevenue": 8121323000, "costOfRevenue": 7547595000, "grossProfit": 573728000, "researchDevelopment": {}, "sellingGeneralAdministrative": 147807000, "nonRecurring": {}, "otherOperatingExpenses": 146166000, "totalOperatingExpenses": 7859894000, "operatingIncome": 261429000, "totalOtherIncomeExpenseNet": -96895000, "ebit": 261429000, "interestExpense": -89755000, "incomeBeforeTax": 164534000, "incomeTaxExpense": 46628000, "minorityInterest": {}, "netIncomeFromContinuingOps": 117906000, "discontinuedOperations": {}, "extraordinaryItems": {}, "effectOfAccountingCharges": {}, "otherItems": {}, "netIncome": 117906000, "netIncomeApplicableToCommonShares": 117906000}, {"maxAge": 1, "endDate": "2018-03-31", "totalRevenue": 7198034673, "costOfRevenue": 6687173988, "grossProfit": 510860685, "researchDevelopment": {}, "sellingGeneralAdministrative": 148262169, "nonRecurring": {}, "otherOperatingExpenses": 122757808, "totalOperatingExpenses": 6972524146, "operatingIncome": 225510527, "totalOtherIncomeExpenseNet": -102810537, "ebit": 225510527, "interestExpense": -89398902, "incomeBeforeTax": 122699990, "incomeTaxExpense": 33829088, "minorityInterest": {}, "netIncomeFromContinuingOps": 88870902, "discontinuedOperations": {}, "extraordinaryItems": {}, "effectOfAccountingCharges": {}, "otherItems": {}, "netIncome": 88870902, "netIncomeApplicableToCommonShares": 88870902}, {"maxAge": 1, "endDate": "2017-03-31", "totalRevenue": 4510178000, "costOfRevenue": 4209193000, "grossProfit": 300985000, "researchDevelopment": {}, "sellingGeneralAdministrative": 123293000, "nonRecurring": {}, "otherOperatingExpenses": 122757808, "totalOperatingExpenses": 4344459000, "operatingIncome": 165719000, "totalOtherIncomeExpenseNet": -89744000, "ebit": 165719000, "interestExpense": -116668000, "incomeBeforeTax": 75975000, "incomeTaxExpense": 26930000, "minorityInterest": {}, "netIncomeFromContinuingOps": 49045000, "discontinuedOperations": {}, "extraordinaryItems": {}, "effectOfAccountingCharges": {}, "otherItems": {}, "netIncome": 49045000, "netIncomeApplicableToCommonShares": 49045000}], "maxAge": 86400}, "fundOwnership": {"ownershipList": [], "maxAge": 1}, "summaryDetail": {"maxAge": 1, "priceHint": 2, "previousClose": 115.1, "open": 115.8, "dayLow": 112.05, "dayHigh": 116.95, "regularMarketPreviousClose": 115.1, "regularMarketOpen": 115.8, "regularMarketDayLow": 112.05, "regularMarketDayHigh": 116.95, "payoutRatio": 0.0, "beta": 0.141151, "trailingPE": 10.312783, "volume": 1429, "regularMarketVolume": 1429, "averageVolume": 0, "averageVolume10days": 0, "averageDailyVolume10Day": 0, "bid": 0.0, "ask": 0.0, "marketCap": 2531483392, "fiftyTwoWeekLow": 47.05, "fiftyTwoWeekHigh": 134.95, "priceToSalesTrailing12Months": 0.293829, "fiftyDayAverage": 131.0, "twoHundredDayAverage": 123.32914, "currency": "INR", "fromCurrency": null, "lastMarket": null, "algorithm": null, "tradeable": false}, "incomeStatementHistoryQuarterly": {"incomeStatementHistory": [{"maxAge": 1, "endDate": "2020-12-31", "totalRevenue": 4142792000, "costOfRevenue": 3863384000, "grossProfit": 279408000, "researchDevelopment": {}, "sellingGeneralAdministrative": 35897000, "nonRecurring": {}, "otherOperatingExpenses": 87955000, "totalOperatingExpenses": 3995797000, "operatingIncome": 146995000, "totalOtherIncomeExpenseNet": -29478000, "ebit": 146995000, "interestExpense": -29636000, "incomeBeforeTax": 117517000, "incomeTaxExpense": 30281000, "minorityInterest": {}, "netIncomeFromContinuingOps": 87236000, "discontinuedOperations": {}, "extraordinaryItems": {}, "effectOfAccountingCharges": {}, "otherItems": {}, "netIncome": 87236000, "netIncomeApplicableToCommonShares": 87236000}, {"maxAge": 1, "endDate": "2019-12-31", "totalRevenue": 2361426000, "costOfRevenue": 2169511000, "grossProfit": 191915000, "researchDevelopment": {}, "sellingGeneralAdministrative": 28771000, "nonRecurring": {}, "otherOperatingExpenses": 75832000, "totalOperatingExpenses": 2284026000, "operatingIncome": 77400000, "totalOtherIncomeExpenseNet": -21081000, "ebit": 77400000, "interestExpense": -21145000, "incomeBeforeTax": 56319000, "incomeTaxExpense": 14880000, "minorityInterest": {}, "netIncomeFromContinuingOps": 41439000, "discontinuedOperations": {}, "extraordinaryItems": {}, "effectOfAccountingCharges": {}, "otherItems": {}, "netIncome": 41439000, "netIncomeApplicableToCommonShares": 41439000}, {"maxAge": 1, "endDate": "2019-09-30", "totalRevenue": 3389462000, "costOfRevenue": 3108973000, "grossProfit": 280489000, "researchDevelopment": {}, "sellingGeneralAdministrative": 55654000, "nonRecurring": {}, "otherOperatingExpenses": 82904000, "totalOperatingExpenses": 3255694000, "operatingIncome": 133768000, "totalOtherIncomeExpenseNet": -43980000, "ebit": 133768000, "interestExpense": -43987000, "incomeBeforeTax": 89788000, "incomeTaxExpense": 22246000, "minorityInterest": {}, "netIncomeFromContinuingOps": 67542000, "discontinuedOperations": {}, "extraordinaryItems": {}, "effectOfAccountingCharges": {}, "otherItems": {}, "netIncome": 67542000, "netIncomeApplicableToCommonShares": 67542000}, {"maxAge": 1, "endDate": "2019-06-30", "totalRevenue": 1694731000, "costOfRevenue": 1554486500, "grossProfit": 140244500, "researchDevelopment": {}, "sellingGeneralAdministrative": 27827000, "nonRecurring": {}, "otherOperatingExpenses": 41452000, "totalOperatingExpenses": 1627847000, "operatingIncome": 66884000, "totalOtherIncomeExpenseNet": -21990000, "ebit": 66884000, "interestExpense": -21993500, "incomeBeforeTax": 44894000, "incomeTaxExpense": 11123000, "minorityInterest": {}, "netIncomeFromContinuingOps": 33771000, "discontinuedOperations": {}, "extraordinaryItems": {}, "effectOfAccountingCharges": {}, "otherItems": {}, "netIncome": 33771000, "netIncomeApplicableToCommonShares": 33771000}], "maxAge": 86400}, "cashflowStatementHistoryQuarterly": {"cashflowStatements": [{"maxAge": 1, "endDate": "2020-12-31", "netIncome": 87236000, "changeToLiabilities": 0}, {"maxAge": 1, "endDate": "2019-12-31", "netIncome": 41439000, "changeToLiabilities": 0}, {"maxAge": 1, "endDate": "2019-09-30", "netIncome": 67542000, "depreciation": 4081500, "changeToNetincome": 10914500, "changeToAccountReceivables": -7170500, "changeToLiabilities": -34280000, "changeToInventory": -98524000, "changeToOperatingActivities": 54160000, "totalCashFromOperatingActivities": -36463000, "capitalExpenditures": -2333500, "otherCashflowsFromInvestingActivities": 3500, "totalCashflowsFromInvestingActivities": -2330000, "netBorrowings": 53356000, "otherCashflowsFromFinancingActivities": -22198500, "totalCashFromFinancingActivities": 31157500, "changeInCash": -7635500}, {"maxAge": 1, "endDate": "2019-06-30", "netIncome": 33771000, "depreciation": 4081500, "changeToNetincome": 10914500, "changeToAccountReceivables": -7170500, "changeToLiabilities": -34280000, "changeToInventory": -98524000, "changeToOperatingActivities": 54160000, "totalCashFromOperatingActivities": -36463000, "capitalExpenditures": -2333500, "otherCashflowsFromInvestingActivities": 3500, "totalCashflowsFromInvestingActivities": -2330000, "netBorrowings": 53356000, "otherCashflowsFromFinancingActivities": -22198500, "totalCashFromFinancingActivities": 31157500, "changeInCash": -7635500}], "maxAge": 86400}, "insiderHolders": {"holders": [], "maxAge": 1}, "calendarEvents": {"maxAge": 1, "earnings": {"earningsDate": []}}, "upgradeDowngradeHistory": {"history": [], "maxAge": 86400}, "price": {"maxAge": 1, "regularMarketChangePercent": -0.011728918, "regularMarketChange": -1.3499985, "regularMarketTime": "2021-04-30 15:27:37", "priceHint": 2, "regularMarketPrice": 113.75, "regularMarketDayHigh": 116.95, "regularMarketDayLow": 112.05, "regularMarketVolume": 1429, "averageDailyVolume10Day": 0, "averageDailyVolume3Month": 0, "regularMarketPreviousClose": 115.1, "regularMarketSource": "FREE_REALTIME", "regularMarketOpen": 115.8, "exchange": "NSI", "exchangeName": "NSE", "exchangeDataDelayedBy": 15, "marketState": "CLOSED", "quoteType": "EQUITY", "symbol": "DPABHUSHAN.NS", "underlyingSymbol": null, "shortName": "D. P. Abhushan Limited", "longName": "D. P. Abhushan Limited", "currency": "INR", "quoteSourceName": "Delayed Quote", "currencySymbol": "\u20b9", "fromCurrency": null, "lastMarket": null, "marketCap": 2531483392}, "balanceSheetHistory": {"balanceSheetStatements": [{"maxAge": 1, "endDate": "2020-03-31", "cash": 22723000, "netReceivables": 14371000, "inventory": 2299003000, "otherCurrentAssets": 91249000, "totalCurrentAssets": 2431340000, "propertyPlantEquipment": 268194000, "intangibleAssets": 84000, "otherAssets": 12097000, "totalAssets": 2711715000, "accountsPayable": 575259000, "shortLongTermDebt": 16819000, "otherCurrentLiab": 431893000, "longTermDebt": 626577000, "otherLiab": 14770000, "totalCurrentLiabilities": 1377200000, "totalLiab": 2018547000, "commonStock": 222549000, "retainedEarnings": 363843000, "capitalSurplus": 106776000, "totalStockholderEquity": 693168000, "netTangibleAssets": 693084000}, {"maxAge": 1, "endDate": "2019-03-31", "cash": 72294000, "netReceivables": 41277000, "inventory": 1848277000, "otherCurrentAssets": 56400000, "totalCurrentAssets": 2020504000, "propertyPlantEquipment": 269245000, "intangibleAssets": 95000, "otherAssets": 10387000, "totalAssets": 2300231000, "accountsPayable": 502952000, "shortLongTermDebt": 17579000, "otherCurrentLiab": 242407000, "longTermDebt": 475165000, "otherLiab": 11191000, "totalCurrentLiabilities": 1285179000, "totalLiab": 1771535000, "commonStock": 222549000, "retainedEarnings": 199371000, "capitalSurplus": 106776000, "totalStockholderEquity": 528696000, "netTangibleAssets": 528601000}, {"maxAge": 1, "endDate": "2018-03-31", "cash": 68508000, "netReceivables": 50561000, "inventory": 1478996000, "otherCurrentAssets": 77356000, "totalCurrentAssets": 1676641000, "propertyPlantEquipment": 260954000, "intangibleAssets": 115000, "otherAssets": 10308000, "totalAssets": 1948018000, "accountsPayable": 149202000, "shortLongTermDebt": 29526000, "otherCurrentLiab": 105945000, "longTermDebt": 745819000, "otherLiab": 9683000, "totalCurrentLiabilities": 781726000, "totalLiab": 1537228000, "commonStock": 222549000, "retainedEarnings": 81465000, "capitalSurplus": 106776000, "totalStockholderEquity": 410790000, "netTangibleAssets": 410675000}, {"maxAge": 1, "endDate": "2017-03-31", "cash": 22655000, "netReceivables": 10718000, "inventory": 1086114000, "otherCurrentAssets": 48213000, "totalCurrentAssets": 1169082000, "propertyPlantEquipment": 190563000, "intangibleAssets": 658000, "otherAssets": 24195000, "totalAssets": 1384498000, "accountsPayable": 51927000, "shortLongTermDebt": 21968000, "otherCurrentLiab": 112873000, "longTermDebt": 626031000, "otherLiab": 33785000, "totalCurrentLiabilities": 510119000, "totalLiab": 1169935000, "commonStock": 214563000, "totalStockholderEquity": 214563000, "netTangibleAssets": 213905000}], "maxAge": 86400}, "financialData": {"maxAge": 86400, "currentPrice": 113.75, "recommendationKey": "none", "ebitda": 442925760, "totalRevenue": 8615498752, "revenuePerShare": 387.027, "grossProfits": 639892000, "earningsGrowth": 1.108, "revenueGrowth": 0.754, "grossMargins": 0.08642, "ebitdaMargins": 0.051409997, "operatingMargins": 0.048520003, "profitMargins": 0.028499998, "financialCurrency": "INR"}}}