{"DPSCLTD.NS": {"assetProfile": {"address1": "Plot X1- 2&3", "address2": "Block-EP Sector - V Salt Lake City", "city": "Kolkata", "zip": "700091", "country": "India", "phone": "91 33 6609 4300", "fax": "91 33 2357 2452", "website": "http://www.indiapower.com", "industry": "Utilities\u2014Regulated Electric", "sector": "Utilities", "longBusinessSummary": "India Power Corporation Limited, together with its subsidiaries, generates and distributes electricity in India. The company operates 35.2 MW of wind assets in Gujarat and Karnataka; 2 MW of solar asset in West Bengal; and coal fired thermal power plants of 12 MW in Asansol, West Bengal, as well as 1000 MW in Nellore, Andhra Pradesh. It also has a distribution license of approximately 618 square kilometers in Asansol\u00c2\u0096Raniganj area of West Bengal. In addition, the company offers consultancy, operation, and maintenance services. It serves government utilities and hospitals, as well as industrial, commercial, and residential consumers. The company was formerly known as DPSC Limited and changed its name to India Power Corporation Limited in August 2013. India Power Corporation Limited was founded in 1919 and is headquartered in Kolkata, India.", "fullTimeEmployees": 483, "companyOfficers": [{"maxAge": 1, "name": "Mr. Sanjeev  Seth", "age": 54, "title": "Chief Exec. Officer", "yearBorn": 1966, "fiscalYear": 2020, "totalPay": 9733000, "exercisedValue": 0, "unexercisedValue": 0}, {"maxAge": 1, "name": "Mr. Somesh  Dasgupta", "age": 60, "title": "Grp.Pres, CCRO and Head of Corp.Affairs, Grp.Admn, Corp.Communication, PR & Whole-Time Director", "yearBorn": 1960, "exercisedValue": 0, "unexercisedValue": 0}, {"maxAge": 1, "name": "Mr. Amit  Poddar", "age": 43, "title": "Chief Financial Officer", "yearBorn": 1977, "fiscalYear": 2020, "totalPay": 4077000, "exercisedValue": 0, "unexercisedValue": 0}, {"maxAge": 1, "name": "Mr. Raghav Raj Kanoria", "age": 30, "title": "MD & Additional Director", "yearBorn": 1990, "fiscalYear": 2020, "totalPay": 15552000, "exercisedValue": 0, "unexercisedValue": 0}, {"maxAge": 1, "name": "Mr. Prashant Kumar Choudhary", "age": 50, "title": "Pres of Bus. Devel. & Strategy", "yearBorn": 1970, "exercisedValue": 0, "unexercisedValue": 0}, {"maxAge": 1, "name": "Mr. Prakash Chandra Panda", "age": 51, "title": "Sr. VP of Human Resource", "yearBorn": 1969, "exercisedValue": 0, "unexercisedValue": 0}, {"maxAge": 1, "name": "Mr. Prashant  Kapoor", "age": 48, "title": "Sr. VP, Company Sec. & Group Head", "yearBorn": 1972, "fiscalYear": 2020, "totalPay": 4106000, "exercisedValue": 0, "unexercisedValue": 0}, {"maxAge": 1, "name": "Mr. Gautam  Das", "age": 49, "title": "VP of Renewable Bus.", "yearBorn": 1971, "exercisedValue": 0, "unexercisedValue": 0}, {"maxAge": 1, "name": "Mr. Argha  Ghosh", "age": 53, "title": "VP of Risk & Audit", "yearBorn": 1967, "exercisedValue": 0, "unexercisedValue": 0}, {"maxAge": 1, "name": "Santanu  Roy", "age": 41, "title": "VP of Legal", "yearBorn": 1979, "fiscalYear": 2018, "exercisedValue": 0, "unexercisedValue": 0}], "compensationAsOfEpochDate": "2020-12-31 05:30:00", "maxAge": 86400}, "cashflowStatementHistory": {"cashflowStatements": [{"maxAge": 1, "endDate": "2020-03-31", "netIncome": 132426000, "depreciation": 287179000, "changeToNetincome": 192613000, "changeToAccountReceivables": -128650000, "changeToLiabilities": 440336000, "changeToInventory": 20215000, "changeToOperatingActivities": -27956000, "totalCashFromOperatingActivities": 920011000, "capitalExpenditures": -258131000, "investments": 49181000, "otherCashflowsFromInvestingActivities": 191547000, "totalCashflowsFromInvestingActivities": -16862000, "dividendsPaid": -22884000, "netBorrowings": -34405000, "otherCashflowsFromFinancingActivities": -454166000, "totalCashFromFinancingActivities": -511455000, "changeInCash": 391270000}, {"maxAge": 1, "endDate": "2019-03-31", "netIncome": 162299000, "depreciation": 158074000, "changeToNetincome": 103896000, "changeToAccountReceivables": 457402000, "changeToLiabilities": 844384000, "changeToInventory": 29012000, "changeToOperatingActivities": 389022000, "totalCashFromOperatingActivities": 2147303000, "capitalExpenditures": -555373000, "investments": 2955101000, "otherCashflowsFromInvestingActivities": 45926000, "totalCashflowsFromInvestingActivities": 2431151000, "dividendsPaid": -27587000, "netBorrowings": -3578976000, "otherCashflowsFromFinancingActivities": -1078902000, "totalCashFromFinancingActivities": -4685465000, "changeInCash": -213906000}, {"maxAge": 1, "endDate": "2018-03-31", "netIncome": 198425000, "depreciation": 925698000, "changeToNetincome": 160773000, "changeToAccountReceivables": -487701000, "changeToLiabilities": -63061000, "changeToInventory": 96530000, "changeToOperatingActivities": 217224000, "totalCashFromOperatingActivities": 1054194000, "capitalExpenditures": -8915401000, "investments": 7021793000, "otherCashflowsFromInvestingActivities": 938898000, "totalCashflowsFromInvestingActivities": -1102329000, "dividendsPaid": -18536000, "netBorrowings": 982936000, "otherCashflowsFromFinancingActivities": -1265385000, "totalCashFromFinancingActivities": -300985000, "changeInCash": -349120000}, {"maxAge": 1, "endDate": "2017-03-31", "netIncome": 1751373000, "depreciation": 568294000, "changeToNetincome": -1654650000, "changeToAccountReceivables": -511101000, "changeToLiabilities": 978148000, "changeToInventory": -505276000, "changeToOperatingActivities": 437406000, "totalCashFromOperatingActivities": 1080346000, "capitalExpenditures": -2918914000, "investments": -9507464000, "otherCashflowsFromInvestingActivities": -824105000, "totalCashflowsFromInvestingActivities": -10677420000, "dividendsPaid": -16577000, "netBorrowings": -2590243000, "otherCashflowsFromFinancingActivities": -2007316000, "totalCashFromFinancingActivities": -4614136000, "changeInCash": 154678000}], "maxAge": 86400}, "institutionOwnership": {"ownershipList": [], "maxAge": 1}, "majorHoldersBreakdown": {"maxAge": 1}, "balanceSheetHistoryQuarterly": {"balanceSheetStatements": [{"maxAge": 1, "endDate": "2020-12-31", "totalStockholderEquity": 16203663000, "netTangibleAssets": 16186902000}, {"maxAge": 1, "endDate": "2020-09-30", "cash": 217773000, "shortTermInvestments": 2555538000, "netReceivables": 1779902000, "inventory": 72843000, "otherCurrentAssets": 137775000, "totalCurrentAssets": 4763831000, "longTermInvestments": 9276452000, "propertyPlantEquipment": 9711850000, "intangibleAssets": 16761000, "otherAssets": 1633666000, "totalAssets": 25402560000, "accountsPayable": 1373250000, "otherCurrentLiab": 2052572000, "longTermDebt": 794615000, "otherLiab": 3349843000, "deferredLongTermLiab": 1623749000, "totalCurrentLiabilities": 4982906000, "totalLiab": 9198897000, "commonStock": 973790000, "treasuryStock": 15229873000, "otherStockholderEquity": 15229873000, "totalStockholderEquity": 16203663000, "netTangibleAssets": 16186902000}, {"maxAge": 1, "endDate": "2020-06-30", "totalStockholderEquity": 16174780000, "netTangibleAssets": 16156061000}, {"maxAge": 1, "endDate": "2020-03-31", "cash": 560764000, "shortTermInvestments": 2440475000, "netReceivables": 1740528000, "inventory": 72787000, "otherCurrentAssets": 64608000, "totalCurrentAssets": 4879162000, "longTermInvestments": 9291168000, "propertyPlantEquipment": 9834502000, "intangibleAssets": 18719000, "otherAssets": 1631681000, "totalAssets": 25655232000, "accountsPayable": 991874000, "otherCurrentLiab": 1776310000, "longTermDebt": 1270951000, "otherLiab": 3397917000, "deferredLongTermLiab": 1599361000, "totalCurrentLiabilities": 4681873000, "totalLiab": 9480452000, "commonStock": 973790000, "treasuryStock": 15200990000, "otherStockholderEquity": 15200990000, "totalStockholderEquity": 16174780000, "netTangibleAssets": 16156061000}], "maxAge": 86400}, "indexTrend": {"maxAge": 1, "symbol": "SP5", "peRatio": 19.7411, "pegRatio": 1.34172, "estimates": [{"period": "0q", "growth": 0.549}, {"period": "+1q", "growth": 0.431}, {"period": "0y", "growth": 0.305}, {"period": "+1y", "growth": 0.109}, {"period": "+5y", "growth": 0.120865}, {"period": "-5y"}]}, "defaultKeyStatistics": {"maxAge": 1, "priceHint": 2, "enterpriseValue": 11341937664, "profitMargins": 0.05059, "floatShares": 22825629, "sharesOutstanding": 973790016, "beta": 0.573777, "category": null, "bookValue": 16.61, "priceToBook": 0.73449725, "fundFamily": null, "legalType": null, "lastFiscalYearEnd": "2020-03-31 05:30:00", "nextFiscalYearEnd": "2022-03-31 05:30:00", "mostRecentQuarter": "2020-12-31 05:30:00", "earningsQuarterlyGrowth": 2.541, "netIncomeToCommon": 246718000, "trailingEps": 0.136, "lastSplitFactor": "23:1", "lastSplitDate": "2011-12-15 05:30:00", "enterpriseToRevenue": 2.326, "enterpriseToEbitda": 17.025}, "summaryProfile": {"address1": "Plot X1- 2&3", "address2": "Block-EP Sector - V Salt Lake City", "city": "Kolkata", "zip": "700091", "country": "India", "phone": "91 33 6609 4300", "fax": "91 33 2357 2452", "website": "http://www.indiapower.com", "industry": "Utilities\u2014Regulated Electric", "sector": "Utilities", "longBusinessSummary": "India Power Corporation Limited, together with its subsidiaries, generates and distributes electricity in India. The company operates 35.2 MW of wind assets in Gujarat and Karnataka; 2 MW of solar asset in West Bengal; and coal fired thermal power plants of 12 MW in Asansol, West Bengal, as well as 1000 MW in Nellore, Andhra Pradesh. It also has a distribution license of approximately 618 square kilometers in Asansol\u00c2\u0096Raniganj area of West Bengal. In addition, the company offers consultancy, operation, and maintenance services. It serves government utilities and hospitals, as well as industrial, commercial, and residential consumers. The company was formerly known as DPSC Limited and changed its name to India Power Corporation Limited in August 2013. India Power Corporation Limited was founded in 1919 and is headquartered in Kolkata, India.", "fullTimeEmployees": 483, "companyOfficers": [], "maxAge": 86400}, "netSharePurchaseActivity": {"maxAge": 1, "period": "6m", "buyInfoCount": 0, "buyInfoShares": 0, "sellInfoCount": 0, "netInfoCount": 0, "netInfoShares": 0, "totalInsiderShares": 0}, "quoteType": {"exchange": "NSI", "quoteType": "EQUITY", "symbol": "DPSCLTD.NS", "underlyingSymbol": "DPSCLTD.NS", "shortName": "DPSC LIMITED", "longName": "India Power Corporation Limited", "firstTradeDateEpochUtc": "2008-04-21 09:15:00", "timeZoneFullName": "Asia/Kolkata", "timeZoneShortName": "IST", "uuid": "e8d0c599-44f2-36cb-8533-f4cfa228bd5c", "gmtOffSetMilliseconds": 19800000, "maxAge": 1}, "incomeStatementHistory": {"incomeStatementHistory": [{"maxAge": 1, "endDate": "2020-03-31", "totalRevenue": 4811148000, "costOfRevenue": 3384470000, "grossProfit": 1426678000, "researchDevelopment": {}, "sellingGeneralAdministrative": 595789000, "nonRecurring": {}, "otherOperatingExpenses": 319610000, "totalOperatingExpenses": 4590896000, "operatingIncome": 220252000, "totalOtherIncomeExpenseNet": 32404000, "ebit": 220252000, "interestExpense": -438317000, "incomeBeforeTax": 252656000, "incomeTaxExpense": 117507000, "minorityInterest": {}, "netIncomeFromContinuingOps": 135149000, "discontinuedOperations": -2723000, "extraordinaryItems": {}, "effectOfAccountingCharges": {}, "otherItems": {}, "netIncome": 132426000, "netIncomeApplicableToCommonShares": 132426000}, {"maxAge": 1, "endDate": "2019-03-31", "totalRevenue": 5259997000, "costOfRevenue": 3361405000, "grossProfit": 1898592000, "researchDevelopment": {}, "sellingGeneralAdministrative": 823346000, "nonRecurring": {}, "otherOperatingExpenses": 321007000, "totalOperatingExpenses": 4667046000, "operatingIncome": 592951000, "totalOtherIncomeExpenseNet": -239523000, "ebit": 592951000, "interestExpense": -875249000, "incomeBeforeTax": 353428000, "incomeTaxExpense": 69242000, "minorityInterest": {}, "netIncomeFromContinuingOps": 284186000, "discontinuedOperations": -121887000, "extraordinaryItems": {}, "effectOfAccountingCharges": {}, "otherItems": {}, "netIncome": 162299000, "netIncomeApplicableToCommonShares": 162299000}, {"maxAge": 1, "endDate": "2018-03-31", "totalRevenue": 7362452000, "costOfRevenue": 4352357000, "grossProfit": 3010095000, "researchDevelopment": {}, "sellingGeneralAdministrative": 1059843000, "nonRecurring": {}, "otherOperatingExpenses": 294686000, "totalOperatingExpenses": 6638890000, "operatingIncome": 723562000, "totalOtherIncomeExpenseNet": -259478000, "ebit": 723562000, "interestExpense": -1982265000, "incomeBeforeTax": 464084000, "incomeTaxExpense": 139144000, "minorityInterest": 2012439000, "netIncomeFromContinuingOps": 324940000, "discontinuedOperations": -124085000, "extraordinaryItems": {}, "effectOfAccountingCharges": {}, "otherItems": {}, "netIncome": 198425000, "netIncomeApplicableToCommonShares": 198425000}, {"maxAge": 1, "endDate": "2017-03-31", "totalRevenue": 8328229000, "costOfRevenue": 5628214000, "grossProfit": 2700015000, "researchDevelopment": {}, "sellingGeneralAdministrative": 1007147000, "nonRecurring": {}, "otherOperatingExpenses": 869717000, "totalOperatingExpenses": 8086615000, "operatingIncome": 241614000, "totalOtherIncomeExpenseNet": 1811224000, "ebit": 241614000, "interestExpense": -1263389000, "incomeBeforeTax": 2052838000, "incomeTaxExpense": 232174000, "minorityInterest": 2012622000, "netIncomeFromContinuingOps": 1820664000, "discontinuedOperations": -124085000, "extraordinaryItems": {}, "effectOfAccountingCharges": {}, "otherItems": {}, "netIncome": 1751373000, "netIncomeApplicableToCommonShares": 1751373000}], "maxAge": 86400}, "fundOwnership": {"ownershipList": [], "maxAge": 1}, "summaryDetail": {"maxAge": 1, "priceHint": 2, "previousClose": 12.2, "open": 12.45, "dayLow": 12.15, "dayHigh": 12.55, "regularMarketPreviousClose": 12.2, "regularMarketOpen": 12.45, "regularMarketDayLow": 12.15, "regularMarketDayHigh": 12.55, "dividendRate": 0.05, "dividendYield": 0.0041, "exDividendDate": "2020-09-22 05:30:00", "payoutRatio": 0.4678, "fiveYearAvgDividendYield": 0.33, "beta": 0.573777, "trailingPE": 89.70588, "volume": 9374, "regularMarketVolume": 9374, "averageVolume": 114586, "averageVolume10days": 32337, "averageDailyVolume10Day": 32337, "bid": 0.0, "ask": 0.0, "bidSize": 0, "askSize": 0, "marketCap": 11880238080, "fiftyTwoWeekLow": 6.55, "fiftyTwoWeekHigh": 17.8, "priceToSalesTrailing12Months": 2.4362948, "fiftyDayAverage": 12.893939, "twoHundredDayAverage": 12.733214, "trailingAnnualDividendRate": 0.05, "trailingAnnualDividendYield": 0.004098361, "currency": "INR", "fromCurrency": null, "lastMarket": null, "algorithm": null, "tradeable": false}, "incomeStatementHistoryQuarterly": {"incomeStatementHistory": [{"maxAge": 1, "endDate": "2020-12-31", "totalRevenue": 1409265000, "costOfRevenue": 954919000, "grossProfit": 454346000, "researchDevelopment": {}, "sellingGeneralAdministrative": 150795000, "nonRecurring": {}, "otherOperatingExpenses": 75535000, "totalOperatingExpenses": 1256705000, "operatingIncome": 152560000, "totalOtherIncomeExpenseNet": -101162000, "ebit": 152560000, "interestExpense": -91469000, "incomeBeforeTax": 51398000, "incomeTaxExpense": -113317000, "minorityInterest": {}, "netIncomeFromContinuingOps": 164715000, "discontinuedOperations": {}, "extraordinaryItems": {}, "effectOfAccountingCharges": {}, "otherItems": {}, "netIncome": 164715000, "netIncomeApplicableToCommonShares": 164715000}, {"maxAge": 1, "endDate": "2020-09-30", "totalRevenue": 1280446000, "costOfRevenue": 878713000, "grossProfit": 401733000, "researchDevelopment": {}, "sellingGeneralAdministrative": 129131000, "nonRecurring": {}, "otherOperatingExpenses": 67237000, "totalOperatingExpenses": 1150120000, "operatingIncome": 130326000, "totalOtherIncomeExpenseNet": -74545000, "ebit": 130326000, "interestExpense": -93197000, "incomeBeforeTax": 55781000, "incomeTaxExpense": 21037000, "minorityInterest": {}, "netIncomeFromContinuingOps": 34744000, "discontinuedOperations": {}, "extraordinaryItems": {}, "effectOfAccountingCharges": {}, "otherItems": {}, "netIncome": 34744000, "netIncomeApplicableToCommonShares": 34744000}, {"maxAge": 1, "endDate": "2020-06-30", "totalRevenue": 905783000, "costOfRevenue": 483143000, "grossProfit": 422640000, "researchDevelopment": {}, "sellingGeneralAdministrative": 153280000, "nonRecurring": {}, "otherOperatingExpenses": 56770000, "totalOperatingExpenses": 769097000, "operatingIncome": 136686000, "totalOtherIncomeExpenseNet": -99801000, "ebit": 136686000, "interestExpense": -114588000, "incomeBeforeTax": 36885000, "incomeTaxExpense": 14624000, "minorityInterest": {}, "netIncomeFromContinuingOps": 22261000, "discontinuedOperations": {}, "extraordinaryItems": {}, "effectOfAccountingCharges": {}, "otherItems": {}, "netIncome": 22261000, "netIncomeApplicableToCommonShares": 22261000}, {"maxAge": 1, "endDate": "2020-03-31", "totalRevenue": 1280861000, "costOfRevenue": 837396000, "grossProfit": 443465000, "researchDevelopment": {}, "sellingGeneralAdministrative": 140132000, "nonRecurring": {}, "otherOperatingExpenses": 115535000, "totalOperatingExpenses": 1210844000, "operatingIncome": 70017000, "totalOtherIncomeExpenseNet": -10011000, "ebit": 70017000, "interestExpense": -106162000, "incomeBeforeTax": 60006000, "incomeTaxExpense": 35008000, "minorityInterest": {}, "netIncomeFromContinuingOps": 24998000, "discontinuedOperations": {}, "extraordinaryItems": {}, "effectOfAccountingCharges": {}, "otherItems": {}, "netIncome": 24998000, "netIncomeApplicableToCommonShares": 24998000}], "maxAge": 86400}, "cashflowStatementHistoryQuarterly": {"cashflowStatements": [{"maxAge": 1, "endDate": "2020-12-31", "netIncome": 164715000, "changeToLiabilities": 0}, {"maxAge": 1, "endDate": "2020-09-30", "netIncome": 34744000, "changeToLiabilities": 0}, {"maxAge": 1, "endDate": "2020-06-30", "netIncome": 22261000, "changeToLiabilities": 0}, {"maxAge": 1, "endDate": "2020-03-31", "netIncome": 24998000, "changeToLiabilities": 0}], "maxAge": 86400}, "insiderHolders": {"holders": [], "maxAge": 1}, "calendarEvents": {"maxAge": 1, "earnings": {"earningsDate": ["2020-08-14 05:30:S"]}, "exDividendDate": "2020-09-22 05:30:00"}, "upgradeDowngradeHistory": {"history": [], "maxAge": 86400}, "price": {"maxAge": 1, "regularMarketChangePercent": 0.0, "regularMarketChange": 0.0, "regularMarketTime": "2021-04-30 15:28:24", "priceHint": 2, "regularMarketPrice": 12.2, "regularMarketDayHigh": 12.55, "regularMarketDayLow": 12.15, "regularMarketVolume": 9374, "averageDailyVolume10Day": 32337, "averageDailyVolume3Month": 114586, "regularMarketPreviousClose": 12.2, "regularMarketSource": "FREE_REALTIME", "regularMarketOpen": 12.45, "exchange": "NSI", "exchangeName": "NSE", "exchangeDataDelayedBy": 15, "marketState": "CLOSED", "quoteType": "EQUITY", "symbol": "DPSCLTD.NS", "underlyingSymbol": null, "shortName": "DPSC LIMITED", "longName": "India Power Corporation Limited", "currency": "INR", "quoteSourceName": "Delayed Quote", "currencySymbol": "\u20b9", "fromCurrency": null, "lastMarket": null, "marketCap": 11880238080}, "balanceSheetHistory": {"balanceSheetStatements": [{"maxAge": 1, "endDate": "2020-03-31", "cash": 448284000, "shortTermInvestments": 33681000, "netReceivables": 4172007000, "inventory": 72787000, "otherCurrentAssets": 127731000, "totalCurrentAssets": 4879162000, "longTermInvestments": 998547000, "propertyPlantEquipment": 9834502000, "intangibleAssets": 18719000, "otherAssets": 9924302000, "totalAssets": 25655232000, "accountsPayable": 991874000, "shortLongTermDebt": 469497000, "otherCurrentLiab": 736303000, "longTermDebt": 1270951000, "otherLiab": 3397917000, "deferredLongTermLiab": 1599361000, "totalCurrentLiabilities": 4681873000, "totalLiab": 9480452000, "commonStock": 973790000, "retainedEarnings": 9777647000, "treasuryStock": 5423343000, "otherStockholderEquity": 5423343000, "totalStockholderEquity": 16174780000, "netTangibleAssets": 16156061000}, {"maxAge": 1, "endDate": "2019-03-31", "cash": 57014000, "shortTermInvestments": 65020000, "netReceivables": 5975333000, "inventory": 95691000, "otherCurrentAssets": 869734000, "totalCurrentAssets": 7090339000, "longTermInvestments": 1064272000, "propertyPlantEquipment": 4645206000, "goodWill": 19288000, "intangibleAssets": 19288000, "otherAssets": 9517173000, "totalAssets": 22336278000, "accountsPayable": 1996667000, "shortLongTermDebt": 541206000, "otherCurrentLiab": 1080012000, "longTermDebt": 2914877000, "otherLiab": 2438168000, "deferredLongTermLiab": 1256366000, "totalCurrentLiabilities": 5383711000, "totalLiab": 10738974000, "commonStock": 973790000, "retainedEarnings": 9442729000, "treasuryStock": 1180785000, "otherStockholderEquity": 1180785000, "totalStockholderEquity": 11597304000, "netTangibleAssets": 11578016000}, {"maxAge": 1, "endDate": "2018-03-31", "cash": 400348000, "shortTermInvestments": 773611000, "netReceivables": 11292061000, "inventory": 742513000, "otherCurrentAssets": 1671515000, "totalCurrentAssets": 18617042000, "longTermInvestments": 103292000, "propertyPlantEquipment": 69565725000, "intangibleAssets": 621574000, "otherAssets": 10944101000, "totalAssets": 99851734000, "accountsPayable": 2518017000, "shortLongTermDebt": 4173622000, "otherCurrentLiab": 2249842000, "longTermDebt": 30889020000, "otherLiab": 2883101000, "deferredLongTermLiab": 995846000, "minorityInterest": 2012439000, "totalCurrentLiabilities": 13798323000, "totalLiab": 47572662000, "commonStock": 973790000, "retainedEarnings": 10763324000, "treasuryStock": 38529519000, "otherStockholderEquity": 38529519000, "totalStockholderEquity": 50266633000, "netTangibleAssets": 49645059000}, {"maxAge": 1, "endDate": "2017-03-31", "cash": 620040000, "shortTermInvestments": 11287139000, "netReceivables": 7689397000, "inventory": 837923000, "otherCurrentAssets": 1584965000, "totalCurrentAssets": 22053522000, "longTermInvestments": 3164578000, "propertyPlantEquipment": 61303922000, "intangibleAssets": 363776000, "otherAssets": 11360779000, "totalAssets": 98246577000, "accountsPayable": 2495648000, "shortLongTermDebt": 2015209000, "otherCurrentLiab": 2505308000, "longTermDebt": 33163125000, "otherLiab": 3112045000, "deferredLongTermLiab": 787494000, "minorityInterest": 2012622000, "totalCurrentLiabilities": 9912578000, "totalLiab": 46189967000, "commonStock": 973790000, "retainedEarnings": 10592496000, "treasuryStock": 38477702000, "otherStockholderEquity": 38477702000, "totalStockholderEquity": 50043988000, "netTangibleAssets": 49680212000}], "maxAge": 86400}, "financialData": {"maxAge": 86400, "currentPrice": 12.2, "recommendationKey": "none", "totalCash": 2773310976, "totalCashPerShare": 2.848, "ebitda": 666203520, "totalDebt": 2235014912, "totalRevenue": 4876355072, "debtToEquity": 13.793, "revenuePerShare": 4.941, "grossProfits": 1426678000, "revenueGrowth": 0.163, "grossMargins": 0.35317, "ebitdaMargins": 0.13662, "operatingMargins": 0.10092, "profitMargins": 0.05059, "financialCurrency": "INR"}}}