{"DPWIRES.NS": {"assetProfile": {"address1": "16-18A, Industrial Estate", "city": "Ratlam", "zip": "457001", "country": "India", "phone": "91 74 1226 1130", "website": "http://www.dpwires.co.in", "industry": "Metal Fabrication", "sector": "Industrials", "longBusinessSummary": "D.P. Wires Limited manufactures and supplies steel wires, plastic pipes, and plastic films for oil and gas, power, environment, civil, energy, automobile, infrastructure, and other industries worldwide. The company offers LRPC and PC strand wires; HDPE and heavy duty geomembrane sheets, geomembrane and construction polythene films, HDPE geomembrane films, and geomembrane and pond liners; plastic film sheets; and spring steel wires, PC single wire stress bars, PC single wires, intended PC wires, and PC steel wires. It is also involved in the wind power generation business. The company was founded in 1998 and is headquartered in Ratlam, India.", "companyOfficers": [{"maxAge": 1, "name": "Mr. Praveen  Kataria", "age": 47, "title": "MD & Director", "yearBorn": 1973, "fiscalYear": 2020, "totalPay": 8400000, "exercisedValue": 0, "unexercisedValue": 0}, {"maxAge": 1, "name": "Ms. Krutika  Maheshwari", "title": "Company Sec., Compliance Officer & Director", "exercisedValue": 0, "unexercisedValue": 0}, {"maxAge": 1, "name": "Mr. Arvind  Kataria", "age": 44, "title": "CFO & Whole Time Director", "yearBorn": 1976, "exercisedValue": 0, "unexercisedValue": 0}, {"maxAge": 1, "name": "Mr. Lokesh  Thakre", "age": 38, "title": "Accounts Mang.", "yearBorn": 1982, "exercisedValue": 0, "unexercisedValue": 0}, {"maxAge": 1, "name": "Mr. R. S. Rathi", "age": 61, "title": "Admin. Officer", "yearBorn": 1959, "exercisedValue": 0, "unexercisedValue": 0}, {"maxAge": 1, "name": "Alok  Benergi", "age": 49, "title": "Marketing Head", "yearBorn": 1971, "exercisedValue": 0, "unexercisedValue": 0}], "compensationAsOfEpochDate": "2020-12-31 05:30:00", "maxAge": 86400}, "cashflowStatementHistory": {"cashflowStatements": [{"maxAge": 1, "endDate": "2019-03-31", "netIncome": 173806915, "depreciation": 15745242, "changeToNetincome": 16127272, "changeToAccountReceivables": -196477579, "changeToLiabilities": 25914029, "changeToInventory": -48486680, "changeToOperatingActivities": 139972452, "totalCashFromOperatingActivities": 126601651, "capitalExpenditures": -124553636, "investments": 9292555, "totalCashflowsFromInvestingActivities": -111281619, "netBorrowings": -1483508, "otherCashflowsFromFinancingActivities": -14654829, "totalCashFromFinancingActivities": -16138337, "changeInCash": -818305}, {"maxAge": 1, "endDate": "2018-03-31", "netIncome": 98261309, "depreciation": 13694935, "changeToNetincome": 12103432, "changeToAccountReceivables": 46599829, "changeToLiabilities": -85172467, "changeToInventory": 7932609, "changeToOperatingActivities": -215252609, "totalCashFromOperatingActivities": -121832962, "capitalExpenditures": -11965497, "investments": -11750000, "totalCashflowsFromInvestingActivities": -28822897, "netBorrowings": -106490910, "otherCashflowsFromFinancingActivities": -12280898, "totalCashFromFinancingActivities": 150028192, "changeInCash": -627667, "issuanceOfStock": 268800000}, {"maxAge": 1, "endDate": "2017-03-31", "netIncome": 50226947, "depreciation": 14810908, "changeToNetincome": 26296108, "changeToAccountReceivables": -39676068, "changeToLiabilities": -15218616, "changeToInventory": -98393208, "changeToOperatingActivities": 79240993, "totalCashFromOperatingActivities": 17287064, "capitalExpenditures": -13967234, "investments": 18226614, "totalCashflowsFromInvestingActivities": 3107969, "netBorrowings": 6281172, "otherCashflowsFromFinancingActivities": -27031395, "totalCashFromFinancingActivities": -20750223, "changeInCash": -355190, "issuanceOfStock": 268800000}, {"maxAge": 1, "endDate": "2016-03-31", "netIncome": 21857000, "depreciation": 12648000, "changeToNetincome": 22990000, "changeToAccountReceivables": -26367000, "changeToLiabilities": 72542000, "changeToInventory": -55536000, "changeToOperatingActivities": -64558000, "totalCashFromOperatingActivities": -16424000, "capitalExpenditures": -38224000, "investments": 18226614, "otherCashflowsFromInvestingActivities": 3508000, "totalCashflowsFromInvestingActivities": -34624000, "netBorrowings": 85289000, "otherCashflowsFromFinancingActivities": -24075000, "totalCashFromFinancingActivities": 61214000, "changeInCash": 10166000, "issuanceOfStock": 268800000}], "maxAge": 86400}, "institutionOwnership": {"ownershipList": [], "maxAge": 1}, "majorHoldersBreakdown": {"maxAge": 1}, "balanceSheetHistoryQuarterly": {"balanceSheetStatements": [{"maxAge": 1, "endDate": "2020-12-31", "totalStockholderEquity": 1067650000, "netTangibleAssets": 1067650000}, {"maxAge": 1, "endDate": "2020-09-30", "cash": 18419000, "netReceivables": 634890000, "inventory": 122358000, "otherCurrentAssets": 207550000, "totalCurrentAssets": 983217000, "propertyPlantEquipment": 111559000, "otherAssets": 148082000, "totalAssets": 1242858000, "accountsPayable": 30470000, "shortLongTermDebt": 13138000, "otherCurrentLiab": 98183000, "longTermDebt": 24686000, "otherLiab": 6129000, "totalCurrentLiabilities": 141792000, "totalLiab": 175208000, "commonStock": 135680000, "treasuryStock": 931970000, "otherStockholderEquity": 931970000, "totalStockholderEquity": 1067650000, "netTangibleAssets": 1067650000}, {"maxAge": 1, "endDate": "2020-06-30"}, {"maxAge": 1, "endDate": "2019-12-31"}], "maxAge": 86400}, "indexTrend": {"maxAge": 1, "symbol": "SP5", "peRatio": 19.7411, "pegRatio": 1.34172, "estimates": [{"period": "0q", "growth": 0.549}, {"period": "+1q", "growth": 0.431}, {"period": "0y", "growth": 0.305}, {"period": "+1y", "growth": 0.109}, {"period": "+5y", "growth": 0.120865}, {"period": "-5y"}]}, "defaultKeyStatistics": {"maxAge": 1, "priceHint": 2, "enterpriseValue": 1774049280, "profitMargins": 0.044850003, "floatShares": 2047237, "sharesOutstanding": 13568000, "beta": 0.879564, "category": null, "bookValue": 78.638, "priceToBook": 1.6423357, "fundFamily": null, "legalType": null, "lastFiscalYearEnd": "2019-03-31 05:30:00", "nextFiscalYearEnd": "2021-03-31 05:30:00", "mostRecentQuarter": "2020-12-31 05:30:00", "earningsQuarterlyGrowth": 0.274, "netIncomeToCommon": 142392864, "trailingEps": 10.5, "lastSplitFactor": null, "enterpriseToRevenue": 0.559, "enterpriseToEbitda": 8.025}, "summaryProfile": {"address1": "16-18A, Industrial Estate", "city": "Ratlam", "zip": "457001", "country": "India", "phone": "91 74 1226 1130", "website": "http://www.dpwires.co.in", "industry": "Metal Fabrication", "sector": "Industrials", "longBusinessSummary": "D.P. Wires Limited manufactures and supplies steel wires, plastic pipes, and plastic films for oil and gas, power, environment, civil, energy, automobile, infrastructure, and other industries worldwide. The company offers LRPC and PC strand wires; HDPE and heavy duty geomembrane sheets, geomembrane and construction polythene films, HDPE geomembrane films, and geomembrane and pond liners; plastic film sheets; and spring steel wires, PC single wire stress bars, PC single wires, intended PC wires, and PC steel wires. It is also involved in the wind power generation business. The company was founded in 1998 and is headquartered in Ratlam, India.", "companyOfficers": [], "maxAge": 86400}, "netSharePurchaseActivity": {"maxAge": 1, "period": "6m", "buyInfoCount": 0, "buyInfoShares": 0, "sellInfoCount": 0, "netInfoCount": 0, "netInfoShares": 0, "totalInsiderShares": 0}, "quoteType": {"exchange": "NSI", "quoteType": "EQUITY", "symbol": "DPWIRES.NS", "underlyingSymbol": "DPWIRES.NS", "shortName": "D P Wires Limited", "longName": "D.P. Wires Limited", "firstTradeDateEpochUtc": "2017-10-06 09:15:00", "timeZoneFullName": "Asia/Kolkata", "timeZoneShortName": "IST", "uuid": "6820d612-7b30-3047-858d-94cb8298ae1f", "gmtOffSetMilliseconds": 19800000, "maxAge": 1}, "incomeStatementHistory": {"incomeStatementHistory": [{"maxAge": 1, "endDate": "2019-03-31", "totalRevenue": 3314399018, "costOfRevenue": 2856436269, "grossProfit": 457962749, "researchDevelopment": {}, "sellingGeneralAdministrative": 58528928, "nonRecurring": {}, "otherOperatingExpenses": 139500972, "totalOperatingExpenses": 3068522840, "operatingIncome": 245876178, "totalOtherIncomeExpenseNet": -3005662, "ebit": 245876178, "interestExpense": {}, "incomeBeforeTax": 242870516, "incomeTaxExpense": 69063601, "minorityInterest": {}, "netIncomeFromContinuingOps": 173806915, "discontinuedOperations": {}, "extraordinaryItems": {}, "effectOfAccountingCharges": {}, "otherItems": {}, "netIncome": 173806915, "netIncomeApplicableToCommonShares": 173806915}, {"maxAge": 1, "endDate": "2018-03-31", "totalRevenue": 2078624025, "costOfRevenue": 1759596542, "grossProfit": 319027483, "researchDevelopment": {}, "sellingGeneralAdministrative": 46167934, "nonRecurring": {}, "otherOperatingExpenses": 100111837, "totalOperatingExpenses": 1917647512, "operatingIncome": 160976513, "totalOtherIncomeExpenseNet": -11653391, "ebit": 160976513, "interestExpense": -4191563, "incomeBeforeTax": 149323122, "incomeTaxExpense": 51061813, "minorityInterest": {}, "netIncomeFromContinuingOps": 98261309, "discontinuedOperations": {}, "extraordinaryItems": {}, "effectOfAccountingCharges": {}, "otherItems": {}, "netIncome": 98261309, "netIncomeApplicableToCommonShares": 98261309}, {"maxAge": 1, "endDate": "2017-03-31", "totalRevenue": 1961064945, "costOfRevenue": 1705885207, "grossProfit": 255179738, "researchDevelopment": {}, "sellingGeneralAdministrative": 44586689, "nonRecurring": {}, "otherOperatingExpenses": 107148869, "totalOperatingExpenses": 1870240021, "operatingIncome": 90824924, "totalOtherIncomeExpenseNet": -20455649, "ebit": 90824924, "interestExpense": -22771027, "incomeBeforeTax": 70369275, "incomeTaxExpense": 20142328, "minorityInterest": {}, "netIncomeFromContinuingOps": 50226947, "discontinuedOperations": {}, "extraordinaryItems": {}, "effectOfAccountingCharges": {}, "otherItems": {}, "netIncome": 50226947, "netIncomeApplicableToCommonShares": 50226947}, {"maxAge": 1, "endDate": "2016-03-31", "totalRevenue": 1594183000, "costOfRevenue": 1428581000, "grossProfit": 165602000, "researchDevelopment": {}, "sellingGeneralAdministrative": 15428000, "nonRecurring": {}, "otherOperatingExpenses": 89347000, "totalOperatingExpenses": 1546004000, "operatingIncome": 48179000, "totalOtherIncomeExpenseNet": -19546000, "ebit": 48179000, "interestExpense": -15999000, "incomeBeforeTax": 28633000, "incomeTaxExpense": 6776000, "minorityInterest": {}, "netIncomeFromContinuingOps": 21857000, "discontinuedOperations": {}, "extraordinaryItems": {}, "effectOfAccountingCharges": {}, "otherItems": {}, "netIncome": 21857000, "netIncomeApplicableToCommonShares": 21857000}], "maxAge": 86400}, "fundOwnership": {"ownershipList": [], "maxAge": 1}, "summaryDetail": {"maxAge": 1, "priceHint": 2, "previousClose": 122.4, "open": 126.0, "dayLow": 125.9, "dayHigh": 141.5, "regularMarketPreviousClose": 122.4, "regularMarketOpen": 126.0, "regularMarketDayLow": 125.9, "regularMarketDayHigh": 141.5, "payoutRatio": 0.0, "beta": 0.879564, "trailingPE": 12.299999, "volume": 226460, "regularMarketVolume": 226460, "averageVolume": 32494, "averageVolume10days": 1723, "averageDailyVolume10Day": 1723, "bid": 0.0, "ask": 0.0, "marketCap": 1752307072, "fiftyTwoWeekLow": 42.2, "fiftyTwoWeekHigh": 142.75, "priceToSalesTrailing12Months": 0.5519575, "fiftyDayAverage": 112.642426, "twoHundredDayAverage": 89.25964, "currency": "INR", "fromCurrency": null, "lastMarket": null, "algorithm": null, "tradeable": false}, "incomeStatementHistoryQuarterly": {"incomeStatementHistory": [{"maxAge": 1, "endDate": "2020-12-31", "totalRevenue": 1435535000, "costOfRevenue": 1246965000, "grossProfit": 188570000, "researchDevelopment": {}, "sellingGeneralAdministrative": 12124000, "nonRecurring": {}, "otherOperatingExpenses": 65980000, "totalOperatingExpenses": 1330592000, "operatingIncome": 104943000, "totalOtherIncomeExpenseNet": 6172000, "ebit": 104943000, "interestExpense": -5500000, "incomeBeforeTax": 111115000, "incomeTaxExpense": 35417000, "minorityInterest": {}, "netIncomeFromContinuingOps": 75698000, "discontinuedOperations": {}, "extraordinaryItems": {}, "effectOfAccountingCharges": {}, "otherItems": {}, "netIncome": 75698000, "netIncomeApplicableToCommonShares": 75698000}, {"maxAge": 1, "endDate": "2020-09-30", "totalRevenue": 865178000, "costOfRevenue": 754910000, "grossProfit": 110268000, "researchDevelopment": {}, "sellingGeneralAdministrative": 11963000, "nonRecurring": {}, "otherOperatingExpenses": 36210000, "totalOperatingExpenses": 807598000, "operatingIncome": 57580000, "totalOtherIncomeExpenseNet": 7306000, "ebit": 57580000, "interestExpense": -1637000, "incomeBeforeTax": 64886000, "incomeTaxExpense": 10715000, "minorityInterest": {}, "netIncomeFromContinuingOps": 54171000, "discontinuedOperations": {}, "extraordinaryItems": {}, "effectOfAccountingCharges": {}, "otherItems": {}, "netIncome": 54171000, "netIncomeApplicableToCommonShares": 54171000}, {"maxAge": 1, "endDate": "2020-06-30", "totalRevenue": 525820000, "costOfRevenue": 457958000, "grossProfit": 67862000, "researchDevelopment": {}, "sellingGeneralAdministrative": 9467000, "nonRecurring": {}, "otherOperatingExpenses": 19624000, "totalOperatingExpenses": 491736000, "operatingIncome": 34084000, "totalOtherIncomeExpenseNet": 2403000, "ebit": 34084000, "interestExpense": -1721000, "incomeBeforeTax": 36487000, "incomeTaxExpense": 8620000, "minorityInterest": {}, "netIncomeFromContinuingOps": 27867000, "discontinuedOperations": {}, "extraordinaryItems": {}, "effectOfAccountingCharges": {}, "otherItems": {}, "netIncome": 27867000, "netIncomeApplicableToCommonShares": 27867000}, {"maxAge": 1, "endDate": "2019-12-31", "totalRevenue": 678939000, "costOfRevenue": 545432000, "grossProfit": 133507000, "researchDevelopment": {}, "sellingGeneralAdministrative": 17912000, "nonRecurring": {}, "otherOperatingExpenses": 39335000, "totalOperatingExpenses": 608413000, "operatingIncome": 70526000, "totalOtherIncomeExpenseNet": 5901000, "ebit": 70526000, "interestExpense": -10656000, "incomeBeforeTax": 76427000, "incomeTaxExpense": 17024000, "minorityInterest": {}, "netIncomeFromContinuingOps": 59403000, "discontinuedOperations": {}, "extraordinaryItems": {}, "effectOfAccountingCharges": {}, "otherItems": {}, "netIncome": 59403000, "netIncomeApplicableToCommonShares": 59403000}], "maxAge": 86400}, "cashflowStatementHistoryQuarterly": {"cashflowStatements": [{"maxAge": 1, "endDate": "2020-12-31", "netIncome": 75698000, "changeToLiabilities": 0}, {"maxAge": 1, "endDate": "2020-09-30", "netIncome": 54171000, "changeToLiabilities": 0}, {"maxAge": 1, "endDate": "2020-06-30", "netIncome": 27867000, "changeToLiabilities": 0}, {"maxAge": 1, "endDate": "2019-12-31", "netIncome": 59403000, "changeToLiabilities": 0}], "maxAge": 86400}, "insiderHolders": {"holders": [], "maxAge": 1}, "calendarEvents": {"maxAge": 1, "earnings": {"earningsDate": ["2020-09-02 05:30:S"]}}, "upgradeDowngradeHistory": {"history": [], "maxAge": 86400}, "price": {"maxAge": 1, "regularMarketChangePercent": 0.055146996, "regularMarketChange": 6.7499924, "regularMarketTime": "2021-04-30 15:29:58", "priceHint": 2, "regularMarketPrice": 129.15, "regularMarketDayHigh": 141.5, "regularMarketDayLow": 125.9, "regularMarketVolume": 226460, "averageDailyVolume10Day": 1723, "averageDailyVolume3Month": 32494, "regularMarketPreviousClose": 122.4, "regularMarketSource": "FREE_REALTIME", "regularMarketOpen": 126.0, "strikePrice": {}, "openInterest": {}, "exchange": "NSI", "exchangeName": "NSE", "exchangeDataDelayedBy": 15, "marketState": "CLOSED", "quoteType": "EQUITY", "symbol": "DPWIRES.NS", "underlyingSymbol": null, "shortName": "D P Wires Limited", "longName": "D.P. Wires Limited", "currency": "INR", "quoteSourceName": "Delayed Quote", "currencySymbol": "\u20b9", "fromCurrency": null, "lastMarket": null, "volume24Hr": {}, "volumeAllCurrencies": {}, "circulatingSupply": {}, "marketCap": 1752307072}, "balanceSheetHistory": {"balanceSheetStatements": [{"maxAge": 1, "endDate": "2019-03-31", "cash": 17534824, "netReceivables": 485697791, "inventory": 308175751, "otherCurrentAssets": 267433354, "totalCurrentAssets": 1079654397, "propertyPlantEquipment": 188664162, "otherAssets": 11806819, "totalAssets": 1280125378, "accountsPayable": 90333516, "shortLongTermDebt": 1666163, "otherCurrentLiab": 113701889, "longTermDebt": 26096824, "otherLiab": 6284634, "totalCurrentLiabilities": 427985558, "totalLiab": 460367016, "commonStock": 135680000, "retainedEarnings": 392178362, "capitalSurplus": 291900000, "totalStockholderEquity": 819758362, "netTangibleAssets": 819758362}, {"maxAge": 1, "endDate": "2018-03-31", "cash": 27645684, "netReceivables": 337813819, "inventory": 251043779, "otherCurrentAssets": 250211581, "totalCurrentAssets": 868321451, "propertyPlantEquipment": 79855768, "otherAssets": 15786281, "totalAssets": 963963500, "accountsPayable": 64419487, "shortLongTermDebt": 1545670, "otherCurrentLiab": 154606075, "longTermDebt": 27580332, "otherLiab": 4812192, "totalCurrentLiabilities": 285619529, "totalLiab": 318012053, "commonStock": 135680000, "retainedEarnings": 218371447, "capitalSurplus": 291900000, "totalStockholderEquity": 645951447, "netTangibleAssets": 645951447}, {"maxAge": 1, "endDate": "2017-03-31", "cash": 16523351, "netReceivables": 339625019, "inventory": 258976388, "otherCurrentAssets": 105848735, "totalCurrentAssets": 721708865, "propertyPlantEquipment": 81805775, "otherAssets": 10078881, "totalAssets": 813593521, "accountsPayable": 149591954, "shortLongTermDebt": 1227180, "otherCurrentLiab": 64984645, "longTermDebt": 134071242, "otherLiab": 4610227, "totalCurrentLiabilities": 396021915, "totalLiab": 534703384, "commonStock": 24960000, "retainedEarnings": 194990137, "capitalSurplus": 58940000, "totalStockholderEquity": 278890137, "netTangibleAssets": 278890137}, {"maxAge": 1, "endDate": "2016-03-31", "cash": 35105000, "netReceivables": 272866000, "inventory": 160583000, "otherCurrentAssets": 124198000, "totalCurrentAssets": 593789000, "propertyPlantEquipment": 82665000, "otherAssets": 8337000, "totalAssets": 684791000, "accountsPayable": 167306000, "shortLongTermDebt": 896000, "otherCurrentLiab": 25201000, "longTermDebt": 127790000, "otherLiab": 4941000, "totalCurrentLiabilities": 323663000, "totalLiab": 456394000, "commonStock": 24960000, "retainedEarnings": 144497000, "capitalSurplus": 58940000, "totalStockholderEquity": 228397000, "netTangibleAssets": 228397000}], "maxAge": 86400}, "financialData": {"maxAge": 86400, "currentPrice": 129.15, "recommendationKey": "none", "totalCash": 18419000, "totalCashPerShare": 1.358, "ebitda": 221052624, "totalDebt": 40426000, "quickRatio": 2.574, "currentRatio": 4.503, "totalRevenue": 3174713856, "debtToEquity": 3.786, "revenuePerShare": 234.101, "grossProfits": 457962749, "operatingCashflow": 227166224, "earningsGrowth": 0.274, "revenueGrowth": 1.114, "grossMargins": 0.12991999, "ebitdaMargins": 0.06963, "operatingMargins": 0.064380005, "profitMargins": 0.044850003, "financialCurrency": "INR"}}}