{"DRA.BO": {"cashflowStatementHistory": {"cashflowStatements": [{"maxAge": 1, "endDate": "2020-03-31", "netIncome": 16521926, "depreciation": 4289757, "changeToNetincome": 5084723, "changeToLiabilities": 0, "changeToOperatingActivities": -700544, "totalCashFromOperatingActivities": 27831782, "capitalExpenditures": -2753194, "investments": -42344458, "totalCashflowsFromInvestingActivities": -45097652, "netBorrowings": -1114098, "otherCashflowsFromFinancingActivities": -33560, "totalCashFromFinancingActivities": -1147658, "changeInCash": -18413526}, {"maxAge": 1, "endDate": "2019-03-31", "netIncome": 28648932, "depreciation": 6230745, "changeToNetincome": 10452041, "changeToLiabilities": 0, "changeToOperatingActivities": 4074605, "totalCashFromOperatingActivities": 51066342, "capitalExpenditures": -4326180, "investments": -22475981, "totalCashflowsFromInvestingActivities": -26802161, "netBorrowings": -1023614, "otherCashflowsFromFinancingActivities": -33560, "totalCashFromFinancingActivities": -1023614, "changeInCash": 23240569}, {"maxAge": 1, "endDate": "2018-03-31", "netIncome": 28752335, "depreciation": 4838461, "changeToNetincome": -11733283, "changeToLiabilities": 0, "changeToOperatingActivities": -2093892, "totalCashFromOperatingActivities": 21423641, "capitalExpenditures": -8794877, "investments": -12687843, "totalCashflowsFromInvestingActivities": -21482720, "netBorrowings": 2234888, "otherCashflowsFromFinancingActivities": -33560, "totalCashFromFinancingActivities": 2234888, "changeInCash": 2175810}, {"maxAge": 1, "endDate": "2017-03-31", "netIncome": 22908929, "depreciation": 3044524, "changeToNetincome": -11733283, "changeToLiabilities": 0, "changeToOperatingActivities": -43885643, "totalCashFromOperatingActivities": -16272169, "capitalExpenditures": -4371546, "investments": -5738798, "totalCashflowsFromInvestingActivities": -6821027, "netBorrowings": 2234888, "otherCashflowsFromFinancingActivities": -88300111, "totalCashFromFinancingActivities": 21299889, "changeInCash": -1793306, "issuanceOfStock": 109600000}], "maxAge": 86400}, "institutionOwnership": {"ownershipList": [], "maxAge": 1}, "balanceSheetHistoryQuarterly": {"balanceSheetStatements": [{"maxAge": 1, "endDate": "2020-03-31", "cash": 7542157, "netReceivables": 71891629, "otherCurrentAssets": 66085570, "totalCurrentAssets": 145519356, "longTermInvestments": 118757348, "propertyPlantEquipment": 7575576, "intangibleAssets": 1867526, "otherAssets": 11884557, "deferredLongTermAssetCharges": 1449383, "totalAssets": 285604363, "accountsPayable": 17129170, "otherCurrentLiab": 36217939, "longTermDebt": 97176, "deferredLongTermLiab": 1660022, "totalCurrentLiabilities": 58027230, "totalLiab": 58124406, "commonStock": 109700000, "retainedEarnings": 117779951, "totalStockholderEquity": 227479951, "netTangibleAssets": 225612425}, {"maxAge": 1, "endDate": "2019-12-31", "cash": 7542157, "netReceivables": 71891629, "otherCurrentAssets": 66085570, "totalCurrentAssets": 145519356, "longTermInvestments": 118757348, "propertyPlantEquipment": 7575576, "intangibleAssets": 1867526, "otherAssets": 11884557, "deferredLongTermAssetCharges": 1449383, "totalAssets": 285604363, "accountsPayable": 17129170, "otherCurrentLiab": 36217939, "longTermDebt": 97176, "deferredLongTermLiab": 1660022, "totalCurrentLiabilities": 58027230, "totalLiab": 58124406, "commonStock": 109700000, "retainedEarnings": 117779951, "totalStockholderEquity": 227479951, "netTangibleAssets": 225612425}, {"maxAge": 1, "endDate": "2019-09-30", "cash": 21837132, "netReceivables": 76143776, "otherCurrentAssets": 56151788, "totalCurrentAssets": 154132696, "longTermInvestments": 84256975, "propertyPlantEquipment": 8521677, "otherAssets": 17641899, "totalAssets": 264553247, "accountsPayable": 7514265, "otherCurrentLiab": 35098585, "longTermDebt": 666019, "totalCurrentLiabilities": 42612850, "totalLiab": 43278869, "commonStock": 109700000, "retainedEarnings": 111574377, "totalStockholderEquity": 221274377, "netTangibleAssets": 221274377}, {"maxAge": 1, "endDate": "2019-06-30", "cash": 21837132, "netReceivables": 76143776, "otherCurrentAssets": 56151788, "totalCurrentAssets": 154132696, "longTermInvestments": 84256975, "propertyPlantEquipment": 8521677, "otherAssets": 17641899, "totalAssets": 264553247, "accountsPayable": 7514265, "otherCurrentLiab": 35098585, "longTermDebt": 666019, "totalCurrentLiabilities": 42612850, "totalLiab": 43278869, "commonStock": 109700000, "retainedEarnings": 111574377, "totalStockholderEquity": 221274377, "netTangibleAssets": 221274377}], "maxAge": 86400}, "indexTrend": {"maxAge": 1, "symbol": "SP5", "peRatio": 19.7411, "pegRatio": 1.34172, "estimates": [{"period": "0q", "growth": 0.549}, {"period": "+1q", "growth": 0.431}, {"period": "0y", "growth": 0.305}, {"period": "+1y", "growth": 0.109}, {"period": "+5y", "growth": 0.120859005}, {"period": "-5y"}]}, "quoteType": {"exchange": "BSE", "quoteType": "EQUITY", "symbol": "DRA.BO", "underlyingSymbol": "DRA.BO", "shortName": "DRA CONSULTANTS LIMITED", "longName": "DRA Consultants Limited", "firstTradeDateEpochUtc": "2016-10-13 09:15:00", "timeZoneFullName": "Asia/Kolkata", "timeZoneShortName": "IST", "uuid": "60dc56a1-2325-3a44-8338-86ee302089a3", "gmtOffSetMilliseconds": 19800000, "maxAge": 1}, "incomeStatementHistory": {"incomeStatementHistory": [{"maxAge": 1, "endDate": "2020-03-31", "totalRevenue": 204402928, "costOfRevenue": 62060016, "grossProfit": 142342912, "researchDevelopment": {}, "sellingGeneralAdministrative": 49843, "nonRecurring": {}, "otherOperatingExpenses": 117054423, "totalOperatingExpenses": 184429939, "operatingIncome": 19972989, "totalOtherIncomeExpenseNet": 1633660, "ebit": 19972989, "interestExpense": -945113, "incomeBeforeTax": 21606649, "incomeTaxExpense": 5084723, "minorityInterest": {}, "netIncomeFromContinuingOps": 16521926, "discontinuedOperations": {}, "extraordinaryItems": {}, "effectOfAccountingCharges": {}, "otherItems": {}, "netIncome": 16521926, "netIncomeApplicableToCommonShares": 16521926}, {"maxAge": 1, "endDate": "2019-03-31", "totalRevenue": 225875719, "costOfRevenue": 66254095, "grossProfit": 159621624, "researchDevelopment": {}, "sellingGeneralAdministrative": 61093, "nonRecurring": {}, "otherOperatingExpenses": 116696634, "totalOperatingExpenses": 189242566, "operatingIncome": 36633153, "totalOtherIncomeExpenseNet": 2467821, "ebit": 36633153, "interestExpense": -1771085, "incomeBeforeTax": 39100974, "incomeTaxExpense": 10452042, "minorityInterest": {}, "netIncomeFromContinuingOps": 28648932, "discontinuedOperations": {}, "extraordinaryItems": {}, "effectOfAccountingCharges": {}, "otherItems": {}, "netIncome": 28648932, "netIncomeApplicableToCommonShares": 28648932}, {"maxAge": 1, "endDate": "2018-03-31", "totalRevenue": 186374460, "costOfRevenue": 45452088, "grossProfit": 140922372, "researchDevelopment": {}, "sellingGeneralAdministrative": 873629, "nonRecurring": {}, "otherOperatingExpenses": 97475268, "totalOperatingExpenses": 148639445, "operatingIncome": 37735015, "totalOtherIncomeExpenseNet": 1264727, "ebit": 37735015, "interestExpense": -1854439, "incomeBeforeTax": 38999742, "incomeTaxExpense": 10247407, "minorityInterest": {}, "netIncomeFromContinuingOps": 28752335, "discontinuedOperations": {}, "extraordinaryItems": {}, "effectOfAccountingCharges": {}, "otherItems": {}, "netIncome": 28752335, "netIncomeApplicableToCommonShares": 28752335}, {"maxAge": 1, "endDate": "2017-03-31", "totalRevenue": 170650211, "costOfRevenue": 28206190, "grossProfit": 142444021, "researchDevelopment": {}, "sellingGeneralAdministrative": 357224, "nonRecurring": {}, "otherOperatingExpenses": 106421060, "totalOperatingExpenses": 138028997, "operatingIncome": 32621214, "totalOtherIncomeExpenseNet": 2851118, "ebit": 32621214, "interestExpense": -1671820, "incomeBeforeTax": 35472332, "incomeTaxExpense": 12563403, "minorityInterest": {}, "netIncomeFromContinuingOps": 22908929, "discontinuedOperations": {}, "extraordinaryItems": {}, "effectOfAccountingCharges": {}, "otherItems": {}, "netIncome": 22908929, "netIncomeApplicableToCommonShares": 22908929}], "maxAge": 86400}, "fundOwnership": {"ownershipList": [], "maxAge": 1}, "summaryDetail": {"maxAge": 1, "priceHint": 2, "previousClose": 9.0, "open": 9.0, "dayLow": 9.0, "dayHigh": 9.0, "regularMarketPreviousClose": 9.0, "regularMarketOpen": 9.0, "regularMarketDayLow": 9.0, "regularMarketDayHigh": 9.0, "trailingPE": 5.9760957, "volume": 2500, "regularMarketVolume": 2500, "averageVolume": 4262, "averageVolume10days": 14500, "averageDailyVolume10Day": 14500, "bid": 8.55, "ask": 9.39, "bidSize": 0, "askSize": 0, "marketCap": 98730000, "fiftyTwoWeekLow": 5.33, "fiftyTwoWeekHigh": 15.6, "fiftyDayAverage": 9.949697, "twoHundredDayAverage": 9.984191, "currency": "INR", "fromCurrency": null, "lastMarket": null, "algorithm": null, "tradeable": false}, "incomeStatementHistoryQuarterly": {"incomeStatementHistory": [{"maxAge": 1, "endDate": "2020-03-31", "totalRevenue": 57768772, "costOfRevenue": 17746000, "grossProfit": 40022771, "researchDevelopment": {}, "sellingGeneralAdministrative": 24922, "nonRecurring": {}, "otherOperatingExpenses": 36958711, "totalOperatingExpenses": 55100147, "operatingIncome": 2668626, "totalOtherIncomeExpenseNet": 995616, "ebit": 2668626, "interestExpense": -227917, "incomeBeforeTax": 3664242, "incomeTaxExpense": 556269, "minorityInterest": {}, "netIncomeFromContinuingOps": 3107973, "discontinuedOperations": {}, "extraordinaryItems": {}, "effectOfAccountingCharges": {}, "otherItems": {}, "netIncome": 3107973, "netIncomeApplicableToCommonShares": 3107973}, {"maxAge": 1, "endDate": "2019-12-31", "totalRevenue": 57768772, "costOfRevenue": 17746000, "grossProfit": 40022771, "researchDevelopment": {}, "sellingGeneralAdministrative": 24922, "nonRecurring": {}, "otherOperatingExpenses": 36958711, "totalOperatingExpenses": 55100147, "operatingIncome": 2668626, "totalOtherIncomeExpenseNet": 995616, "ebit": 2668626, "interestExpense": -227917, "incomeBeforeTax": 3664242, "incomeTaxExpense": 556269, "minorityInterest": {}, "netIncomeFromContinuingOps": 3107973, "discontinuedOperations": {}, "extraordinaryItems": {}, "effectOfAccountingCharges": {}, "otherItems": {}, "netIncome": 3107973, "netIncomeApplicableToCommonShares": 3107973}, {"maxAge": 1, "endDate": "2019-09-30", "totalRevenue": 44432692, "costOfRevenue": 13284008, "grossProfit": 31148685, "researchDevelopment": {}, "sellingGeneralAdministrative": 24922, "nonRecurring": {}, "otherOperatingExpenses": 21568501, "totalOperatingExpenses": 37114823, "operatingIncome": 7317869, "totalOtherIncomeExpenseNet": -178786, "ebit": 7317869, "interestExpense": -244640, "incomeBeforeTax": 7139083, "incomeTaxExpense": 1986093, "minorityInterest": {}, "netIncomeFromContinuingOps": 5152990, "discontinuedOperations": {}, "extraordinaryItems": {}, "effectOfAccountingCharges": {}, "otherItems": {}, "netIncome": 5152990, "netIncomeApplicableToCommonShares": 5152990}, {"maxAge": 1, "endDate": "2019-06-30", "totalRevenue": 44432692, "costOfRevenue": 13284008, "grossProfit": 31148685, "researchDevelopment": {}, "sellingGeneralAdministrative": 24922, "nonRecurring": {}, "otherOperatingExpenses": 21568501, "totalOperatingExpenses": 37114823, "operatingIncome": 7317869, "totalOtherIncomeExpenseNet": -178786, "ebit": 7317869, "interestExpense": -244640, "incomeBeforeTax": 7139083, "incomeTaxExpense": 1986093, "minorityInterest": {}, "netIncomeFromContinuingOps": 5152990, "discontinuedOperations": {}, "extraordinaryItems": {}, "effectOfAccountingCharges": {}, "otherItems": {}, "netIncome": 5152990, "netIncomeApplicableToCommonShares": 5152990}], "maxAge": 86400}, "cashflowStatementHistoryQuarterly": {"cashflowStatements": [{"maxAge": 1, "endDate": "2020-03-31", "netIncome": 3107973, "depreciation": -117436, "changeToNetincome": 556269, "changeToLiabilities": 0, "changeToOperatingActivities": 4678738, "totalCashFromOperatingActivities": 9232250, "capitalExpenditures": -831223, "investments": -17250186, "totalCashflowsFromInvestingActivities": -18081410, "netBorrowings": -284422, "totalCashFromFinancingActivities": -284422, "changeInCash": -9133580}, {"maxAge": 1, "endDate": "2019-12-31", "netIncome": 3107973, "depreciation": -117436, "changeToNetincome": 556269, "changeToLiabilities": 0, "changeToOperatingActivities": 4678738, "totalCashFromOperatingActivities": 9232250, "capitalExpenditures": -831223, "investments": -17250186, "totalCashflowsFromInvestingActivities": -18081410, "netBorrowings": -284422, "totalCashFromFinancingActivities": -284422, "changeInCash": -9133580}, {"maxAge": 1, "endDate": "2019-09-30", "netIncome": 5152990, "depreciation": 2262315, "changeToNetincome": 1986093, "changeToLiabilities": 0, "changeToOperatingActivities": -5029010, "totalCashFromOperatingActivities": 4683641, "capitalExpenditures": -545374, "investments": -3922043, "totalCashflowsFromInvestingActivities": -4467416, "netBorrowings": -272627, "otherCashflowsFromFinancingActivities": -16780, "totalCashFromFinancingActivities": -289407, "changeInCash": -73183}, {"maxAge": 1, "endDate": "2019-06-30", "netIncome": 5152990, "depreciation": 2262315, "changeToNetincome": 1986093, "changeToLiabilities": 0, "changeToOperatingActivities": -5029010, "totalCashFromOperatingActivities": 4683641, "capitalExpenditures": -545374, "investments": -3922043, "totalCashflowsFromInvestingActivities": -4467416, "netBorrowings": -272627, "otherCashflowsFromFinancingActivities": -16780, "totalCashFromFinancingActivities": -289407, "changeInCash": -73183}], "maxAge": 86400}, "insiderHolders": {"holders": [], "maxAge": 1}, "calendarEvents": {"maxAge": 1, "earnings": {"earningsDate": ["2019-05-30 05:30:S"]}}, "upgradeDowngradeHistory": {"history": [], "maxAge": 86400}, "price": {"maxAge": 1, "regularMarketChangePercent": 0.0, "regularMarketChange": 0.0, "regularMarketTime": "2021-04-26 13:59:12", "priceHint": 2, "regularMarketPrice": 9.0, "regularMarketDayHigh": 9.0, "regularMarketDayLow": 9.0, "regularMarketVolume": 2500, "averageDailyVolume10Day": 14500, "averageDailyVolume3Month": 4262, "regularMarketPreviousClose": 9.0, "regularMarketSource": "FREE_REALTIME", "regularMarketOpen": 9.0, "exchange": "BSE", "exchangeName": "BSE", "exchangeDataDelayedBy": 0, "marketState": "CLOSED", "quoteType": "EQUITY", "symbol": "DRA.BO", "underlyingSymbol": null, "shortName": "DRA CONSULTANTS LIMITED", "longName": "DRA Consultants Limited", "currency": "INR", "quoteSourceName": "Delayed Quote", "currencySymbol": "\u20b9", "fromCurrency": null, "lastMarket": null, "marketCap": 98730000}, "balanceSheetHistory": {"balanceSheetStatements": [{"maxAge": 1, "endDate": "2020-03-31", "cash": 7542157, "netReceivables": 71891629, "otherCurrentAssets": 66085570, "totalCurrentAssets": 145519356, "longTermInvestments": 118757348, "propertyPlantEquipment": 7575576, "intangibleAssets": 1867526, "otherAssets": 11884557, "deferredLongTermAssetCharges": 1449383, "totalAssets": 285604363, "accountsPayable": 17129170, "otherCurrentLiab": 36217939, "longTermDebt": 97176, "deferredLongTermLiab": 1660022, "totalCurrentLiabilities": 58027230, "totalLiab": 58124406, "commonStock": 109700000, "retainedEarnings": 117779951, "totalStockholderEquity": 227479951, "netTangibleAssets": 225612425}, {"maxAge": 1, "endDate": "2019-03-31", "cash": 25955683, "netReceivables": 79148442, "otherCurrentAssets": 73735728, "totalCurrentAssets": 178839853, "longTermInvestments": 76412890, "propertyPlantEquipment": 10163053, "intangibleAssets": 1792512, "otherAssets": 10147191, "deferredLongTermAssetCharges": 1096145, "totalAssets": 277355499, "accountsPayable": 28842732, "otherCurrentLiab": 30894056, "longTermDebt": 1211274, "deferredLongTermLiab": 3320044, "totalCurrentLiabilities": 65152633, "totalLiab": 66363907, "commonStock": 109700000, "retainedEarnings": 101291586, "treasuryStock": 101291586, "otherStockholderEquity": 101291586, "totalStockholderEquity": 210991586, "netTangibleAssets": 209199074}, {"maxAge": 1, "endDate": "2018-03-31", "cash": 5696274, "netReceivables": 93014400, "otherCurrentAssets": 43983281, "totalCurrentAssets": 142693955, "longTermInvestments": 53936909, "propertyPlantEquipment": 10899637, "intangibleAssets": 2960493, "otherAssets": 12497893, "deferredLongTermAssetCharges": 271466, "totalAssets": 222988887, "accountsPayable": 11080267, "otherCurrentLiab": 19761144, "longTermDebt": 2234887, "deferredLongTermLiab": 4980066, "totalCurrentLiabilities": 38411338, "totalLiab": 40646225, "commonStock": 109700000, "retainedEarnings": 72642656, "totalStockholderEquity": 182342656, "netTangibleAssets": 179382163}, {"maxAge": 1, "endDate": "2017-03-31", "cash": 2058244, "netReceivables": 93139044, "otherCurrentAssets": 58191294, "totalCurrentAssets": 153388582, "longTermInvestments": 41249066, "propertyPlantEquipment": 6699242, "intangibleAssets": 3204466, "otherAssets": 13238344, "totalAssets": 217779700, "accountsPayable": 28083654, "otherCurrentLiab": 31408175, "otherLiab": 728652, "deferredLongTermLiab": 6640088, "totalCurrentLiabilities": 63460726, "totalLiab": 64189378, "commonStock": 109700000, "retainedEarnings": 43890323, "totalStockholderEquity": 153590323, "netTangibleAssets": 150385857}], "maxAge": 86400}, "financialData": {"maxAge": 86400, "currentPrice": 9.0, "recommendationKey": "none", "grossProfits": 142342912, "financialCurrency": "INR"}}}