{"DRAGARWQ.BO": {"recommendationTrend": {"trend": [{"period": "0m", "strongBuy": 0, "buy": 0, "hold": 0, "sell": 0, "strongSell": 0}, {"period": "-1m", "strongBuy": 0, "buy": 0, "hold": 0, "sell": 0, "strongSell": 0}, {"period": "-2m", "strongBuy": 0, "buy": 0, "hold": 0, "sell": 0, "strongSell": 0}, {"period": "-3m", "strongBuy": 0, "buy": 0, "hold": 0, "sell": 0, "strongSell": 0}], "maxAge": 86400}, "cashflowStatementHistory": {"cashflowStatements": [{"maxAge": 1, "endDate": "2020-03-31", "netIncome": 136834000, "depreciation": 194984000, "changeToNetincome": 64206000, "changeToAccountReceivables": 22953000, "changeToLiabilities": -44686000, "changeToInventory": -14868000, "changeToOperatingActivities": 9401000, "totalCashFromOperatingActivities": 386192000, "capitalExpenditures": -171391000, "otherCashflowsFromInvestingActivities": 417000, "totalCashflowsFromInvestingActivities": -166715000, "dividendsPaid": -7050000, "netBorrowings": -160187000, "otherCashflowsFromFinancingActivities": -32155000, "totalCashFromFinancingActivities": -199392000, "changeInCash": 20085000}, {"maxAge": 1, "endDate": "2019-03-31", "netIncome": 119156000, "depreciation": 92420000, "changeToNetincome": -6618000, "changeToAccountReceivables": -10853000, "changeToLiabilities": 2611000, "changeToInventory": 8454000, "changeToOperatingActivities": 28817000, "totalCashFromOperatingActivities": 250695000, "capitalExpenditures": -247972000, "otherCashflowsFromInvestingActivities": -826000, "totalCashflowsFromInvestingActivities": -248040000, "dividendsPaid": -5640000, "netBorrowings": 58813000, "otherCashflowsFromFinancingActivities": -32010000, "totalCashFromFinancingActivities": 21163000, "changeInCash": 23818000}, {"maxAge": 1, "endDate": "2018-03-31", "netIncome": 67752000, "depreciation": 88407000, "changeToNetincome": 42618000, "changeToAccountReceivables": -14110000, "changeToLiabilities": 40472000, "changeToInventory": -12101000, "changeToOperatingActivities": -36739000, "totalCashFromOperatingActivities": 185710000, "capitalExpenditures": -114360000, "otherCashflowsFromInvestingActivities": 6905000, "totalCashflowsFromInvestingActivities": -107455000, "dividendsPaid": -8368000, "netBorrowings": -47788000, "otherCashflowsFromFinancingActivities": -26652000, "totalCashFromFinancingActivities": -82808000, "changeInCash": -4553000}, {"maxAge": 1, "endDate": "2017-03-31", "netIncome": 73383000, "depreciation": 84651000, "changeToNetincome": 30083000, "changeToAccountReceivables": 17995000, "changeToLiabilities": -41817000, "changeToInventory": 37406000, "changeToOperatingActivities": -3205000, "totalCashFromOperatingActivities": 201263000, "capitalExpenditures": -85252000, "investments": -61000, "otherCashflowsFromInvestingActivities": 5323000, "totalCashflowsFromInvestingActivities": -79665000, "dividendsPaid": -4392000, "netBorrowings": -79067000, "otherCashflowsFromFinancingActivities": -33934000, "totalCashFromFinancingActivities": -117393000, "changeInCash": 4205000}], "maxAge": 86400}, "institutionOwnership": {"ownershipList": [], "maxAge": 1}, "balanceSheetHistoryQuarterly": {"balanceSheetStatements": [{"maxAge": 1, "endDate": "2020-06-30", "totalStockholderEquity": 561009000, "netTangibleAssets": 546031000}, {"maxAge": 1, "endDate": "2020-03-31", "cash": 62188000, "netReceivables": 132898000, "inventory": 79769000, "otherCurrentAssets": 17732000, "totalCurrentAssets": 296561000, "propertyPlantEquipment": 921072000, "intangibleAssets": 14978000, "otherAssets": 172954000, "deferredLongTermAssetCharges": 84872000, "totalAssets": 1405565000, "accountsPayable": 135041000, "shortLongTermDebt": 44147000, "otherCurrentLiab": 58939000, "longTermDebt": 84927000, "otherLiab": 32155000, "totalCurrentLiabilities": 393583000, "totalLiab": 844556000, "commonStock": 47000000, "retainedEarnings": 458909000, "capitalSurplus": 55100000, "totalStockholderEquity": 561009000, "netTangibleAssets": 546031000}, {"maxAge": 1, "endDate": "2019-12-31", "totalStockholderEquity": 505946000, "netTangibleAssets": 488704000}, {"maxAge": 1, "endDate": "2019-09-30", "cash": 79670000, "shortTermInvestments": 18253000, "netReceivables": 126711000, "inventory": 84387000, "otherCurrentAssets": 19877000, "totalCurrentAssets": 328898000, "propertyPlantEquipment": 944117000, "intangibleAssets": 17242000, "otherAssets": 157092000, "deferredLongTermAssetCharges": 81896000, "totalAssets": 1447349000, "accountsPayable": 169927000, "otherCurrentLiab": 132102000, "longTermDebt": 121763000, "otherLiab": 30539000, "totalCurrentLiabilities": 453807000, "totalLiab": 941403000, "commonStock": 47000000, "treasuryStock": 458946000, "otherStockholderEquity": 458946000, "totalStockholderEquity": 505946000, "netTangibleAssets": 488704000}], "maxAge": 86400}, "earningsHistory": {"history": [{"maxAge": 1, "epsActual": {}, "epsEstimate": {}, "epsDifference": {}, "surprisePercent": {}, "quarter": {}, "period": "-4q"}, {"maxAge": 1, "epsActual": {}, "epsEstimate": {}, "epsDifference": {}, "surprisePercent": {}, "quarter": {}, "period": "-3q"}, {"maxAge": 1, "epsActual": {}, "epsEstimate": {}, "epsDifference": {}, "surprisePercent": {}, "quarter": {}, "period": "-2q"}, {"maxAge": 1, "epsActual": {}, "epsEstimate": {}, "epsDifference": {}, "surprisePercent": {}, "quarter": {}, "period": "-1q"}], "maxAge": 86400}, "indexTrend": {"maxAge": 1, "symbol": "SP5", "peRatio": 19.7411, "pegRatio": 1.34172, "estimates": [{"period": "0q", "growth": 0.549}, {"period": "+1q", "growth": 0.431}, {"period": "0y", "growth": 0.305}, {"period": "+1y", "growth": 0.109}, {"period": "+5y", "growth": 0.120859005}, {"period": "-5y"}]}, "industryTrend": {"maxAge": 1, "symbol": null, "estimates": []}, "insiderTransactions": {"transactions": [{"maxAge": 1, "shares": 3000, "filerUrl": "", "transactionText": "", "filerName": "Ramanan (Harish)", "filerRelation": "UNREPORTED", "moneyText": "", "startDate": "2014-11-25", "ownership": "D"}, {"maxAge": 1, "shares": 3000, "filerUrl": "", "transactionText": "", "filerName": "Ramanan (Harish)", "filerRelation": "UNREPORTED", "moneyText": "", "startDate": "2014-11-17", "ownership": "D"}, {"maxAge": 1, "shares": 1000, "filerUrl": "", "transactionText": "", "filerName": "Ramanan (Harish)", "filerRelation": "UNREPORTED", "moneyText": "", "startDate": "2014-11-11", "ownership": "D"}, {"maxAge": 1, "shares": 500, "filerUrl": "", "transactionText": "", "filerName": "Ramanan (Harish)", "filerRelation": "UNREPORTED", "moneyText": "", "startDate": "2014-08-28", "ownership": "D"}, {"maxAge": 1, "shares": 10000, "filerUrl": "", "transactionText": "", "filerName": "Anand (Sanjay)", "filerRelation": "Director (Non-Executive)", "moneyText": "", "startDate": "2013-08-06", "ownership": "D"}, {"maxAge": 1, "shares": 10213, "filerUrl": "", "transactionText": "", "filerName": "Dr Agarwals Healthcare Ltd", "filerRelation": "Promoter", "moneyText": "", "startDate": "2012-04-19", "ownership": "D"}, {"maxAge": 1, "shares": 323508, "filerUrl": "", "transactionText": "", "filerName": "Dr Agarwals Healthcare Ltd", "filerRelation": "Promoter", "moneyText": "", "startDate": "2012-04-18", "ownership": "D"}, {"maxAge": 1, "shares": 2138687, "filerUrl": "", "transactionText": "", "filerName": "Dr Agarwals Healthcare Ltd", "filerRelation": "Promoter", "moneyText": "", "startDate": "2012-04-04", "ownership": "D"}, {"maxAge": 1, "shares": 500, "filerUrl": "", "transactionText": "", "filerName": "Anand (Sanjay)", "filerRelation": "Director (Non-Executive)", "moneyText": "", "startDate": "2012-03-21", "ownership": "D"}, {"maxAge": 1, "shares": 1904, "filerUrl": "", "transactionText": "", "filerName": "Agarwal (Ashwin)", "filerRelation": "Director", "moneyText": "", "startDate": "2010-05-13", "ownership": "D"}], "maxAge": 1}, "quoteType": {"exchange": "BSE", "quoteType": "EQUITY", "symbol": "DRAGARWQ.BO", "underlyingSymbol": "DRAGARWQ.BO", "shortName": "DR.AGARWALS EYE HOSPITAL LTD.", "longName": "Dr. Agarwal's Eye Hospital Limited", "firstTradeDateEpochUtc": "2001-08-13 09:15:00", "timeZoneFullName": "Asia/Kolkata", "timeZoneShortName": "IST", "uuid": "38e9dac8-afef-3155-89fd-198b5596aff9", "gmtOffSetMilliseconds": 19800000, "maxAge": 1}, "incomeStatementHistory": {"incomeStatementHistory": [{"maxAge": 1, "endDate": "2020-03-31", "totalRevenue": 1772926000, "costOfRevenue": 613654000, "grossProfit": 1159272000, "researchDevelopment": {}, "sellingGeneralAdministrative": 72543000, "nonRecurring": {}, "otherOperatingExpenses": 605631000, "totalOperatingExpenses": 1504180000, "operatingIncome": 268746000, "totalOtherIncomeExpenseNet": -69340000, "ebit": 268746000, "interestExpense": -73898000, "incomeBeforeTax": 199406000, "incomeTaxExpense": 62572000, "minorityInterest": {}, "netIncomeFromContinuingOps": 136834000, "discontinuedOperations": {}, "extraordinaryItems": {}, "effectOfAccountingCharges": {}, "otherItems": {}, "netIncome": 136834000, "netIncomeApplicableToCommonShares": 136834000}, {"maxAge": 1, "endDate": "2019-03-31", "totalRevenue": 1708695000, "costOfRevenue": 567480000, "grossProfit": 1141215000, "researchDevelopment": {}, "sellingGeneralAdministrative": 233822000, "nonRecurring": {}, "otherOperatingExpenses": 604973000, "totalOperatingExpenses": 1515403000, "operatingIncome": 193292000, "totalOtherIncomeExpenseNet": -19036000, "ebit": 193292000, "interestExpense": -23278000, "incomeBeforeTax": 174256000, "incomeTaxExpense": 55100000, "minorityInterest": {}, "netIncomeFromContinuingOps": 119156000, "discontinuedOperations": {}, "extraordinaryItems": {}, "effectOfAccountingCharges": {}, "otherItems": {}, "netIncome": 119156000, "netIncomeApplicableToCommonShares": 119156000}, {"maxAge": 1, "endDate": "2018-03-31", "totalRevenue": 1541833000, "costOfRevenue": 544106000, "grossProfit": 997727000, "researchDevelopment": {}, "sellingGeneralAdministrative": 204509000, "nonRecurring": {}, "otherOperatingExpenses": 549485000, "totalOperatingExpenses": 1395918000, "operatingIncome": 145915000, "totalOtherIncomeExpenseNet": -12306000, "ebit": 145915000, "interestExpense": -25904000, "incomeBeforeTax": 133609000, "incomeTaxExpense": 65857000, "minorityInterest": {}, "netIncomeFromContinuingOps": 67752000, "discontinuedOperations": {}, "extraordinaryItems": {}, "effectOfAccountingCharges": {}, "otherItems": {}, "netIncome": 67752000, "netIncomeApplicableToCommonShares": 67752000}, {"maxAge": 1, "endDate": "2017-03-31", "totalRevenue": 1485419000, "costOfRevenue": 540201000, "grossProfit": 945218000, "researchDevelopment": {}, "sellingGeneralAdministrative": 197848000, "nonRecurring": {}, "otherOperatingExpenses": 515245000, "totalOperatingExpenses": 1346237000, "operatingIncome": 139182000, "totalOtherIncomeExpenseNet": -29434000, "ebit": 139182000, "interestExpense": -33330000, "incomeBeforeTax": 109748000, "incomeTaxExpense": 36365000, "minorityInterest": {}, "netIncomeFromContinuingOps": 73383000, "discontinuedOperations": {}, "extraordinaryItems": {}, "effectOfAccountingCharges": {}, "otherItems": {}, "netIncome": 73383000, "netIncomeApplicableToCommonShares": 73383000}], "maxAge": 86400}, "fundOwnership": {"ownershipList": [], "maxAge": 1}, "summaryDetail": {"maxAge": 1, "priceHint": 2, "previousClose": 363.9, "open": 367.5, "dayLow": 367.5, "dayHigh": 370.0, "regularMarketPreviousClose": 363.9, "regularMarketOpen": 367.5, "regularMarketDayLow": 367.5, "regularMarketDayHigh": 370.0, "trailingPE": 138.37079, "forwardPE": 38.00926, "volume": 2407, "regularMarketVolume": 2407, "averageVolume": 3700, "averageVolume10days": 10116, "averageDailyVolume10Day": 10116, "bid": 351.05, "ask": 372.0, "bidSize": 0, "askSize": 0, "marketCap": 1736415104, "fiftyTwoWeekLow": 169.2, "fiftyTwoWeekHigh": 412.0, "fiftyDayAverage": 279.2288, "twoHundredDayAverage": 249.47978, "trailingAnnualDividendRate": 1.5, "trailingAnnualDividendYield": 0.004122012, "currency": "INR", "fromCurrency": null, "lastMarket": null, "algorithm": null, "tradeable": false}, "sectorTrend": {"maxAge": 1, "symbol": null, "estimates": []}, "incomeStatementHistoryQuarterly": {"incomeStatementHistory": [{"maxAge": 1, "endDate": "2020-06-30", "totalRevenue": 150158000, "costOfRevenue": 155059000, "grossProfit": -4901000, "researchDevelopment": {}, "sellingGeneralAdministrative": 6907000, "nonRecurring": {}, "otherOperatingExpenses": 30420000, "totalOperatingExpenses": 241783000, "operatingIncome": -91625000, "totalOtherIncomeExpenseNet": -10939000, "ebit": -91625000, "interestExpense": -13805000, "incomeBeforeTax": -102564000, "incomeTaxExpense": -26473000, "minorityInterest": {}, "netIncomeFromContinuingOps": -76091000, "discontinuedOperations": {}, "extraordinaryItems": {}, "effectOfAccountingCharges": {}, "otherItems": {}, "netIncome": -76091000, "netIncomeApplicableToCommonShares": -76091000}, {"maxAge": 1, "endDate": "2020-03-31", "totalRevenue": 416453000, "costOfRevenue": -158024000, "grossProfit": 574477000, "researchDevelopment": {}, "sellingGeneralAdministrative": 52419000, "nonRecurring": {}, "otherOperatingExpenses": 400152000, "totalOperatingExpenses": 351312000, "operatingIncome": 65141000, "totalOtherIncomeExpenseNet": -22030000, "ebit": 65141000, "interestExpense": -16027000, "incomeBeforeTax": 43111000, "incomeTaxExpense": 10763000, "minorityInterest": {}, "netIncomeFromContinuingOps": 32348000, "discontinuedOperations": {}, "extraordinaryItems": {}, "effectOfAccountingCharges": {}, "otherItems": {}, "netIncome": 32348000, "netIncomeApplicableToCommonShares": 32348000}, {"maxAge": 1, "endDate": "2019-12-31", "totalRevenue": 435814000, "costOfRevenue": 262108000, "grossProfit": 173706000, "researchDevelopment": {}, "sellingGeneralAdministrative": 7468000, "nonRecurring": {}, "otherOperatingExpenses": 66718000, "totalOperatingExpenses": 388216000, "operatingIncome": 47598000, "totalOtherIncomeExpenseNet": -13969000, "ebit": 47598000, "interestExpense": -17419000, "incomeBeforeTax": 33629000, "incomeTaxExpense": 9251000, "minorityInterest": {}, "netIncomeFromContinuingOps": 24378000, "discontinuedOperations": {}, "extraordinaryItems": {}, "effectOfAccountingCharges": {}, "otherItems": {}, "netIncome": 24378000, "netIncomeApplicableToCommonShares": 24378000}, {"maxAge": 1, "endDate": "2019-09-30", "totalRevenue": 455421000, "costOfRevenue": 262267000, "grossProfit": 193154000, "researchDevelopment": {}, "sellingGeneralAdministrative": 6842000, "nonRecurring": {}, "otherOperatingExpenses": 63156000, "totalOperatingExpenses": 380934000, "operatingIncome": 74487000, "totalOtherIncomeExpenseNet": -19816000, "ebit": 74487000, "interestExpense": -22899000, "incomeBeforeTax": 54671000, "incomeTaxExpense": 22758000, "minorityInterest": {}, "netIncomeFromContinuingOps": 31913000, "discontinuedOperations": {}, "extraordinaryItems": {}, "effectOfAccountingCharges": {}, "otherItems": {}, "netIncome": 31913000, "netIncomeApplicableToCommonShares": 31913000}], "maxAge": 86400}, "cashflowStatementHistoryQuarterly": {"cashflowStatements": [{"maxAge": 1, "endDate": "2020-06-30", "netIncome": -76091000, "changeToLiabilities": 0}, {"maxAge": 1, "endDate": "2020-03-31", "netIncome": 32348000, "changeToLiabilities": 0}, {"maxAge": 1, "endDate": "2019-12-31", "netIncome": 24378000, "changeToLiabilities": 0}, {"maxAge": 1, "endDate": "2019-09-30", "netIncome": 31913000, "changeToLiabilities": 0}], "maxAge": 86400}, "insiderHolders": {"holders": [{"maxAge": 1, "name": "Agarwal (Ashwin)", "relation": "Director", "url": "", "transactionDescription": "Acquisition", "latestTransDate": "2010-05-13", "positionDirect": 56334, "positionDirectDate": "2010-05-13"}, {"maxAge": 1, "name": "Anand (Sanjay)", "relation": "Director (Non-Executive)", "url": "", "transactionDescription": "Other", "latestTransDate": "2013-08-06", "positionDirect": 12603, "positionDirectDate": "2013-08-06"}, {"maxAge": 1, "name": "Dr Agarwals Healthcare Ltd", "relation": "Promoter", "url": "", "transactionDescription": "Acquisition", "latestTransDate": "2012-04-19", "positionDirect": 3372408, "positionDirectDate": "2012-04-19"}, {"maxAge": 1, "name": "Ramanan (Harish)", "relation": "UNREPORTED", "url": "", "transactionDescription": "Sale", "latestTransDate": "2014-11-25", "positionDirect": 3500, "positionDirectDate": "2014-11-25"}], "maxAge": 1}, "earnings": {"maxAge": 86400, "earningsChart": {"quarterly": [], "earningsDate": []}, "financialsChart": {"yearly": [{"date": 2017, "revenue": 1485419000, "earnings": 73383000}, {"date": 2018, "revenue": 1541833000, "earnings": 67752000}, {"date": 2019, "revenue": 1708695000, "earnings": 119156000}, {"date": 2020, "revenue": 1772926000, "earnings": 136834000}], "quarterly": [{"date": "3Q2019", "revenue": 455421000, "earnings": 31913000}, {"date": "4Q2019", "revenue": 435814000, "earnings": 24378000}, {"date": "1Q2020", "revenue": 416453000, "earnings": 32348000}, {"date": "2Q2020", "revenue": 150158000, "earnings": -76091000}]}, "financialCurrency": "INR"}, "calendarEvents": {"maxAge": 1, "earnings": {"earningsDate": []}}, "upgradeDowngradeHistory": {"history": [], "maxAge": 86400}, "price": {"maxAge": 1, "regularMarketChangePercent": 0.015251493, "regularMarketChange": 5.5500183, "regularMarketTime": "2021-04-30 15:29:42", "priceHint": 2, "regularMarketPrice": 369.45, "regularMarketDayHigh": 370.0, "regularMarketDayLow": 367.5, "regularMarketVolume": 2407, "averageDailyVolume10Day": 10116, "averageDailyVolume3Month": 3700, "regularMarketPreviousClose": 363.9, "regularMarketSource": "FREE_REALTIME", "regularMarketOpen": 367.5, "exchange": "BSE", "exchangeName": "BSE", "exchangeDataDelayedBy": 0, "marketState": "CLOSED", "quoteType": "EQUITY", "symbol": "DRAGARWQ.BO", "underlyingSymbol": null, "shortName": "DR.AGARWALS EYE HOSPITAL LTD.", "longName": "Dr. Agarwal's Eye Hospital Limited", "currency": "INR", "quoteSourceName": "Delayed Quote", "currencySymbol": "\u20b9", "fromCurrency": null, "lastMarket": null, "marketCap": 1736415104}, "balanceSheetHistory": {"balanceSheetStatements": [{"maxAge": 1, "endDate": "2020-03-31", "cash": 62188000, "netReceivables": 132898000, "inventory": 79769000, "otherCurrentAssets": 17732000, "totalCurrentAssets": 296561000, "propertyPlantEquipment": 921072000, "intangibleAssets": 14978000, "otherAssets": 172954000, "deferredLongTermAssetCharges": 84872000, "totalAssets": 1405565000, "accountsPayable": 135041000, "shortLongTermDebt": 44147000, "otherCurrentLiab": 58939000, "longTermDebt": 84927000, "otherLiab": 32155000, "totalCurrentLiabilities": 393583000, "totalLiab": 844556000, "commonStock": 47000000, "retainedEarnings": 458909000, "capitalSurplus": 55100000, "totalStockholderEquity": 561009000, "netTangibleAssets": 546031000}, {"maxAge": 1, "endDate": "2019-03-31", "cash": 42103000, "shortTermInvestments": 6030000, "netReceivables": 144534000, "inventory": 64901000, "otherCurrentAssets": 10125000, "totalCurrentAssets": 296097000, "propertyPlantEquipment": 526136000, "intangibleAssets": 23765000, "otherAssets": 155069000, "deferredLongTermAssetCharges": 76119000, "totalAssets": 1001067000, "accountsPayable": 153003000, "shortLongTermDebt": 56240000, "otherCurrentLiab": 79138000, "longTermDebt": 131103000, "otherLiab": 63196000, "totalCurrentLiabilities": 350891000, "totalLiab": 545190000, "commonStock": 47000000, "retainedEarnings": 353777000, "treasuryStock": 408877000, "capitalSurplus": 55100000, "otherStockholderEquity": 408877000, "totalStockholderEquity": 455877000, "netTangibleAssets": 432112000}, {"maxAge": 1, "endDate": "2018-03-31", "cash": 18285000, "netReceivables": 91961000, "inventory": 73355000, "otherCurrentAssets": 17397000, "totalCurrentAssets": 230005000, "propertyPlantEquipment": 355862000, "intangibleAssets": 34352000, "otherAssets": 189530000, "deferredLongTermAssetCharges": 65697000, "totalAssets": 809749000, "accountsPayable": 175435000, "shortLongTermDebt": 79414000, "otherCurrentLiab": 53268000, "longTermDebt": 53354000, "otherLiab": 34199000, "totalCurrentLiabilities": 371605000, "totalLiab": 459158000, "commonStock": 47000000, "retainedEarnings": 248491000, "treasuryStock": -5372000, "capitalSurplus": 55100000, "otherStockholderEquity": -5372000, "totalStockholderEquity": 350591000, "netTangibleAssets": 316239000}, {"maxAge": 1, "endDate": "2017-03-31", "cash": 22838000, "netReceivables": 76454000, "inventory": 61254000, "otherCurrentAssets": 10498000, "totalCurrentAssets": 199494000, "propertyPlantEquipment": 340370000, "intangibleAssets": 3897000, "otherAssets": 179699000, "deferredLongTermAssetCharges": 66007000, "totalAssets": 723460000, "accountsPayable": 138375000, "shortLongTermDebt": 69163000, "otherCurrentLiab": 23061000, "longTermDebt": 129122000, "otherLiab": 25821000, "totalCurrentLiabilities": 274486000, "totalLiab": 429429000, "commonStock": 47000000, "retainedEarnings": 194596000, "treasuryStock": -2665000, "capitalSurplus": 55100000, "otherStockholderEquity": -2665000, "totalStockholderEquity": 294031000, "netTangibleAssets": 290134000}], "maxAge": 86400}, "earningsTrend": {"trend": [{"maxAge": 1, "period": "0q", "endDate": null, "growth": {}, "earningsEstimate": {"avg": 0.0, "low": 0.0, "high": 0.0, "yearAgoEps": {}, "numberOfAnalysts": 0, "growth": {}}, "revenueEstimate": {"avg": 0, "low": 0, "high": 0, "numberOfAnalysts": 0, "yearAgoRevenue": {}, "growth": {}}, "epsTrend": {"current": 0.0, "7daysAgo": 0.0, "30daysAgo": 0.0, "60daysAgo": 0.0, "90daysAgo": 0.0}, "epsRevisions": {"upLast7days": 0, "upLast30days": 0, "downLast30days": 0, "downLast90days": {}}}, {"maxAge": 1, "period": "+1q", "endDate": null, "growth": {}, "earningsEstimate": {"avg": 0.0, "low": 0.0, "high": 0.0, "yearAgoEps": {}, "numberOfAnalysts": 0, "growth": {}}, "revenueEstimate": {"avg": 0, "low": 0, "high": 0, "numberOfAnalysts": 0, "yearAgoRevenue": {}, "growth": {}}, "epsTrend": {"current": 0.0, "7daysAgo": 0.0, "30daysAgo": 0.0, "60daysAgo": 0.0, "90daysAgo": 0.0}, "epsRevisions": {"upLast7days": 0, "upLast30days": 0, "downLast30days": 0, "downLast90days": {}}}, {"maxAge": 1, "period": "0y", "endDate": null, "growth": {}, "earningsEstimate": {"avg": 0.0, "low": 0.0, "high": 0.0, "yearAgoEps": {}, "numberOfAnalysts": 0, "growth": {}}, "revenueEstimate": {"avg": 0, "low": 0, "high": 0, "numberOfAnalysts": 0, "yearAgoRevenue": {}, "growth": {}}, "epsTrend": {"current": 0.0, "7daysAgo": 0.0, "30daysAgo": 0.0, "60daysAgo": 0.0, "90daysAgo": 0.0}, "epsRevisions": {"upLast7days": 0, "upLast30days": 0, "downLast30days": 0, "downLast90days": {}}}, {"maxAge": 1, "period": "+1y", "endDate": null, "growth": {}, "earningsEstimate": {"avg": 0.0, "low": 0.0, "high": 0.0, "yearAgoEps": {}, "numberOfAnalysts": 0, "growth": {}}, "revenueEstimate": {"avg": 0, "low": 0, "high": 0, "numberOfAnalysts": 0, "yearAgoRevenue": {}, "growth": {}}, "epsTrend": {"current": 0.0, "7daysAgo": 0.0, "30daysAgo": 0.0, "60daysAgo": 0.0, "90daysAgo": 0.0}, "epsRevisions": {"upLast7days": 0, "upLast30days": 0, "downLast30days": 0, "downLast90days": {}}}, {"maxAge": 1, "period": "+5y", "endDate": null, "growth": {}, "earningsEstimate": {"avg": {}, "low": {}, "high": {}, "yearAgoEps": {}, "numberOfAnalysts": {}, "growth": {}}, "revenueEstimate": {"avg": {}, "low": {}, "high": {}, "numberOfAnalysts": {}, "yearAgoRevenue": {}, "growth": {}}, "epsTrend": {"current": {}, "7daysAgo": {}, "30daysAgo": {}, "60daysAgo": {}, "90daysAgo": {}}, "epsRevisions": {"upLast7days": {}, "upLast30days": {}, "downLast30days": {}, "downLast90days": {}}}, {"maxAge": 1, "period": "-5y", "endDate": null, "growth": {}, "earningsEstimate": {"avg": {}, "low": {}, "high": {}, "yearAgoEps": {}, "numberOfAnalysts": {}, "growth": {}}, "revenueEstimate": {"avg": {}, "low": {}, "high": {}, "numberOfAnalysts": {}, "yearAgoRevenue": {}, "growth": {}}, "epsTrend": {"current": {}, "7daysAgo": {}, "30daysAgo": {}, "60daysAgo": {}, "90daysAgo": {}}, "epsRevisions": {"upLast7days": {}, "upLast30days": {}, "downLast30days": {}, "downLast90days": {}}}], "maxAge": 1}, "financialData": {"maxAge": 86400, "currentPrice": 369.45, "targetHighPrice": 164.0, "targetLowPrice": 164.0, "targetMeanPrice": 164.0, "targetMedianPrice": 164.0, "recommendationKey": "none", "numberOfAnalystOpinions": 1, "grossProfits": 1159272000, "financialCurrency": "INR"}}}