{"DREDGECORP.BO": {"recommendationTrend": {"trend": [{"period": "0m", "strongBuy": 0, "buy": 0, "hold": 0, "sell": 0, "strongSell": 0}, {"period": "-1m", "strongBuy": 0, "buy": 0, "hold": 0, "sell": 0, "strongSell": 0}, {"period": "-2m", "strongBuy": 0, "buy": 0, "hold": 0, "sell": 0, "strongSell": 0}, {"period": "-3m", "strongBuy": 0, "buy": 0, "hold": 0, "sell": 0, "strongSell": 0}], "maxAge": 86400}, "cashflowStatementHistory": {"cashflowStatements": [{"maxAge": 1, "endDate": "2020-03-31", "netIncome": 55131000, "depreciation": 1171316000, "changeToNetincome": -98617000, "changeToAccountReceivables": -247893000, "changeToLiabilities": 1278903000, "changeToInventory": -170311000, "changeToOperatingActivities": -815051000, "totalCashFromOperatingActivities": 1173478000, "capitalExpenditures": -335000, "otherCashflowsFromInvestingActivities": 59197000, "totalCashflowsFromInvestingActivities": 58862000, "dividendsPaid": -84000000, "netBorrowings": -1317189000, "otherCashflowsFromFinancingActivities": -17266000, "totalCashFromFinancingActivities": -1418455000, "changeInCash": -186114000}, {"maxAge": 1, "endDate": "2019-03-31", "netIncome": 445898000, "depreciation": 1129138000, "changeToNetincome": -455617000, "changeToAccountReceivables": 104678000, "changeToLiabilities": -734064000, "changeToInventory": 15162000, "changeToOperatingActivities": 976223000, "totalCashFromOperatingActivities": 1481418000, "capitalExpenditures": -44644000, "otherCashflowsFromInvestingActivities": 77819000, "totalCashflowsFromInvestingActivities": 34709000, "dividendsPaid": -56000000, "netBorrowings": -1381919000, "otherCashflowsFromFinancingActivities": -11511000, "totalCashFromFinancingActivities": -1449430000, "changeInCash": 66696000}, {"maxAge": 1, "endDate": "2018-03-31", "netIncome": 171428000, "depreciation": 1131776000, "changeToNetincome": 192370000, "changeToAccountReceivables": 681619000, "changeToLiabilities": -412499000, "changeToInventory": 38212000, "changeToOperatingActivities": -425294000, "totalCashFromOperatingActivities": 1377612000, "capitalExpenditures": -81900000, "otherCashflowsFromInvestingActivities": 92300000, "totalCashflowsFromInvestingActivities": 10400000, "dividendsPaid": -56000000, "netBorrowings": -1267992000, "otherCashflowsFromFinancingActivities": -11511000, "totalCashFromFinancingActivities": -1267992000, "changeInCash": 120020000}, {"maxAge": 1, "endDate": "2017-03-31", "netIncome": 74064000, "depreciation": 996043000, "changeToNetincome": -310623000, "changeToAccountReceivables": 1091124000, "changeToLiabilities": -101034000, "changeToInventory": -610598000, "changeToOperatingActivities": -269696000, "totalCashFromOperatingActivities": 869280000, "capitalExpenditures": -127160000, "otherCashflowsFromInvestingActivities": 51096000, "totalCashflowsFromInvestingActivities": -76064000, "dividendsPaid": -84000000, "netBorrowings": -1307821000, "otherCashflowsFromFinancingActivities": -17100000, "totalCashFromFinancingActivities": -1408921000, "changeInCash": -615705000}], "maxAge": 86400}, "institutionOwnership": {"maxAge": 1, "ownershipList": []}, "balanceSheetHistoryQuarterly": {"balanceSheetStatements": [{"maxAge": 1, "endDate": "2020-06-30", "totalStockholderEquity": 15702439000, "netTangibleAssets": 15702439000}, {"maxAge": 1, "endDate": "2020-03-31", "cash": 701792000, "shortTermInvestments": 1684362000, "netReceivables": 3033448000, "inventory": 2081653000, "otherCurrentAssets": 548684000, "totalCurrentAssets": 8049939000, "propertyPlantEquipment": 16625736000, "otherAssets": 4692000, "totalAssets": 24680367000, "accountsPayable": 1303015000, "shortLongTermDebt": 1824841000, "otherCurrentLiab": 1517109000, "longTermDebt": 4116951000, "otherLiab": 175312000, "totalCurrentLiabilities": 4685665000, "totalLiab": 8977928000, "commonStock": 280000000, "treasuryStock": 15422439000, "otherStockholderEquity": 15422439000, "totalStockholderEquity": 15702439000, "netTangibleAssets": 15702439000}, {"maxAge": 1, "endDate": "2019-12-31", "totalStockholderEquity": 15498391000, "netTangibleAssets": 15498391000}, {"maxAge": 1, "endDate": "2019-09-30", "cash": 892822000, "shortTermInvestments": 889923000, "netReceivables": 2906881000, "inventory": 1991884000, "otherCurrentAssets": 297992000, "totalCurrentAssets": 6979502000, "propertyPlantEquipment": 17103788000, "otherAssets": 4075000, "totalAssets": 24087365000, "accountsPayable": 1148379000, "shortLongTermDebt": 1355858000, "otherCurrentLiab": 1383694000, "longTermDebt": 4519877000, "otherLiab": 149166000, "totalCurrentLiabilities": 3919931000, "totalLiab": 8588974000, "commonStock": 280000000, "treasuryStock": 15218391000, "otherStockholderEquity": 15218391000, "totalStockholderEquity": 15498391000, "netTangibleAssets": 15498391000}], "maxAge": 86400}, "earningsHistory": {"history": [{"maxAge": 1, "epsActual": {}, "epsEstimate": {}, "epsDifference": {}, "surprisePercent": {}, "quarter": {}, "period": "-4q"}, {"maxAge": 1, "epsActual": {}, "epsEstimate": {}, "epsDifference": {}, "surprisePercent": {}, "quarter": {}, "period": "-3q"}, {"maxAge": 1, "epsActual": {}, "epsEstimate": {}, "epsDifference": {}, "surprisePercent": {}, "quarter": {}, "period": "-2q"}, {"maxAge": 1, "epsActual": {}, "epsEstimate": {}, "epsDifference": {}, "surprisePercent": {}, "quarter": {}, "period": "-1q"}], "maxAge": 86400}, "indexTrend": {"maxAge": 1, "symbol": "SP5", "peRatio": 19.7411, "pegRatio": 1.34172, "estimates": [{"period": "0q", "growth": 0.549}, {"period": "+1q", "growth": 0.431}, {"period": "0y", "growth": 0.305}, {"period": "+1y", "growth": 0.109}, {"period": "+5y", "growth": 0.120865}, {"period": "-5y"}]}, "industryTrend": {"maxAge": 1, "symbol": null, "estimates": []}, "insiderTransactions": {"transactions": [{"maxAge": 1, "shares": 1400000, "filerUrl": "", "transactionText": "", "filerName": "President of India", "filerRelation": "Promoter", "moneyText": "", "startDate": "2015-08-21", "ownership": "D"}], "maxAge": 1}, "quoteType": {"exchange": "BSE", "quoteType": "EQUITY", "symbol": "DREDGECORP.BO", "underlyingSymbol": "DREDGECORP.BO", "shortName": "DREDGING CORPORATION OF INDIA", "longName": "Dredging Corporation of India Limited", "firstTradeDateEpochUtc": "2000-03-01 09:15:00", "timeZoneFullName": "Asia/Kolkata", "timeZoneShortName": "IST", "uuid": "0b172194-65be-3491-bcc9-2217520f2dc3", "messageBoardId": null, "gmtOffSetMilliseconds": 19800000, "maxAge": 1}, "incomeStatementHistory": {"incomeStatementHistory": [{"maxAge": 1, "endDate": "2020-03-31", "totalRevenue": 7496893000, "costOfRevenue": 939851000, "grossProfit": 6557042000, "researchDevelopment": {}, "sellingGeneralAdministrative": {}, "nonRecurring": {}, "otherOperatingExpenses": 5168517000, "totalOperatingExpenses": 7279684000, "operatingIncome": 217209000, "totalOtherIncomeExpenseNet": -83054000, "ebit": 217209000, "interestExpense": -171787000, "incomeBeforeTax": 134155000, "incomeTaxExpense": 79024000, "minorityInterest": {}, "netIncomeFromContinuingOps": 55131000, "discontinuedOperations": {}, "extraordinaryItems": {}, "effectOfAccountingCharges": {}, "otherItems": {}, "netIncome": 55131000, "netIncomeApplicableToCommonShares": 55131000}, {"maxAge": 1, "endDate": "2019-03-31", "totalRevenue": 6917386000, "costOfRevenue": 1287967000, "grossProfit": 5629419000, "researchDevelopment": {}, "sellingGeneralAdministrative": 58969000, "nonRecurring": {}, "otherOperatingExpenses": 3858502000, "totalOperatingExpenses": 6334576000, "operatingIncome": 582810000, "totalOtherIncomeExpenseNet": -107631000, "ebit": 582810000, "interestExpense": -170433000, "incomeBeforeTax": 475179000, "incomeTaxExpense": 29281000, "minorityInterest": {}, "netIncomeFromContinuingOps": 445898000, "discontinuedOperations": {}, "extraordinaryItems": {}, "effectOfAccountingCharges": {}, "otherItems": {}, "netIncome": 445898000, "netIncomeApplicableToCommonShares": 445898000}, {"maxAge": 1, "endDate": "2018-03-31", "totalRevenue": 5918736000, "costOfRevenue": 1132395000, "grossProfit": 4786341000, "researchDevelopment": {}, "sellingGeneralAdministrative": 67567000, "nonRecurring": {}, "otherOperatingExpenses": 3369461000, "totalOperatingExpenses": 5701199000, "operatingIncome": 217537000, "totalOtherIncomeExpenseNet": 147000, "ebit": 217537000, "interestExpense": -175659000, "incomeBeforeTax": 217684000, "incomeTaxExpense": 46256000, "minorityInterest": {}, "netIncomeFromContinuingOps": 171428000, "discontinuedOperations": {}, "extraordinaryItems": {}, "effectOfAccountingCharges": {}, "otherItems": {}, "netIncome": 171428000, "netIncomeApplicableToCommonShares": 171428000}, {"maxAge": 1, "endDate": "2017-03-31", "totalRevenue": 5851477000, "costOfRevenue": 1519124000, "grossProfit": 4332353000, "researchDevelopment": {}, "sellingGeneralAdministrative": 76274000, "nonRecurring": {}, "otherOperatingExpenses": 3093264000, "totalOperatingExpenses": 5684705000, "operatingIncome": 166772000, "totalOtherIncomeExpenseNet": -43989000, "ebit": 166772000, "interestExpense": -180823000, "incomeBeforeTax": 122783000, "incomeTaxExpense": 48719000, "minorityInterest": {}, "netIncomeFromContinuingOps": 74064000, "discontinuedOperations": {}, "extraordinaryItems": {}, "effectOfAccountingCharges": {}, "otherItems": {}, "netIncome": 74064000, "netIncomeApplicableToCommonShares": 74064000}], "maxAge": 86400}, "fundOwnership": {"maxAge": 1, "ownershipList": [{"maxAge": 1, "reportDate": "2020-07-31", "organization": "DFA Emerging Markets Core Equity Portfolio", "pctHeld": 0.0001, "position": 2235, "value": 579423}, {"maxAge": 1, "reportDate": "2020-07-31", "organization": "DFA T.A. World Ex U.S. Core Equity Portfolio", "pctHeld": 0.0001, "position": 1860, "value": 482205}, {"maxAge": 1, "reportDate": "2020-07-31", "organization": "DFA Investment Dimensions-World Ex U.S. Core Equity Port", "pctHeld": 0.0001, "position": 1813, "value": 470020}]}, "summaryDetail": {"maxAge": 1, "priceHint": 2, "previousClose": 353.6, "open": 350.45, "dayLow": 350.45, "dayHigh": 384.2, "regularMarketPreviousClose": 353.6, "regularMarketOpen": 350.45, "regularMarketDayLow": 350.45, "regularMarketDayHigh": 384.2, "trailingPE": 62.733406, "volume": 40376, "regularMarketVolume": 40376, "averageVolume": 20521, "averageVolume10days": 19918, "averageDailyVolume10Day": 19918, "bid": 362.85, "ask": 0.0, "bidSize": 0, "askSize": 0, "marketCap": 10159800320, "fiftyTwoWeekLow": 121.8, "fiftyTwoWeekHigh": 384.2, "fiftyDayAverage": 305.725, "twoHundredDayAverage": 278.4467, "trailingAnnualDividendRate": 3.0, "trailingAnnualDividendYield": 0.008484162, "currency": "INR", "fromCurrency": null, "toCurrency": null, "lastMarket": null, "algorithm": null, "tradeable": false}, "sectorTrend": {"maxAge": 1, "symbol": null, "estimates": []}, "incomeStatementHistoryQuarterly": {"incomeStatementHistory": [{"maxAge": 1, "endDate": "2020-06-30", "totalRevenue": 1674548000, "costOfRevenue": 232495000, "grossProfit": 1442053000, "researchDevelopment": {}, "sellingGeneralAdministrative": {}, "nonRecurring": {}, "otherOperatingExpenses": 996660000, "totalOperatingExpenses": 1526873000, "operatingIncome": 147675000, "totalOtherIncomeExpenseNet": -29930000, "ebit": 147675000, "interestExpense": -37605000, "incomeBeforeTax": 117745000, "incomeTaxExpense": 3204000, "minorityInterest": {}, "netIncomeFromContinuingOps": 114541000, "discontinuedOperations": {}, "extraordinaryItems": {}, "effectOfAccountingCharges": {}, "otherItems": {}, "netIncome": 114541000, "netIncomeApplicableToCommonShares": 114541000}, {"maxAge": 1, "endDate": "2020-03-31", "totalRevenue": 2276185000, "costOfRevenue": 272292000, "grossProfit": 2003893000, "researchDevelopment": {}, "sellingGeneralAdministrative": {}, "nonRecurring": {}, "otherOperatingExpenses": 1661815000, "totalOperatingExpenses": 2237126000, "operatingIncome": 39059000, "totalOtherIncomeExpenseNet": -12099000, "ebit": 39059000, "interestExpense": -50834000, "incomeBeforeTax": 26960000, "incomeTaxExpense": 70781000, "minorityInterest": {}, "netIncomeFromContinuingOps": -43821000, "discontinuedOperations": {}, "extraordinaryItems": {}, "effectOfAccountingCharges": {}, "otherItems": {}, "netIncome": -43821000, "netIncomeApplicableToCommonShares": -43821000}, {"maxAge": 1, "endDate": "2019-12-31", "totalRevenue": 2025737000, "costOfRevenue": 225226000, "grossProfit": 1800511000, "researchDevelopment": {}, "sellingGeneralAdministrative": {}, "nonRecurring": {}, "otherOperatingExpenses": 1161301000, "totalOperatingExpenses": 1675165000, "operatingIncome": 350572000, "totalOtherIncomeExpenseNet": -34336000, "ebit": 350572000, "interestExpense": -44477000, "incomeBeforeTax": 316236000, "incomeTaxExpense": 2638000, "minorityInterest": {}, "netIncomeFromContinuingOps": 313598000, "discontinuedOperations": {}, "extraordinaryItems": {}, "effectOfAccountingCharges": {}, "otherItems": {}, "netIncome": 313598000, "netIncomeApplicableToCommonShares": 313598000}, {"maxAge": 1, "endDate": "2019-09-30", "totalRevenue": 1230120000, "costOfRevenue": 221006000, "grossProfit": 1009114000, "researchDevelopment": {}, "sellingGeneralAdministrative": {}, "nonRecurring": {}, "otherOperatingExpenses": 912623000, "totalOperatingExpenses": 1422460000, "operatingIncome": -192340000, "totalOtherIncomeExpenseNet": -31485000, "ebit": -192340000, "interestExpense": -39674000, "incomeBeforeTax": -223825000, "incomeTaxExpense": -978000, "minorityInterest": {}, "netIncomeFromContinuingOps": -222847000, "discontinuedOperations": {}, "extraordinaryItems": {}, "effectOfAccountingCharges": {}, "otherItems": {}, "netIncome": -222847000, "netIncomeApplicableToCommonShares": -222847000}], "maxAge": 86400}, "cashflowStatementHistoryQuarterly": {"cashflowStatements": [{"maxAge": 1, "endDate": "2020-06-30", "netIncome": 114541000, "changeToLiabilities": 0}, {"maxAge": 1, "endDate": "2020-03-31", "netIncome": -43821000, "changeToLiabilities": 0}, {"maxAge": 1, "endDate": "2019-12-31", "netIncome": 313598000, "changeToLiabilities": 0}, {"maxAge": 1, "endDate": "2019-09-30", "netIncome": -222847000, "changeToLiabilities": 0}], "maxAge": 86400}, "insiderHolders": {"holders": [{"maxAge": 1, "name": "President of India", "relation": "Promoter", "url": "", "transactionDescription": "Sale", "latestTransDate": "2015-08-21", "positionDirect": 20597700, "positionDirectDate": "2015-08-21"}], "maxAge": 1}, "earnings": {"maxAge": 86400, "earningsChart": {"quarterly": [], "earningsDate": []}, "financialsChart": {"yearly": [{"date": 2017, "revenue": 5851477000, "earnings": 74064000}, {"date": 2018, "revenue": 5918736000, "earnings": 171428000}, {"date": 2019, "revenue": 6917386000, "earnings": 445898000}, {"date": 2020, "revenue": 7496893000, "earnings": 55131000}], "quarterly": [{"date": "3Q2019", "revenue": 1230120000, "earnings": -222847000}, {"date": "4Q2019", "revenue": 2025737000, "earnings": 313598000}, {"date": "1Q2020", "revenue": 2276185000, "earnings": -43821000}, {"date": "2Q2020", "revenue": 1674548000, "earnings": 114541000}]}, "financialCurrency": "INR"}, "calendarEvents": {"maxAge": 1, "earnings": {"earningsDate": []}}, "price": {"maxAge": 1, "regularMarketChangePercent": 0.026159503, "regularMarketChange": 9.25, "regularMarketTime": "2021-04-30 15:42:35", "priceHint": 2, "regularMarketPrice": 362.85, "regularMarketDayHigh": 384.2, "regularMarketDayLow": 350.45, "regularMarketVolume": 40376, "averageDailyVolume10Day": 19918, "averageDailyVolume3Month": 20521, "regularMarketPreviousClose": 353.6, "regularMarketSource": "FREE_REALTIME", "regularMarketOpen": 350.45, "exchange": "BSE", "exchangeName": "BSE", "exchangeDataDelayedBy": 0, "marketState": "CLOSED", "quoteType": "EQUITY", "symbol": "DREDGECORP.BO", "underlyingSymbol": null, "shortName": "DREDGING CORPORATION OF INDIA", "longName": "Dredging Corporation of India Limited", "currency": "INR", "quoteSourceName": "Delayed Quote", "currencySymbol": "\u20b9", "fromCurrency": null, "toCurrency": null, "lastMarket": null, "marketCap": 10159800320}, "balanceSheetHistory": {"balanceSheetStatements": [{"maxAge": 1, "endDate": "2020-03-31", "cash": 701792000, "shortTermInvestments": 1684362000, "netReceivables": 3033448000, "inventory": 2081653000, "otherCurrentAssets": 548684000, "totalCurrentAssets": 8049939000, "propertyPlantEquipment": 16625736000, "otherAssets": 4692000, "totalAssets": 24680367000, "accountsPayable": 1303015000, "shortLongTermDebt": 1824841000, "otherCurrentLiab": 1517109000, "longTermDebt": 4116951000, "otherLiab": 175312000, "totalCurrentLiabilities": 4685665000, "totalLiab": 8977928000, "commonStock": 280000000, "treasuryStock": 15422439000, "otherStockholderEquity": 15422439000, "totalStockholderEquity": 15702439000, "netTangibleAssets": 15702439000}, {"maxAge": 1, "endDate": "2019-03-31", "cash": 843162000, "shortTermInvestments": 130931000, "netReceivables": 4023076000, "inventory": 1911342000, "otherCurrentAssets": 183445000, "totalCurrentAssets": 7102752000, "longTermInvestments": 37501000, "propertyPlantEquipment": 17520199000, "otherAssets": 3851000, "totalAssets": 24664303000, "accountsPayable": 1262834000, "shortLongTermDebt": 1317579000, "otherCurrentLiab": 870384000, "longTermDebt": 5202628000, "otherLiab": 145667000, "totalCurrentLiabilities": 3501809000, "totalLiab": 8850104000, "commonStock": 280000000, "retainedEarnings": 15189016000, "treasuryStock": 345183000, "otherStockholderEquity": 345183000, "totalStockholderEquity": 15814199000, "netTangibleAssets": 15814199000}, {"maxAge": 1, "endDate": "2018-03-31", "cash": 820895000, "shortTermInvestments": 131151000, "netReceivables": 3958530000, "inventory": 1926504000, "otherCurrentAssets": 967070000, "totalCurrentAssets": 7822401000, "longTermInvestments": 37501000, "propertyPlantEquipment": 18594618000, "otherAssets": 4524000, "totalAssets": 26459044000, "accountsPayable": 1800641000, "shortLongTermDebt": 1370758000, "otherCurrentLiab": 924540000, "longTermDebt": 6724047000, "otherLiab": 141982000, "totalCurrentLiabilities": 4151993000, "totalLiab": 11018022000, "commonStock": 280000000, "retainedEarnings": 14815838000, "treasuryStock": 345184000, "otherStockholderEquity": 345184000, "totalStockholderEquity": 15441022000, "netTangibleAssets": 15441022000}, {"maxAge": 1, "endDate": "2017-03-31", "cash": 700957000, "shortTermInvestments": 145312000, "netReceivables": 4486595000, "inventory": 1942695000, "otherCurrentAssets": 941481000, "totalCurrentAssets": 8236799000, "longTermInvestments": 37501000, "propertyPlantEquipment": 18358973000, "otherAssets": 29418000, "totalAssets": 26662691000, "accountsPayable": 2114177000, "shortLongTermDebt": 1175427000, "otherCurrentLiab": 1033279000, "longTermDebt": 7002351000, "otherLiab": 83228000, "totalCurrentLiabilities": 4370876000, "totalLiab": 11456455000, "commonStock": 280000000, "retainedEarnings": 14581052000, "treasuryStock": 345184000, "otherStockholderEquity": 345184000, "totalStockholderEquity": 15206236000, "netTangibleAssets": 15206236000}], "maxAge": 86400}, "earningsTrend": {"trend": [{"maxAge": 1, "period": "0q", "endDate": null, "growth": {}, "earningsEstimate": {"avg": 0.0, "low": 0.0, "high": 0.0, "yearAgoEps": {}, "numberOfAnalysts": 0, "growth": {}}, "revenueEstimate": {"avg": 0, "low": 0, "high": 0, "numberOfAnalysts": 0, "yearAgoRevenue": {}, "growth": {}}, "epsTrend": {"current": 0.0, "7daysAgo": 0.0, "30daysAgo": 0.0, "60daysAgo": 0.0, "90daysAgo": 0.0}, "epsRevisions": {"upLast7days": 0, "upLast30days": 0, "downLast30days": 0, "downLast90days": {}}}, {"maxAge": 1, "period": "+1q", "endDate": null, "growth": {}, "earningsEstimate": {"avg": 0.0, "low": 0.0, "high": 0.0, "yearAgoEps": {}, "numberOfAnalysts": 0, "growth": {}}, "revenueEstimate": {"avg": 0, "low": 0, "high": 0, "numberOfAnalysts": 0, "yearAgoRevenue": {}, "growth": {}}, "epsTrend": {"current": 0.0, "7daysAgo": 0.0, "30daysAgo": 0.0, "60daysAgo": 0.0, "90daysAgo": 0.0}, "epsRevisions": {"upLast7days": 0, "upLast30days": 0, "downLast30days": 0, "downLast90days": {}}}, {"maxAge": 1, "period": "0y", "endDate": null, "growth": {}, "earningsEstimate": {"avg": 0.0, "low": 0.0, "high": 0.0, "yearAgoEps": {}, "numberOfAnalysts": 0, "growth": {}}, "revenueEstimate": {"avg": 0, "low": 0, "high": 0, "numberOfAnalysts": 0, "yearAgoRevenue": {}, "growth": {}}, "epsTrend": {"current": 0.0, "7daysAgo": 0.0, "30daysAgo": 0.0, "60daysAgo": 0.0, "90daysAgo": 0.0}, "epsRevisions": {"upLast7days": 0, "upLast30days": 0, "downLast30days": 0, "downLast90days": {}}}, {"maxAge": 1, "period": "+1y", "endDate": null, "growth": {}, "earningsEstimate": {"avg": 0.0, "low": 0.0, "high": 0.0, "yearAgoEps": {}, "numberOfAnalysts": 0, "growth": {}}, "revenueEstimate": {"avg": 0, "low": 0, "high": 0, "numberOfAnalysts": 0, "yearAgoRevenue": {}, "growth": {}}, "epsTrend": {"current": 0.0, "7daysAgo": 0.0, "30daysAgo": 0.0, "60daysAgo": 0.0, "90daysAgo": 0.0}, "epsRevisions": {"upLast7days": 0, "upLast30days": 0, "downLast30days": 0, "downLast90days": {}}}, {"maxAge": 1, "period": "+5y", "endDate": null, "growth": {}, "earningsEstimate": {"avg": {}, "low": {}, "high": {}, "yearAgoEps": {}, "numberOfAnalysts": {}, "growth": {}}, "revenueEstimate": {"avg": {}, "low": {}, "high": {}, "numberOfAnalysts": {}, "yearAgoRevenue": {}, "growth": {}}, "epsTrend": {"current": {}, "7daysAgo": {}, "30daysAgo": {}, "60daysAgo": {}, "90daysAgo": {}}, "epsRevisions": {"upLast7days": {}, "upLast30days": {}, "downLast30days": {}, "downLast90days": {}}}, {"maxAge": 1, "period": "-5y", "endDate": null, "growth": {}, "earningsEstimate": {"avg": {}, "low": {}, "high": {}, "yearAgoEps": {}, "numberOfAnalysts": {}, "growth": {}}, "revenueEstimate": {"avg": {}, "low": {}, "high": {}, "numberOfAnalysts": {}, "yearAgoRevenue": {}, "growth": {}}, "epsTrend": {"current": {}, "7daysAgo": {}, "30daysAgo": {}, "60daysAgo": {}, "90daysAgo": {}}, "epsRevisions": {"upLast7days": {}, "upLast30days": {}, "downLast30days": {}, "downLast90days": {}}}], "maxAge": 1}, "financialData": {"maxAge": 86400, "currentPrice": 362.85, "targetHighPrice": 350.0, "targetLowPrice": 350.0, "targetMeanPrice": 350.0, "targetMedianPrice": 350.0, "recommendationKey": "none", "numberOfAnalystOpinions": 1, "grossProfits": 6557042000, "financialCurrency": "INR"}}}