{"DREDGECORP.NS": {"assetProfile": {"address1": "Dredge House", "address2": "HB Colony Main Road Seethammadhara", "city": "Visakhapatnam", "zip": "530022", "country": "India", "phone": "91 89 1252 3250", "fax": "91 89 1256 0581", "website": "http://www.dredge-india.com", "industry": "Engineering & Construction", "sector": "Industrials", "longBusinessSummary": "Dredging Corporation of India Limited provides dredging services to various ports, Indian navy, fishing harbors, and other maritime organizations in India and internationally. The company offers capital dredging, maintenance dredging, beach nourishment, land reclamation, shallow water dredging, project management consultancy, and marine construction services. The company operates through a fleet of 10 trailer suction hopper dredgers, 2 cutter suction dredgers, 1 back hoe dredger, and 1 inland cutter suction dredger, as well as other ancillary crafts. Dredging Corporation of India Limited was founded in 1976 and is headquartered in Visakhapatnam, India.", "fullTimeEmployees": 347, "companyOfficers": [{"maxAge": 1, "name": "Dr. George Yesu Vedha Victor", "age": 50, "title": "MD, CEO & Additional Exec. Director", "yearBorn": 1970, "exercisedValue": 0, "unexercisedValue": 0}, {"maxAge": 1, "name": "Mr. D.  Subbarao", "age": 57, "title": "Head of Fin. Department & CFO", "yearBorn": 1963, "exercisedValue": 0, "unexercisedValue": 0}, {"maxAge": 1, "name": "Captain S.  Divakar", "title": "Chief Gen. Mang. of Operations", "exercisedValue": 0, "unexercisedValue": 0}, {"maxAge": 1, "name": "Mr. Kadiyala Aswini Sreekanth", "title": "Company Sec. & Compliance Officer", "fiscalYear": 2017, "totalPay": 1704000, "exercisedValue": 0, "unexercisedValue": 0}, {"maxAge": 1, "name": "Mr. V. Narasimha Rao", "title": "Deputy Gen. Mang. of Legal & Purchase Process Department", "exercisedValue": 0, "unexercisedValue": 0}, {"maxAge": 1, "name": "Mr. T. Prasada Rao", "title": "Joint Gen. Mang. of HR", "exercisedValue": 0, "unexercisedValue": 0}, {"maxAge": 1, "name": "Mr. K. K. Chakravarthy", "title": "Deputy Chief Vigilance Officer", "exercisedValue": 0, "unexercisedValue": 0}, {"maxAge": 1, "name": "Mr. T. V. Suresh Kumar", "title": "Joint Gen. Mang. of OPS", "exercisedValue": 0, "unexercisedValue": 0}], "compensationAsOfEpochDate": "2017-12-31 05:30:00", "maxAge": 86400}, "recommendationTrend": {"trend": [{"period": "0m", "strongBuy": 0, "buy": 0, "hold": 0, "sell": 0, "strongSell": 0}, {"period": "-1m", "strongBuy": 0, "buy": 0, "hold": 0, "sell": 0, "strongSell": 0}, {"period": "-2m", "strongBuy": 0, "buy": 0, "hold": 0, "sell": 0, "strongSell": 0}, {"period": "-3m", "strongBuy": 0, "buy": 0, "hold": 0, "sell": 0, "strongSell": 0}], "maxAge": 86400}, "cashflowStatementHistory": {"cashflowStatements": [{"maxAge": 1, "endDate": "2020-03-31", "netIncome": 55132000, "depreciation": 1171316000, "changeToNetincome": -98618000, "changeToAccountReceivables": -247893000, "changeToLiabilities": 1278903000, "changeToInventory": -170311000, "changeToOperatingActivities": -815051000, "totalCashFromOperatingActivities": 1173478000, "capitalExpenditures": -335000, "otherCashflowsFromInvestingActivities": 59197000, "totalCashflowsFromInvestingActivities": 58862000, "dividendsPaid": -84000000, "netBorrowings": -1317189000, "otherCashflowsFromFinancingActivities": -17266000, "totalCashFromFinancingActivities": -1418455000, "changeInCash": -186114000}, {"maxAge": 1, "endDate": "2019-03-31", "netIncome": 380272000, "depreciation": 1129138000, "changeToNetincome": -431431000, "changeToAccountReceivables": 104678000, "changeToLiabilities": -713868000, "changeToInventory": 36404000, "changeToOperatingActivities": 976223000, "totalCashFromOperatingActivities": 1481416000, "capitalExpenditures": -44644000, "otherCashflowsFromInvestingActivities": 77819000, "totalCashflowsFromInvestingActivities": 34709000, "dividendsPaid": -56000000, "netBorrowings": -1381919000, "otherCashflowsFromFinancingActivities": -11511000, "totalCashFromFinancingActivities": -1449430000, "changeInCash": 66695000}, {"maxAge": 1, "endDate": "2018-03-31", "netIncome": 171428000, "depreciation": 1131776000, "changeToNetincome": 192370000, "changeToAccountReceivables": 681619000, "changeToLiabilities": -412499000, "changeToInventory": 38212000, "changeToOperatingActivities": -425294000, "totalCashFromOperatingActivities": 1377612000, "capitalExpenditures": -81900000, "otherCashflowsFromInvestingActivities": 92300000, "totalCashflowsFromInvestingActivities": 10400000, "dividendsPaid": -56000000, "netBorrowings": -1267992000, "otherCashflowsFromFinancingActivities": -11511000, "totalCashFromFinancingActivities": -1267992000, "changeInCash": 120020000}, {"maxAge": 1, "endDate": "2017-03-31", "netIncome": 74064000, "depreciation": 996043000, "changeToNetincome": -310623000, "changeToAccountReceivables": 1091124000, "changeToLiabilities": -101034000, "changeToInventory": -610598000, "changeToOperatingActivities": -269696000, "totalCashFromOperatingActivities": 869280000, "capitalExpenditures": -127160000, "otherCashflowsFromInvestingActivities": 51096000, "totalCashflowsFromInvestingActivities": -76064000, "dividendsPaid": -84000000, "netBorrowings": -1307821000, "otherCashflowsFromFinancingActivities": -17100000, "totalCashFromFinancingActivities": -1408921000, "changeInCash": -615705000}], "maxAge": 86400}, "indexTrend": {"maxAge": 1, "symbol": "SP5", "peRatio": 19.7411, "pegRatio": 1.34172, "estimates": [{"period": "0q", "growth": 0.549}, {"period": "+1q", "growth": 0.431}, {"period": "0y", "growth": 0.305}, {"period": "+1y", "growth": 0.109}, {"period": "+5y", "growth": 0.120865}, {"period": "-5y"}]}, "defaultKeyStatistics": {"maxAge": 1, "priceHint": 2, "enterpriseValue": 13936638976, "profitMargins": -0.08465, "floatShares": 7424322, "sharesOutstanding": 28000000, "heldPercentInsiders": 0.73493, "heldPercentInstitutions": 0.06201, "beta": 1.612151, "category": null, "bookValue": 548.047, "priceToBook": 0.6634468, "fundFamily": null, "legalType": null, "lastFiscalYearEnd": "2020-03-31 05:30:00", "nextFiscalYearEnd": "2022-03-31 05:30:00", "mostRecentQuarter": "2020-12-31 05:30:00", "netIncomeToCommon": -659860992, "trailingEps": -23.585, "lastSplitFactor": null, "enterpriseToRevenue": 1.788, "enterpriseToEbitda": 17.652}, "industryTrend": {"maxAge": 1, "symbol": null, "estimates": []}, "quoteType": {"exchange": "NSI", "quoteType": "EQUITY", "symbol": "DREDGECORP.NS", "underlyingSymbol": "DREDGECORP.NS", "shortName": "DREDGING CORP IND", "longName": "Dredging Corporation of India Limited", "firstTradeDateEpochUtc": "2004-01-15 09:15:00", "timeZoneFullName": "Asia/Kolkata", "timeZoneShortName": "IST", "uuid": "dba60897-b4ea-34be-bbff-0d760dc4703b", "gmtOffSetMilliseconds": 19800000, "maxAge": 1}, "incomeStatementHistory": {"incomeStatementHistory": [{"maxAge": 1, "endDate": "2020-03-31", "totalRevenue": 7496893000, "costOfRevenue": 939851000, "grossProfit": 6557042000, "researchDevelopment": {}, "sellingGeneralAdministrative": {}, "nonRecurring": {}, "otherOperatingExpenses": 5124765000, "totalOperatingExpenses": 7235932000, "operatingIncome": 260961000, "totalOtherIncomeExpenseNet": -126805000, "ebit": 260961000, "interestExpense": -165849000, "incomeBeforeTax": 134156000, "incomeTaxExpense": 79024000, "minorityInterest": {}, "netIncomeFromContinuingOps": 55132000, "discontinuedOperations": {}, "extraordinaryItems": {}, "effectOfAccountingCharges": {}, "otherItems": {}, "netIncome": 55132000, "netIncomeApplicableToCommonShares": 55132000}, {"maxAge": 1, "endDate": "2019-03-31", "totalRevenue": 6917386000, "costOfRevenue": 1287967000, "grossProfit": 5629419000, "researchDevelopment": {}, "sellingGeneralAdministrative": 58969000, "nonRecurring": {}, "otherOperatingExpenses": 3899942000, "totalOperatingExpenses": 6376016000, "operatingIncome": 541370000, "totalOtherIncomeExpenseNet": -107630000, "ebit": 541370000, "interestExpense": -172035000, "incomeBeforeTax": 433740000, "incomeTaxExpense": 53468000, "minorityInterest": {}, "netIncomeFromContinuingOps": 380272000, "discontinuedOperations": {}, "extraordinaryItems": {}, "effectOfAccountingCharges": {}, "otherItems": {}, "netIncome": 380272000, "netIncomeApplicableToCommonShares": 380272000}, {"maxAge": 1, "endDate": "2018-03-31", "totalRevenue": 5918736000, "costOfRevenue": 1132395000, "grossProfit": 4786341000, "researchDevelopment": {}, "sellingGeneralAdministrative": 67567000, "nonRecurring": {}, "otherOperatingExpenses": 3369461000, "totalOperatingExpenses": 5701199000, "operatingIncome": 217537000, "totalOtherIncomeExpenseNet": 147000, "ebit": 217537000, "interestExpense": -175659000, "incomeBeforeTax": 217684000, "incomeTaxExpense": 46256000, "minorityInterest": {}, "netIncomeFromContinuingOps": 171428000, "discontinuedOperations": {}, "extraordinaryItems": {}, "effectOfAccountingCharges": {}, "otherItems": {}, "netIncome": 171428000, "netIncomeApplicableToCommonShares": 171428000}, {"maxAge": 1, "endDate": "2017-03-31", "totalRevenue": 5851477000, "costOfRevenue": 1519124000, "grossProfit": 4332353000, "researchDevelopment": {}, "sellingGeneralAdministrative": 76274000, "nonRecurring": {}, "otherOperatingExpenses": 3093264000, "totalOperatingExpenses": 5684705000, "operatingIncome": 166772000, "totalOtherIncomeExpenseNet": -43989000, "ebit": 166772000, "interestExpense": -180823000, "incomeBeforeTax": 122783000, "incomeTaxExpense": 48719000, "minorityInterest": {}, "netIncomeFromContinuingOps": 74064000, "discontinuedOperations": {}, "extraordinaryItems": {}, "effectOfAccountingCharges": {}, "otherItems": {}, "netIncome": 74064000, "netIncomeApplicableToCommonShares": 74064000}], "maxAge": 86400}, "fundOwnership": {"ownershipList": [{"maxAge": 1, "reportDate": "2021-01-31", "organization": "DFA Emerging Markets Core Equity Portfolio", "pctHeld": 0.0001, "position": 2235, "value": 628258}, {"maxAge": 1, "reportDate": "2021-01-31", "organization": "DFA T.A. World Ex U.S. Core Equity Portfolio", "pctHeld": 0.0001, "position": 1860, "value": 522846}, {"maxAge": 1, "reportDate": "2021-01-31", "organization": "DFA Investment Dimensions-World Ex U.S. Core Equity Port", "pctHeld": 0.0001, "position": 1813, "value": 509634}], "maxAge": 1}, "summaryDetail": {"maxAge": 1, "priceHint": 2, "previousClose": 353.75, "open": 350.0, "dayLow": 350.0, "dayHigh": 384.0, "regularMarketPreviousClose": 353.75, "regularMarketOpen": 350.0, "regularMarketDayLow": 350.0, "regularMarketDayHigh": 384.0, "exDividendDate": "2019-07-31 05:30:00", "payoutRatio": 0.0, "beta": 1.612151, "volume": 599422, "regularMarketVolume": 599422, "averageVolume": 433709, "averageVolume10days": 260909, "averageDailyVolume10Day": 260909, "bid": 0.0, "ask": 0.0, "bidSize": 0, "askSize": 0, "marketCap": 10176473088, "fiftyTwoWeekLow": 154.8, "fiftyTwoWeekHigh": 457.95, "priceToSalesTrailing12Months": 1.3055102, "fiftyDayAverage": 369.25443, "twoHundredDayAverage": 299.83936, "trailingAnnualDividendRate": 3.0, "trailingAnnualDividendYield": 0.008480566, "currency": "INR", "fromCurrency": null, "lastMarket": null, "algorithm": null, "tradeable": false}, "insiderHolders": {"holders": [{"maxAge": 1, "name": "President of India", "relation": "Promoter", "url": "", "transactionDescription": "Sale", "latestTransDate": "2015-08-21", "positionDirect": 20597700, "positionDirectDate": "2015-08-21"}], "maxAge": 1}, "calendarEvents": {"maxAge": 1, "earnings": {"earningsDate": []}, "exDividendDate": "2019-07-31 05:30:00"}, "upgradeDowngradeHistory": {"history": [], "maxAge": 86400}, "price": {"maxAge": 1, "regularMarketChangePercent": 0.02784454, "regularMarketChange": 9.850006, "regularMarketTime": "2021-04-30 15:29:58", "priceHint": 2, "regularMarketPrice": 363.6, "regularMarketDayHigh": 384.0, "regularMarketDayLow": 350.0, "regularMarketVolume": 599422, "averageDailyVolume10Day": 260909, "averageDailyVolume3Month": 433709, "regularMarketPreviousClose": 353.75, "regularMarketSource": "FREE_REALTIME", "regularMarketOpen": 350.0, "exchange": "NSI", "exchangeName": "NSE", "exchangeDataDelayedBy": 15, "marketState": "CLOSED", "quoteType": "EQUITY", "symbol": "DREDGECORP.NS", "underlyingSymbol": null, "shortName": "DREDGING CORP IND", "longName": "Dredging Corporation of India Limited", "currency": "INR", "quoteSourceName": "Delayed Quote", "currencySymbol": "\u20b9", "fromCurrency": null, "lastMarket": null, "marketCap": 10176473088}, "balanceSheetHistory": {"balanceSheetStatements": [{"maxAge": 1, "endDate": "2020-03-31", "cash": 696385000, "shortTermInvestments": 168283000, "netReceivables": 4549528000, "inventory": 2081653000, "otherCurrentAssets": 546610000, "totalCurrentAssets": 8049939000, "propertyPlantEquipment": 16625736000, "otherAssets": 4692000, "totalAssets": 24680367000, "accountsPayable": 1303015000, "shortLongTermDebt": 1404048000, "otherCurrentLiab": 1517109000, "longTermDebt": 4116951000, "otherLiab": 175313000, "totalCurrentLiabilities": 4685664000, "totalLiab": 8977928000, "commonStock": 280000000, "retainedEarnings": 15077256000, "treasuryStock": 345183000, "otherStockholderEquity": 345183000, "totalStockholderEquity": 15702439000, "netTangibleAssets": 15702439000}, {"maxAge": 1, "endDate": "2019-03-31", "cash": 843161000, "shortTermInvestments": 130931000, "netReceivables": 3998894000, "inventory": 1869897000, "otherCurrentAssets": 440598000, "totalCurrentAssets": 7294277000, "longTermInvestments": 37501000, "propertyPlantEquipment": 17263047000, "otherAssets": 3851000, "totalAssets": 24598676000, "accountsPayable": 1262834000, "shortLongTermDebt": 1317579000, "otherCurrentLiab": 869906000, "longTermDebt": 5202628000, "otherLiab": 145667000, "totalCurrentLiabilities": 3501808000, "totalLiab": 8850103000, "commonStock": 280000000, "retainedEarnings": 15123390000, "treasuryStock": 345183000, "otherStockholderEquity": 345183000, "totalStockholderEquity": 15748573000, "netTangibleAssets": 15748573000}, {"maxAge": 1, "endDate": "2018-03-31", "cash": 820895000, "shortTermInvestments": 131151000, "netReceivables": 3958530000, "inventory": 1926504000, "otherCurrentAssets": 967070000, "totalCurrentAssets": 7822401000, "longTermInvestments": 37501000, "propertyPlantEquipment": 18594618000, "otherAssets": 4524000, "totalAssets": 26459044000, "accountsPayable": 1800641000, "shortLongTermDebt": 1370758000, "otherCurrentLiab": 924540000, "longTermDebt": 6724047000, "otherLiab": 141982000, "totalCurrentLiabilities": 4151993000, "totalLiab": 11018022000, "commonStock": 280000000, "retainedEarnings": 14815838000, "treasuryStock": 345184000, "otherStockholderEquity": 345184000, "totalStockholderEquity": 15441022000, "netTangibleAssets": 15441022000}, {"maxAge": 1, "endDate": "2017-03-31", "cash": 700957000, "shortTermInvestments": 145312000, "netReceivables": 4486595000, "inventory": 1942695000, "otherCurrentAssets": 941481000, "totalCurrentAssets": 8236799000, "longTermInvestments": 37501000, "propertyPlantEquipment": 18358973000, "otherAssets": 29418000, "totalAssets": 26662691000, "accountsPayable": 2114177000, "shortLongTermDebt": 1175427000, "otherCurrentLiab": 1033279000, "longTermDebt": 7002351000, "otherLiab": 83228000, "totalCurrentLiabilities": 4370876000, "totalLiab": 11456455000, "commonStock": 280000000, "retainedEarnings": 14581052000, "treasuryStock": 345184000, "otherStockholderEquity": 345184000, "totalStockholderEquity": 15206236000, "netTangibleAssets": 15206236000}], "maxAge": 86400}, "earningsTrend": {"trend": [{"maxAge": 1, "period": "0q", "endDate": null, "growth": {}, "earningsEstimate": {"avg": 0.0, "low": 0.0, "high": 0.0, "yearAgoEps": {}, "numberOfAnalysts": 0, "growth": {}}, "revenueEstimate": {"avg": 0, "low": 0, "high": 0, "numberOfAnalysts": 0, "yearAgoRevenue": {}, "growth": {}}, "epsTrend": {"current": 0.0, "7daysAgo": 0.0, "30daysAgo": 0.0, "60daysAgo": 0.0, "90daysAgo": 0.0}, "epsRevisions": {"upLast7days": 0, "upLast30days": 0, "downLast30days": 0, "downLast90days": {}}}, {"maxAge": 1, "period": "+1q", "endDate": null, "growth": {}, "earningsEstimate": {"avg": 0.0, "low": 0.0, "high": 0.0, "yearAgoEps": {}, "numberOfAnalysts": 0, "growth": {}}, "revenueEstimate": {"avg": 0, "low": 0, "high": 0, "numberOfAnalysts": 0, "yearAgoRevenue": {}, "growth": {}}, "epsTrend": {"current": 0.0, "7daysAgo": 0.0, "30daysAgo": 0.0, "60daysAgo": 0.0, "90daysAgo": 0.0}, "epsRevisions": {"upLast7days": 0, "upLast30days": 0, "downLast30days": 0, "downLast90days": {}}}, {"maxAge": 1, "period": "0y", "endDate": null, "growth": {}, "earningsEstimate": {"avg": 0.0, "low": 0.0, "high": 0.0, "yearAgoEps": {}, "numberOfAnalysts": 0, "growth": {}}, "revenueEstimate": {"avg": 0, "low": 0, "high": 0, "numberOfAnalysts": 0, "yearAgoRevenue": {}, "growth": {}}, "epsTrend": {"current": 0.0, "7daysAgo": 0.0, "30daysAgo": 0.0, "60daysAgo": 0.0, "90daysAgo": 0.0}, "epsRevisions": {"upLast7days": 0, "upLast30days": 0, "downLast30days": 0, "downLast90days": {}}}, {"maxAge": 1, "period": "+1y", "endDate": null, "growth": {}, "earningsEstimate": {"avg": 0.0, "low": 0.0, "high": 0.0, "yearAgoEps": {}, "numberOfAnalysts": 0, "growth": {}}, "revenueEstimate": {"avg": 0, "low": 0, "high": 0, "numberOfAnalysts": 0, "yearAgoRevenue": {}, "growth": {}}, "epsTrend": {"current": 0.0, "7daysAgo": 0.0, "30daysAgo": 0.0, "60daysAgo": 0.0, "90daysAgo": 0.0}, "epsRevisions": {"upLast7days": 0, "upLast30days": 0, "downLast30days": 0, "downLast90days": {}}}, {"maxAge": 1, "period": "+5y", "endDate": null, "growth": {}, "earningsEstimate": {"avg": {}, "low": {}, "high": {}, "yearAgoEps": {}, "numberOfAnalysts": {}, "growth": {}}, "revenueEstimate": {"avg": {}, "low": {}, "high": {}, "numberOfAnalysts": {}, "yearAgoRevenue": {}, "growth": {}}, "epsTrend": {"current": {}, "7daysAgo": {}, "30daysAgo": {}, "60daysAgo": {}, "90daysAgo": {}}, "epsRevisions": {"upLast7days": {}, "upLast30days": {}, "downLast30days": {}, "downLast90days": {}}}, {"maxAge": 1, "period": "-5y", "endDate": null, "growth": -0.10398, "earningsEstimate": {"avg": {}, "low": {}, "high": {}, "yearAgoEps": {}, "numberOfAnalysts": {}, "growth": {}}, "revenueEstimate": {"avg": {}, "low": {}, "high": {}, "numberOfAnalysts": {}, "yearAgoRevenue": {}, "growth": {}}, "epsTrend": {"current": {}, "7daysAgo": {}, "30daysAgo": {}, "60daysAgo": {}, "90daysAgo": {}}, "epsRevisions": {"upLast7days": {}, "upLast30days": {}, "downLast30days": {}, "downLast90days": {}}}], "maxAge": 1}, "institutionOwnership": {"ownershipList": [], "maxAge": 1}, "majorHoldersBreakdown": {"maxAge": 1, "insidersPercentHeld": 0.73493, "institutionsPercentHeld": 0.06201, "institutionsFloatPercentHeld": 0.23395, "institutionsCount": 3}, "balanceSheetHistoryQuarterly": {"balanceSheetStatements": [{"maxAge": 1, "endDate": "2020-12-31", "totalStockholderEquity": 15342468000, "netTangibleAssets": 15342468000}, {"maxAge": 1, "endDate": "2020-09-30", "cash": 761625000, "shortTermInvestments": 1024555000, "netReceivables": 2814519000, "inventory": 1967509000, "otherCurrentAssets": 414130000, "totalCurrentAssets": 6982338000, "propertyPlantEquipment": 16690683000, "otherAssets": 4692000, "totalAssets": 23677713000, "accountsPayable": 1390463000, "shortLongTermDebt": 2197511000, "otherCurrentLiab": 891485000, "longTermDebt": 3625373000, "otherLiab": 189713000, "totalCurrentLiabilities": 4520159000, "totalLiab": 8335245000, "commonStock": 280000000, "treasuryStock": 15062468000, "otherStockholderEquity": 15062468000, "totalStockholderEquity": 15342468000, "netTangibleAssets": 15342468000}, {"maxAge": 1, "endDate": "2020-06-30", "totalStockholderEquity": 15702439000, "netTangibleAssets": 15702439000}, {"maxAge": 1, "endDate": "2020-03-31", "cash": 696385000, "shortTermInvestments": 168283000, "netReceivables": 4549528000, "inventory": 2081653000, "otherCurrentAssets": 546610000, "totalCurrentAssets": 8049939000, "propertyPlantEquipment": 16625736000, "otherAssets": 4692000, "totalAssets": 24680367000, "accountsPayable": 1303015000, "shortLongTermDebt": 1404048000, "otherCurrentLiab": 1517109000, "longTermDebt": 4116951000, "otherLiab": 175313000, "totalCurrentLiabilities": 4685664000, "totalLiab": 8977928000, "commonStock": 280000000, "retainedEarnings": 15077256000, "treasuryStock": 345183000, "otherStockholderEquity": 345183000, "totalStockholderEquity": 15702439000, "netTangibleAssets": 15702439000}], "maxAge": 86400}, "earningsHistory": {"history": [{"maxAge": 1, "epsActual": {}, "epsEstimate": {}, "epsDifference": {}, "surprisePercent": {}, "quarter": {}, "period": "-4q"}, {"maxAge": 1, "epsActual": {}, "epsEstimate": {}, "epsDifference": {}, "surprisePercent": {}, "quarter": {}, "period": "-3q"}, {"maxAge": 1, "epsActual": {}, "epsEstimate": {}, "epsDifference": {}, "surprisePercent": {}, "quarter": {}, "period": "-2q"}, {"maxAge": 1, "epsActual": {}, "epsEstimate": {}, "epsDifference": {}, "surprisePercent": {}, "quarter": {}, "period": "-1q"}], "maxAge": 86400}, "summaryProfile": {"address1": "Dredge House", "address2": "HB Colony Main Road Seethammadhara", "city": "Visakhapatnam", "zip": "530022", "country": "India", "phone": "91 89 1252 3250", "fax": "91 89 1256 0581", "website": "http://www.dredge-india.com", "industry": "Engineering & Construction", "sector": "Industrials", "longBusinessSummary": "Dredging Corporation of India Limited provides dredging services to various ports, Indian navy, fishing harbors, and other maritime organizations in India and internationally. The company offers capital dredging, maintenance dredging, beach nourishment, land reclamation, shallow water dredging, project management consultancy, and marine construction services. The company operates through a fleet of 10 trailer suction hopper dredgers, 2 cutter suction dredgers, 1 back hoe dredger, and 1 inland cutter suction dredger, as well as other ancillary crafts. Dredging Corporation of India Limited was founded in 1976 and is headquartered in Visakhapatnam, India.", "fullTimeEmployees": 347, "companyOfficers": [], "maxAge": 86400}, "netSharePurchaseActivity": {"maxAge": 1, "period": "6m", "buyInfoCount": 0, "buyInfoShares": 0, "sellInfoCount": 0, "netInfoCount": 0, "netInfoShares": 0, "netPercentInsiderShares": 0.0, "totalInsiderShares": 20567518}, "insiderTransactions": {"transactions": [{"maxAge": 1, "shares": 1400000, "filerUrl": "", "transactionText": "", "filerName": "President of India", "filerRelation": "Promoter", "moneyText": "", "startDate": "2015-08-21", "ownership": "D"}], "maxAge": 1}, "sectorTrend": {"maxAge": 1, "symbol": null, "estimates": []}, "incomeStatementHistoryQuarterly": {"incomeStatementHistory": [{"maxAge": 1, "endDate": "2020-12-31", "totalRevenue": 2590400000, "costOfRevenue": 235728000, "grossProfit": 2354672000, "researchDevelopment": {}, "sellingGeneralAdministrative": {}, "nonRecurring": {}, "otherOperatingExpenses": 2264511000, "totalOperatingExpenses": 2802462000, "operatingIncome": -212062000, "totalOtherIncomeExpenseNet": -41622000, "ebit": -212062000, "interestExpense": -47143000, "incomeBeforeTax": -253684000, "incomeTaxExpense": 2385000, "minorityInterest": {}, "netIncomeFromContinuingOps": -256069000, "discontinuedOperations": {}, "extraordinaryItems": {}, "effectOfAccountingCharges": {}, "otherItems": {}, "netIncome": -256069000, "netIncomeApplicableToCommonShares": -256069000}, {"maxAge": 1, "endDate": "2020-09-30", "totalRevenue": 1253882000, "costOfRevenue": 251243000, "grossProfit": 1002639000, "researchDevelopment": {}, "sellingGeneralAdministrative": {}, "nonRecurring": {}, "otherOperatingExpenses": 1125629000, "totalOperatingExpenses": 1685743000, "operatingIncome": -431861000, "totalOtherIncomeExpenseNet": -37352000, "ebit": -431861000, "interestExpense": -45739000, "incomeBeforeTax": -469213000, "incomeTaxExpense": 5299000, "minorityInterest": {}, "netIncomeFromContinuingOps": -474512000, "discontinuedOperations": {}, "extraordinaryItems": {}, "effectOfAccountingCharges": {}, "otherItems": {}, "netIncome": -474512000, "netIncomeApplicableToCommonShares": -474512000}, {"maxAge": 1, "endDate": "2020-06-30", "totalRevenue": 1674548000, "costOfRevenue": 232495000, "grossProfit": 1442053000, "researchDevelopment": {}, "sellingGeneralAdministrative": {}, "nonRecurring": {}, "otherOperatingExpenses": 996660000, "totalOperatingExpenses": 1526873000, "operatingIncome": 147675000, "totalOtherIncomeExpenseNet": -29930000, "ebit": 147675000, "interestExpense": -37605000, "incomeBeforeTax": 117745000, "incomeTaxExpense": 3204000, "minorityInterest": {}, "netIncomeFromContinuingOps": 114541000, "discontinuedOperations": {}, "extraordinaryItems": {}, "effectOfAccountingCharges": {}, "otherItems": {}, "netIncome": 114541000, "netIncomeApplicableToCommonShares": 114541000}, {"maxAge": 1, "endDate": "2020-03-31", "totalRevenue": 2276186000, "costOfRevenue": 272292000, "grossProfit": 2003894000, "researchDevelopment": {}, "sellingGeneralAdministrative": {}, "nonRecurring": {}, "otherOperatingExpenses": 1618063000, "totalOperatingExpenses": 2193374000, "operatingIncome": 82812000, "totalOtherIncomeExpenseNet": -55851000, "ebit": 82812000, "interestExpense": -44896000, "incomeBeforeTax": 26961000, "incomeTaxExpense": 70781000, "minorityInterest": {}, "netIncomeFromContinuingOps": -43820000, "discontinuedOperations": {}, "extraordinaryItems": {}, "effectOfAccountingCharges": {}, "otherItems": {}, "netIncome": -43820000, "netIncomeApplicableToCommonShares": -43820000}], "maxAge": 86400}, "cashflowStatementHistoryQuarterly": {"cashflowStatements": [{"maxAge": 1, "endDate": "2020-12-31", "netIncome": -256069000, "changeToLiabilities": 0}, {"maxAge": 1, "endDate": "2020-09-30", "netIncome": -474512000, "changeToLiabilities": 0}, {"maxAge": 1, "endDate": "2020-06-30", "netIncome": 114541000, "changeToLiabilities": 0}, {"maxAge": 1, "endDate": "2020-03-31", "netIncome": -43820000, "changeToLiabilities": 0}], "maxAge": 86400}, "earnings": {"maxAge": 86400, "earningsChart": {"quarterly": [], "earningsDate": []}, "financialsChart": {"yearly": [{"date": 2017, "revenue": 5851477000, "earnings": 74064000}, {"date": 2018, "revenue": 5918736000, "earnings": 171428000}, {"date": 2019, "revenue": 6917386000, "earnings": 380272000}, {"date": 2020, "revenue": 7496893000, "earnings": 55132000}], "quarterly": [{"date": "1Q2020", "revenue": 2276186000, "earnings": -43820000}, {"date": "2Q2020", "revenue": 1674548000, "earnings": 114541000}, {"date": "3Q2020", "revenue": 1253882000, "earnings": -474512000}, {"date": "4Q2020", "revenue": 2590400000, "earnings": -256069000}]}, "financialCurrency": "INR"}, "financialData": {"maxAge": 86400, "currentPrice": 363.6, "targetHighPrice": 540.0, "targetLowPrice": 540.0, "targetMeanPrice": 540.0, "targetMedianPrice": 540.0, "recommendationMean": 3.0, "recommendationKey": "hold", "numberOfAnalystOpinions": 1, "totalCash": 1786179968, "totalCashPerShare": 63.825, "ebitda": 789513472, "totalDebt": 5822883840, "totalRevenue": 7795016192, "debtToEquity": 37.953, "revenuePerShare": 278.616, "grossProfits": 6557042000, "revenueGrowth": 0.279, "grossMargins": 0.87277, "ebitdaMargins": 0.101280004, "operatingMargins": -0.053039998, "profitMargins": -0.08465, "financialCurrency": "INR"}}}