{"DTIL.NS": {"assetProfile": {"address1": "Dhunseri House", "address2": "4A, Woodburn Park", "city": "Kolkata", "zip": "700020", "country": "India", "phone": "91 33 2280 1950", "fax": "91 33 2287 8350", "website": "http://www.dhunseritea.com", "industry": "Packaged Foods", "sector": "Consumer Defensive", "longBusinessSummary": "Dhunseri Tea & Industries Limited engages in the cultivation, manufacture, and sale of loose and packet tea in India and internationally. The company offers tea under the Lal Ghora, Kala Ghora, and Bahipookri brand names. It also produces and sells macadamia nuts. The company was formerly known as Dhunseri Services Limited and changed its name to Dhunseri Tea & Industries Limited in February 2014. Dhunseri Tea & Industries Limited was incorporated in 1997 and is based in Kolkata, India.", "fullTimeEmployees": 4808, "companyOfficers": [{"maxAge": 1, "name": "Mr. Chandra Kumar Dhanuka B.Com", "age": 66, "title": "Exec. Chairman & MD", "yearBorn": 1954, "fiscalYear": 2020, "totalPay": 3155238, "exercisedValue": 0, "unexercisedValue": 0}, {"maxAge": 1, "name": "Mr. Prakash Chandra Dhandhania", "age": 59, "title": "Chief Exec. Officer", "yearBorn": 1961, "fiscalYear": 2020, "totalPay": 1880618, "exercisedValue": 0, "unexercisedValue": 0}, {"maxAge": 1, "name": "Mr. Vikash  Jain", "age": 49, "title": "Chief Financial Officer", "yearBorn": 1971, "fiscalYear": 2020, "totalPay": 1800040, "exercisedValue": 0, "unexercisedValue": 0}, {"maxAge": 1, "name": "Mr. R. Mahadevan Iyer", "age": 67, "title": "Compliance Officer & Company Sec.", "yearBorn": 1953, "fiscalYear": 2020, "totalPay": 1029981, "exercisedValue": 0, "unexercisedValue": 0}, {"maxAge": 1, "name": "Mr. Kailash Kumar Tibrewalla", "age": 70, "title": "Sr. VP", "yearBorn": 1950, "exercisedValue": 0, "unexercisedValue": 0}, {"maxAge": 1, "name": "Mr. Vivek  Bhasin", "age": 58, "title": "Chief Exec. of Plantations", "yearBorn": 1962, "exercisedValue": 0, "unexercisedValue": 0}, {"maxAge": 1, "name": "Mr. Sunil  Munshi", "age": 63, "title": "Group Chief Advisor & Monitor", "yearBorn": 1957, "exercisedValue": 0, "unexercisedValue": 0}, {"maxAge": 1, "name": "Mr. Anuj Kumar Jha", "age": 60, "title": "Gen. Mang. of Marketing", "yearBorn": 1960, "fiscalYear": 2018, "exercisedValue": 0, "unexercisedValue": 0}, {"maxAge": 1, "name": "Mr. Gokul  Bhuyan", "age": 60, "title": "Gen. Mang.", "yearBorn": 1960, "fiscalYear": 2018, "exercisedValue": 0, "unexercisedValue": 0}], "compensationAsOfEpochDate": "2020-12-31 05:30:00", "maxAge": 86400}, "cashflowStatementHistory": {"cashflowStatements": [{"maxAge": 1, "endDate": "2020-03-31", "netIncome": 731950000, "depreciation": 194833000, "changeToNetincome": -998063000, "changeToLiabilities": 0, "changeToInventory": -69093000, "changeToOperatingActivities": 184828000, "totalCashFromOperatingActivities": 44455000, "capitalExpenditures": -433667000, "investments": -839901000, "otherCashflowsFromInvestingActivities": 67148000, "totalCashflowsFromInvestingActivities": -162587000, "dividendsPaid": -35024000, "netBorrowings": 294102000, "otherCashflowsFromFinancingActivities": -112393000, "totalCashFromFinancingActivities": 146685000, "effectOfExchangeRate": 184000, "changeInCash": 28737000}, {"maxAge": 1, "endDate": "2019-03-31", "netIncome": 281036000, "depreciation": 186615000, "changeToNetincome": 113803000, "changeToLiabilities": 0, "changeToInventory": -85742000, "changeToOperatingActivities": 60249000, "totalCashFromOperatingActivities": 555961000, "capitalExpenditures": -338987000, "investments": 19913000, "otherCashflowsFromInvestingActivities": 12828000, "totalCashflowsFromInvestingActivities": -303477000, "dividendsPaid": -56041000, "netBorrowings": -93960000, "otherCashflowsFromFinancingActivities": -89436000, "totalCashFromFinancingActivities": -239437000, "effectOfExchangeRate": 1615000, "changeInCash": 14662000}, {"maxAge": 1, "endDate": "2018-03-31", "netIncome": 290040000, "depreciation": 174499000, "changeToNetincome": 16214000, "changeToLiabilities": 0, "changeToInventory": -28976000, "changeToOperatingActivities": -8948000, "totalCashFromOperatingActivities": 442829000, "capitalExpenditures": -232293000, "investments": 20786000, "otherCashflowsFromInvestingActivities": 6588000, "totalCashflowsFromInvestingActivities": -162668000, "dividendsPaid": -66880000, "netBorrowings": -113776000, "otherCashflowsFromFinancingActivities": -74260000, "totalCashFromFinancingActivities": -254916000, "effectOfExchangeRate": -603000, "changeInCash": 24642000}, {"maxAge": 1, "endDate": "2017-03-31", "netIncome": 271288000, "depreciation": 208889000, "changeToNetincome": 105303000, "changeToLiabilities": 0, "changeToInventory": -5229000, "changeToOperatingActivities": -129245000, "totalCashFromOperatingActivities": 451006000, "capitalExpenditures": -276595000, "investments": -74860000, "otherCashflowsFromInvestingActivities": 7026000, "totalCashflowsFromInvestingActivities": -412372000, "dividendsPaid": -67300000, "netBorrowings": 89886000, "otherCashflowsFromFinancingActivities": -75182000, "totalCashFromFinancingActivities": -52596000, "effectOfExchangeRate": 292000, "changeInCash": -13670000}], "maxAge": 86400}, "institutionOwnership": {"ownershipList": [], "maxAge": 1}, "majorHoldersBreakdown": {"maxAge": 1, "insidersPercentHeld": 0.74557, "institutionsPercentHeld": 0.0202, "institutionsFloatPercentHeld": 0.079390004, "institutionsCount": 1}, "balanceSheetHistoryQuarterly": {"balanceSheetStatements": [{"maxAge": 1, "endDate": "2020-12-31", "totalStockholderEquity": 8708226000, "netTangibleAssets": 8467869000}, {"maxAge": 1, "endDate": "2020-09-30", "cash": 75002000, "shortTermInvestments": 198464000, "netReceivables": 687244000, "inventory": 1162603000, "otherCurrentAssets": 251356000, "totalCurrentAssets": 2374669000, "longTermInvestments": 931233000, "propertyPlantEquipment": 8281690000, "goodWill": 240357000, "otherAssets": 136655000, "totalAssets": 11964604000, "accountsPayable": 238052000, "otherCurrentLiab": 422234000, "longTermDebt": 388992000, "otherLiab": 1336579000, "totalCurrentLiabilities": 1530807000, "totalLiab": 3256378000, "commonStock": 70050000, "treasuryStock": 8638176000, "otherStockholderEquity": 8638176000, "totalStockholderEquity": 8708226000, "netTangibleAssets": 8467869000}, {"maxAge": 1, "endDate": "2020-06-30", "totalStockholderEquity": 8260212000, "netTangibleAssets": 8033390000}, {"maxAge": 1, "endDate": "2020-03-31", "cash": 91423000, "netReceivables": 342201000, "inventory": 735892000, "otherCurrentAssets": 102641000, "totalCurrentAssets": 2205036000, "longTermInvestments": 318791000, "propertyPlantEquipment": 8371235000, "goodWill": 226822000, "otherAssets": 184991000, "totalAssets": 11306875000, "accountsPayable": 271713000, "shortLongTermDebt": 127145000, "otherCurrentLiab": 37510000, "longTermDebt": 430024000, "otherLiab": 1227761000, "totalCurrentLiabilities": 1344229000, "totalLiab": 3046663000, "commonStock": 70050000, "retainedEarnings": 8303608000, "treasuryStock": -113446000, "otherStockholderEquity": -113446000, "totalStockholderEquity": 8260212000, "netTangibleAssets": 8033390000}], "maxAge": 86400}, "indexTrend": {"maxAge": 1, "symbol": "SP5", "peRatio": 19.7411, "pegRatio": 1.34172, "estimates": [{"period": "0q", "growth": 0.549}, {"period": "+1q", "growth": 0.431}, {"period": "0y", "growth": 0.305}, {"period": "+1y", "growth": 0.109}, {"period": "+5y", "growth": 0.120865}, {"period": "-5y"}]}, "defaultKeyStatistics": {"maxAge": 1, "priceHint": 2, "enterpriseValue": 2797072128, "profitMargins": 0.08394, "floatShares": 1636060, "sharesOutstanding": 7004950, "heldPercentInsiders": 0.74557, "heldPercentInstitutions": 0.0202, "beta": 1.045682, "category": null, "bookValue": 1243.109, "priceToBook": 0.2178409, "fundFamily": null, "legalType": null, "lastFiscalYearEnd": "2020-03-31 05:30:00", "nextFiscalYearEnd": "2022-03-31 05:30:00", "mostRecentQuarter": "2020-12-31 05:30:00", "netIncomeToCommon": 306431008, "trailingEps": 43.746, "lastSplitFactor": null, "enterpriseToRevenue": 0.766, "enterpriseToEbitda": 5.529}, "summaryProfile": {"address1": "Dhunseri House", "address2": "4A, Woodburn Park", "city": "Kolkata", "zip": "700020", "country": "India", "phone": "91 33 2280 1950", "fax": "91 33 2287 8350", "website": "http://www.dhunseritea.com", "industry": "Packaged Foods", "sector": "Consumer Defensive", "longBusinessSummary": "Dhunseri Tea & Industries Limited engages in the cultivation, manufacture, and sale of loose and packet tea in India and internationally. The company offers tea under the Lal Ghora, Kala Ghora, and Bahipookri brand names. It also produces and sells macadamia nuts. The company was formerly known as Dhunseri Services Limited and changed its name to Dhunseri Tea & Industries Limited in February 2014. Dhunseri Tea & Industries Limited was incorporated in 1997 and is based in Kolkata, India.", "fullTimeEmployees": 4808, "companyOfficers": [], "maxAge": 86400}, "netSharePurchaseActivity": {"maxAge": 1, "period": "6m", "buyInfoCount": 0, "buyInfoShares": 0, "sellInfoCount": 0, "netInfoCount": 0, "netInfoShares": 0, "netPercentInsiderShares": 0.0, "totalInsiderShares": 5222853}, "insiderTransactions": {"transactions": [{"maxAge": 1, "shares": 2000, "filerUrl": "", "transactionText": "Sale at price 0.00 per share.", "filerName": "Tarugreve Trust", "filerRelation": "Promoter", "moneyText": "", "startDate": "2021-02-23", "ownership": "D"}, {"maxAge": 1, "shares": 2000, "filerUrl": "", "transactionText": "Acquisition at price 0.00 per share.", "filerName": "Khaitan (Mitali)", "filerRelation": "Promoter", "moneyText": "", "startDate": "2021-02-23", "ownership": "D"}, {"maxAge": 1, "shares": 23777, "value": 84772, "filerUrl": "", "transactionText": "Acquisition at price 3.57 per share.", "filerName": "Dhunseri Tea & Industris Ltd", "filerRelation": "Promoter", "moneyText": "", "startDate": "2020-11-17", "ownership": "D"}, {"maxAge": 1, "shares": 1058, "value": 3771, "filerUrl": "", "transactionText": "Acquisition at price 3.57 per share.", "filerName": "Dhunseri Tea & Industris Ltd", "filerRelation": "Promoter", "moneyText": "", "startDate": "2020-11-13", "ownership": "D"}, {"maxAge": 1, "shares": 9387, "value": 33051, "filerUrl": "", "transactionText": "Acquisition at price 3.52 per share.", "filerName": "Dhunseri Tea & Industris Ltd", "filerRelation": "Promoter", "moneyText": "", "startDate": "2020-09-30", "ownership": "D"}, {"maxAge": 1, "shares": 1337, "value": 4526, "filerUrl": "", "transactionText": "Acquisition at price 3.39 per share.", "filerName": "Dhunseri Tea & Industris Ltd", "filerRelation": "Promoter", "moneyText": "", "startDate": "2020-09-29", "ownership": "D"}, {"maxAge": 1, "shares": 2431, "value": 8215, "filerUrl": "", "transactionText": "Acquisition at price 3.38 per share.", "filerName": "Dhunseri Tea & Industris Ltd", "filerRelation": "Promoter", "moneyText": "", "startDate": "2020-09-28", "ownership": "D"}, {"maxAge": 1, "shares": 368, "value": 1189, "filerUrl": "", "transactionText": "Acquisition at price 3.23 per share.", "filerName": "Dhunseri Tea & Industris Ltd", "filerRelation": "Promoter", "moneyText": "", "startDate": "2020-09-24", "ownership": "D"}, {"maxAge": 1, "shares": 2551, "value": 8413, "filerUrl": "", "transactionText": "Acquisition at price 3.30 per share.", "filerName": "Dhunseri Tea & Industris Ltd", "filerRelation": "Promoter", "moneyText": "", "startDate": "2020-09-22", "ownership": "D"}, {"maxAge": 1, "shares": 0, "filerUrl": "", "transactionText": "", "filerName": "Dhunseri Tea & Industris Ltd", "filerRelation": "Promoter", "moneyText": "", "startDate": "2020-09-15", "ownership": "I"}, {"maxAge": 1, "shares": 83151, "value": 279611, "filerUrl": "", "transactionText": "Acquisition at price 3.36 per share.", "filerName": "Dhunseri Tea & Industris Ltd", "filerRelation": "Promoter", "moneyText": "", "startDate": "2020-09-15", "ownership": "D"}, {"maxAge": 1, "shares": 0, "filerUrl": "", "transactionText": "", "filerName": "Tarugreve Trust", "filerRelation": "Promoter", "moneyText": "", "startDate": "2020-02-28", "ownership": "I"}, {"maxAge": 1, "shares": 2000, "filerUrl": "", "transactionText": "", "filerName": "Tarugreve Trust", "filerRelation": "Promoter", "moneyText": "", "startDate": "2020-02-28", "ownership": "D"}, {"maxAge": 1, "shares": 3803, "filerUrl": "", "transactionText": "", "filerName": "Dhunseri Tea & Industris Ltd", "filerRelation": "Promoter", "moneyText": "", "startDate": "2018-07-18", "ownership": "D"}, {"maxAge": 1, "shares": 2000, "filerUrl": "", "transactionText": "", "filerName": "Dhunseri Tea & Industries, Ltd.", "filerRelation": "Promoter", "moneyText": "", "startDate": "2018-06-27", "ownership": "D"}, {"maxAge": 1, "shares": 0, "filerUrl": "", "transactionText": "", "filerName": "Dhunseri Tea & Industris Ltd", "filerRelation": "Promoter", "moneyText": "", "startDate": "2018-06-27", "ownership": "I"}, {"maxAge": 1, "shares": 2000, "filerUrl": "", "transactionText": "", "filerName": "Dhunseri Tea & Industris Ltd", "filerRelation": "Promoter", "moneyText": "", "startDate": "2018-06-25", "ownership": "D"}, {"maxAge": 1, "shares": 8761, "filerUrl": "", "transactionText": "", "filerName": "Dhunseri Tea & Industris Ltd", "filerRelation": "Promoter", "moneyText": "", "startDate": "2018-06-20", "ownership": "D"}, {"maxAge": 1, "shares": 34313, "filerUrl": "", "transactionText": "", "filerName": "Dhunseri Tea & Industries, Ltd.", "filerRelation": "Promoter", "moneyText": "", "startDate": "2018-06-18", "ownership": "D"}, {"maxAge": 1, "shares": 27360, "filerUrl": "", "transactionText": "", "filerName": "Dhunseri Tea & Industries, Ltd.", "filerRelation": "Promoter", "moneyText": "", "startDate": "2018-02-19", "ownership": "D"}, {"maxAge": 1, "shares": 37744, "filerUrl": "", "transactionText": "", "filerName": "Dhunseri Tea & Industries, Ltd.", "filerRelation": "Promoter", "moneyText": "", "startDate": "2018-02-19", "ownership": "D"}, {"maxAge": 1, "shares": 83541, "filerUrl": "", "transactionText": "", "filerName": "Dhunseri Investment Ltd", "filerRelation": "Promoter", "moneyText": "", "startDate": "2016-04-06", "ownership": "D"}], "maxAge": 1}, "quoteType": {"exchange": "NSI", "quoteType": "EQUITY", "symbol": "DTIL.NS", "underlyingSymbol": "DTIL.NS", "shortName": "DHUNSERI TEA & IND", "longName": "Dhunseri Tea & Industries Limited", "firstTradeDateEpochUtc": "2015-01-20 09:15:00", "timeZoneFullName": "Asia/Kolkata", "timeZoneShortName": "IST", "uuid": "7de635e0-90ea-3604-9690-70b39804a2ea", "gmtOffSetMilliseconds": 19800000, "maxAge": 1}, "incomeStatementHistory": {"incomeStatementHistory": [{"maxAge": 1, "endDate": "2020-03-31", "totalRevenue": 3024832000, "costOfRevenue": 520882000, "grossProfit": 2503950000, "researchDevelopment": {}, "sellingGeneralAdministrative": 1123197000, "nonRecurring": {}, "otherOperatingExpenses": 1108080000, "totalOperatingExpenses": 3007333000, "operatingIncome": 17499000, "totalOtherIncomeExpenseNet": 928073000, "ebit": 17499000, "interestExpense": -43680000, "incomeBeforeTax": 945572000, "incomeTaxExpense": 213622000, "minorityInterest": {}, "netIncomeFromContinuingOps": 731950000, "discontinuedOperations": {}, "extraordinaryItems": {}, "effectOfAccountingCharges": {}, "otherItems": {}, "netIncome": 731950000, "netIncomeApplicableToCommonShares": 731950000}, {"maxAge": 1, "endDate": "2019-03-31", "totalRevenue": 3242883000, "costOfRevenue": 472080000, "grossProfit": 2770803000, "researchDevelopment": {}, "sellingGeneralAdministrative": 1172720000, "nonRecurring": {}, "otherOperatingExpenses": 970268000, "totalOperatingExpenses": 2801683000, "operatingIncome": 441200000, "totalOtherIncomeExpenseNet": -25782000, "ebit": 441200000, "interestExpense": -43899000, "incomeBeforeTax": 415418000, "incomeTaxExpense": 134382000, "minorityInterest": {}, "netIncomeFromContinuingOps": 281036000, "discontinuedOperations": {}, "extraordinaryItems": {}, "effectOfAccountingCharges": {}, "otherItems": {}, "netIncome": 281036000, "netIncomeApplicableToCommonShares": 281036000}, {"maxAge": 1, "endDate": "2018-03-31", "totalRevenue": 2960593000, "costOfRevenue": 473524000, "grossProfit": 2487069000, "researchDevelopment": {}, "sellingGeneralAdministrative": 813122000, "nonRecurring": {}, "otherOperatingExpenses": 1126882000, "totalOperatingExpenses": 2588027000, "operatingIncome": 372566000, "totalOtherIncomeExpenseNet": -90926000, "ebit": 372566000, "interestExpense": -64663000, "incomeBeforeTax": 281640000, "incomeTaxExpense": -8400000, "minorityInterest": {}, "netIncomeFromContinuingOps": 290040000, "discontinuedOperations": {}, "extraordinaryItems": {}, "effectOfAccountingCharges": {}, "otherItems": {}, "netIncome": 290040000, "netIncomeApplicableToCommonShares": 290040000}, {"maxAge": 1, "endDate": "2017-03-31", "totalRevenue": 3082647000, "costOfRevenue": 466415000, "grossProfit": 2616232000, "researchDevelopment": {}, "sellingGeneralAdministrative": 799416000, "nonRecurring": {}, "otherOperatingExpenses": 1178466000, "totalOperatingExpenses": 2653186000, "operatingIncome": 429461000, "totalOtherIncomeExpenseNet": -73627000, "ebit": 429461000, "interestExpense": -54361000, "incomeBeforeTax": 355834000, "incomeTaxExpense": 84546000, "minorityInterest": {}, "netIncomeFromContinuingOps": 271288000, "discontinuedOperations": {}, "extraordinaryItems": {}, "effectOfAccountingCharges": {}, "otherItems": {}, "netIncome": 271288000, "netIncomeApplicableToCommonShares": 271288000}], "maxAge": 86400}, "fundOwnership": {"ownershipList": [], "maxAge": 1}, "summaryDetail": {"maxAge": 1, "priceHint": 2, "previousClose": 267.15, "open": 272.0, "dayLow": 260.05, "dayHigh": 278.95, "regularMarketPreviousClose": 267.15, "regularMarketOpen": 272.0, "regularMarketDayLow": 260.05, "regularMarketDayHigh": 278.95, "dividendRate": 2.5, "dividendYield": 0.0094, "exDividendDate": "2020-09-15 05:30:00", "payoutRatio": 0.0571, "fiveYearAvgDividendYield": 2.72, "beta": 1.045682, "trailingPE": 6.1902804, "volume": 19507, "regularMarketVolume": 19507, "averageVolume": 12270, "averageVolume10days": 3428, "averageDailyVolume10Day": 3428, "bid": 0.0, "ask": 0.0, "bidSize": 0, "askSize": 0, "marketCap": 1910431616, "fiftyTwoWeekLow": 115.95, "fiftyTwoWeekHigh": 305.9, "priceToSalesTrailing12Months": 0.5233411, "fiftyDayAverage": 268.77423, "twoHundredDayAverage": 262.35892, "trailingAnnualDividendRate": 2.5, "trailingAnnualDividendYield": 0.009358039, "currency": "INR", "fromCurrency": null, "lastMarket": null, "algorithm": null, "tradeable": false}, "incomeStatementHistoryQuarterly": {"incomeStatementHistory": [{"maxAge": 1, "endDate": "2020-12-31", "totalRevenue": 1138128000, "costOfRevenue": 462482000, "grossProfit": 675646000, "researchDevelopment": {}, "sellingGeneralAdministrative": 263589000, "nonRecurring": {}, "otherOperatingExpenses": 245365000, "totalOperatingExpenses": 1032853000, "operatingIncome": 105275000, "totalOtherIncomeExpenseNet": 184479000, "ebit": 105275000, "interestExpense": -25068000, "incomeBeforeTax": 289754000, "incomeTaxExpense": 49126000, "minorityInterest": {}, "netIncomeFromContinuingOps": 240628000, "discontinuedOperations": {}, "extraordinaryItems": {}, "effectOfAccountingCharges": {}, "otherItems": {}, "netIncome": 240628000, "netIncomeApplicableToCommonShares": 240628000}, {"maxAge": 1, "endDate": "2020-09-30", "totalRevenue": 1479474000, "costOfRevenue": 313252000, "grossProfit": 1166222000, "researchDevelopment": {}, "sellingGeneralAdministrative": 360571000, "nonRecurring": {}, "otherOperatingExpenses": 341200000, "totalOperatingExpenses": 1066432000, "operatingIncome": 413042000, "totalOtherIncomeExpenseNet": -140302000, "ebit": 413042000, "interestExpense": -28789000, "incomeBeforeTax": 272740000, "incomeTaxExpense": 24896000, "minorityInterest": {}, "netIncomeFromContinuingOps": 247844000, "discontinuedOperations": {}, "extraordinaryItems": {}, "effectOfAccountingCharges": {}, "otherItems": {}, "netIncome": 247844000, "netIncomeApplicableToCommonShares": 247844000}, {"maxAge": 1, "endDate": "2020-06-30", "totalRevenue": 627976000, "costOfRevenue": -239071000, "grossProfit": 867047000, "researchDevelopment": {}, "sellingGeneralAdministrative": 313038000, "nonRecurring": {}, "otherOperatingExpenses": 369690000, "totalOperatingExpenses": 494686000, "operatingIncome": 133290000, "totalOtherIncomeExpenseNet": 81325000, "ebit": 133290000, "interestExpense": -25409000, "incomeBeforeTax": 214615000, "incomeTaxExpense": 65194000, "minorityInterest": {}, "netIncomeFromContinuingOps": 149421000, "discontinuedOperations": {}, "extraordinaryItems": {}, "effectOfAccountingCharges": {}, "otherItems": {}, "netIncome": 149421000, "netIncomeApplicableToCommonShares": 149421000}, {"maxAge": 1, "endDate": "2020-03-31", "totalRevenue": 404874000, "costOfRevenue": 299362000, "grossProfit": 105512000, "researchDevelopment": {}, "sellingGeneralAdministrative": 158468000, "nonRecurring": {}, "otherOperatingExpenses": 176042000, "totalOperatingExpenses": 731593000, "operatingIncome": -326719000, "totalOtherIncomeExpenseNet": -22667000, "ebit": -326719000, "interestExpense": -25409000, "incomeBeforeTax": -349386000, "incomeTaxExpense": -102215000, "minorityInterest": {}, "netIncomeFromContinuingOps": -247171000, "discontinuedOperations": {}, "extraordinaryItems": {}, "effectOfAccountingCharges": {}, "otherItems": {}, "netIncome": -247171000, "netIncomeApplicableToCommonShares": -247171000}], "maxAge": 86400}, "cashflowStatementHistoryQuarterly": {"cashflowStatements": [{"maxAge": 1, "endDate": "2020-12-31", "netIncome": 240628000, "changeToLiabilities": 0}, {"maxAge": 1, "endDate": "2020-09-30", "netIncome": 247844000, "changeToLiabilities": 0}, {"maxAge": 1, "endDate": "2020-06-30", "netIncome": 149421000, "changeToLiabilities": 0}, {"maxAge": 1, "endDate": "2020-03-31", "netIncome": -247171000, "changeToLiabilities": 0}], "maxAge": 86400}, "insiderHolders": {"holders": [{"maxAge": 1, "name": "Dhunseri Investment Ltd", "relation": "Promoter", "url": "", "transactionDescription": "Acquisition", "latestTransDate": "2016-04-06", "positionDirect": 3206397, "positionDirectDate": "2016-04-06"}, {"maxAge": 1, "name": "Dhunseri Tea & Industries, Ltd.", "relation": "Promoter", "url": "", "transactionDescription": "Acquisition", "latestTransDate": "2018-06-27", "positionDirect": 322458, "positionDirectDate": "2018-06-27"}, {"maxAge": 1, "name": "Dhunseri Tea & Industris Ltd", "relation": "Promoter", "url": "", "transactionDescription": "Acquisition", "latestTransDate": "2020-11-17", "positionDirect": 450321, "positionDirectDate": "2020-11-17"}, {"maxAge": 1, "name": "Khaitan (Mitali)", "relation": "Promoter", "url": "", "transactionDescription": "Acquisition", "latestTransDate": "2021-02-23", "positionDirect": 2000, "positionDirectDate": "2021-02-23"}, {"maxAge": 1, "name": "Tarugreve Trust", "relation": "Promoter", "url": "", "transactionDescription": "Sale", "latestTransDate": "2021-02-23", "positionDirect": 0, "positionDirectDate": "2021-02-23"}], "maxAge": 1}, "calendarEvents": {"maxAge": 1, "earnings": {"earningsDate": []}, "exDividendDate": "2020-09-15 05:30:00"}, "upgradeDowngradeHistory": {"history": [], "maxAge": 86400}, "price": {"maxAge": 1, "regularMarketChangePercent": 0.013662714, "regularMarketChange": 3.649994, "regularMarketTime": "2021-04-30 15:29:26", "priceHint": 2, "regularMarketPrice": 270.8, "regularMarketDayHigh": 278.95, "regularMarketDayLow": 260.05, "regularMarketVolume": 19507, "averageDailyVolume10Day": 3428, "averageDailyVolume3Month": 12270, "regularMarketPreviousClose": 267.15, "regularMarketSource": "FREE_REALTIME", "regularMarketOpen": 272.0, "exchange": "NSI", "exchangeName": "NSE", "exchangeDataDelayedBy": 15, "marketState": "CLOSED", "quoteType": "EQUITY", "symbol": "DTIL.NS", "underlyingSymbol": null, "shortName": "DHUNSERI TEA & IND", "longName": "Dhunseri Tea & Industries Limited", "currency": "INR", "quoteSourceName": "Delayed Quote", "currencySymbol": "\u20b9", "fromCurrency": null, "lastMarket": null, "marketCap": 1910431616}, "balanceSheetHistory": {"balanceSheetStatements": [{"maxAge": 1, "endDate": "2020-03-31", "cash": 91423000, "netReceivables": 342201000, "inventory": 735892000, "otherCurrentAssets": 102641000, "totalCurrentAssets": 2205036000, "longTermInvestments": 318791000, "propertyPlantEquipment": 8371235000, "goodWill": 226822000, "otherAssets": 184991000, "totalAssets": 11306875000, "accountsPayable": 271713000, "shortLongTermDebt": 127145000, "otherCurrentLiab": 37510000, "longTermDebt": 430024000, "otherLiab": 1227761000, "totalCurrentLiabilities": 1344229000, "totalLiab": 3046663000, "commonStock": 70050000, "retainedEarnings": 8303608000, "treasuryStock": -113446000, "otherStockholderEquity": -113446000, "totalStockholderEquity": 8260212000, "netTangibleAssets": 8033390000}, {"maxAge": 1, "endDate": "2019-03-31", "cash": 62686000, "netReceivables": 512167000, "inventory": 664240000, "otherCurrentAssets": 159258000, "totalCurrentAssets": 1521167000, "longTermInvestments": 358187000, "propertyPlantEquipment": 8040000000, "goodWill": 222107000, "otherAssets": 144011000, "totalAssets": 10285472000, "accountsPayable": 258430000, "shortLongTermDebt": 118065000, "otherCurrentLiab": 115782000, "longTermDebt": 422155000, "otherLiab": 1174513000, "totalCurrentLiabilities": 1112242000, "totalLiab": 2708910000, "commonStock": 70050000, "retainedEarnings": 7607360000, "treasuryStock": -100848000, "otherStockholderEquity": -100848000, "totalStockholderEquity": 7576562000, "netTangibleAssets": 7354455000}, {"maxAge": 1, "endDate": "2018-03-31", "cash": 48024000, "netReceivables": 502055000, "inventory": 499331000, "otherCurrentAssets": 81506000, "totalCurrentAssets": 1280033000, "longTermInvestments": 315085000, "propertyPlantEquipment": 7660410000, "goodWill": 203442000, "otherAssets": 225710000, "totalAssets": 9684680000, "accountsPayable": 212145000, "shortLongTermDebt": 97919000, "otherCurrentLiab": 87468000, "longTermDebt": 486344000, "otherLiab": 1052327000, "totalCurrentLiabilities": 932271000, "totalLiab": 2470942000, "commonStock": 70050000, "retainedEarnings": 7321647000, "treasuryStock": -177959000, "otherStockholderEquity": -177959000, "totalStockholderEquity": 7213738000, "netTangibleAssets": 7010296000}, {"maxAge": 1, "endDate": "2017-03-31", "cash": 23382000, "netReceivables": 539514000, "inventory": 491950000, "otherCurrentAssets": 117994000, "totalCurrentAssets": 1221997000, "longTermInvestments": 338243000, "propertyPlantEquipment": 7791048000, "goodWill": 216259000, "otherAssets": 280971000, "totalAssets": 9848518000, "accountsPayable": 210604000, "shortLongTermDebt": 73728000, "otherCurrentLiab": 119906000, "longTermDebt": 462177000, "otherLiab": 1156224000, "totalCurrentLiabilities": 1206372000, "totalLiab": 2824773000, "commonStock": 70050000, "retainedEarnings": 7010324000, "treasuryStock": -56629000, "otherStockholderEquity": -56629000, "totalStockholderEquity": 7023745000, "netTangibleAssets": 6807486000}], "maxAge": 86400}, "financialData": {"maxAge": 86400, "currentPrice": 270.8, "recommendationKey": "none", "totalCash": 273465984, "totalCashPerShare": 39.038, "ebitda": 505871488, "totalDebt": 1173534976, "totalRevenue": 3650451968, "debtToEquity": 13.476, "revenuePerShare": 521.14, "grossProfits": 2503950000, "revenueGrowth": 0.351, "grossMargins": 0.77098, "ebitdaMargins": 0.13858, "operatingMargins": 0.088999994, "profitMargins": 0.08394, "financialCurrency": "INR"}}}