{"DUCON.NS": {"assetProfile": {"address1": "Plot No. A/4", "address2": "Ducon House Road No.1 MIDC, Wagle Industrial Estate", "city": "Thane", "zip": "400604", "country": "India", "phone": "91 22 4112 2114", "fax": "91 22 4112 2115", "website": "http://www.duconinfra.co.in", "industry": "Specialty Industrial Machinery", "sector": "Industrials", "longBusinessSummary": "Ducon Infratechnolgies Limited provides technology solutions to the digital and infrastructure business sectors in India. The company offers distribution, marketing, and logistics services for the information technology (IT) industries. It also provides servers, storages, desktops, laptops, PDAs, tablets, security and surveillance products, and energy management systems, as well as procurement and sourcing solutions. In addition, the company installs flue gas desulfurization systems. Further, it engages in installation of industrial machinery and equipment. The company was formerly known as Dynacons Technologies Limited and changed its name to Ducon Infratechnolgies Limited May 2016. Ducon Infratechnolgies Limited was incorporated in 2009 and is based in Thane, India.", "fullTimeEmployees": 6, "companyOfficers": [{"maxAge": 1, "name": "Mr. Aron K. Govil B.E., M.B.A.", "age": 65, "title": "Chairman & MD", "yearBorn": 1955, "fiscalYear": 2020, "totalPay": 240000, "exercisedValue": 0, "unexercisedValue": 0}, {"maxAge": 1, "name": "Mr. Harish  Shetty", "age": 46, "title": "CFO & Exec. Director", "yearBorn": 1974, "fiscalYear": 2020, "totalPay": 2880000, "exercisedValue": 0, "unexercisedValue": 0}, {"maxAge": 1, "name": "Mr. Chandrasekhar  Ganesan", "age": 60, "title": "Exec. Director", "yearBorn": 1960, "fiscalYear": 2020, "totalPay": 2880000, "exercisedValue": 0, "unexercisedValue": 0}, {"maxAge": 1, "name": "Mr. Darshit  Parikh C.S.", "title": "Compliance Officer & Company Sec.", "exercisedValue": 0, "unexercisedValue": 0}], "compensationAsOfEpochDate": "2020-12-31 05:30:00", "maxAge": 86400}, "cashflowStatementHistory": {"cashflowStatements": [{"maxAge": 1, "endDate": "2017-03-31", "netIncome": 6932234, "depreciation": 8885239, "changeToNetincome": 13589791, "changeToAccountReceivables": -11223400, "changeToLiabilities": 0, "changeToInventory": -4987696, "changeToOperatingActivities": -5704359, "totalCashFromOperatingActivities": 7491809, "otherCashflowsFromFinancingActivities": -9915632, "totalCashFromFinancingActivities": -9915632, "changeInCash": -2423823}, {"maxAge": 1, "endDate": "2016-03-31", "netIncome": 3859956, "depreciation": 8507975, "changeToNetincome": 8648340, "changeToAccountReceivables": 34946749, "changeToLiabilities": 0, "changeToInventory": -4817533, "changeToOperatingActivities": -35525761, "totalCashFromOperatingActivities": 15619726, "capitalExpenditures": -7970686, "totalCashflowsFromInvestingActivities": -7970686, "otherCashflowsFromFinancingActivities": -8163302, "totalCashFromFinancingActivities": -8163302, "changeInCash": -514262}, {"maxAge": 1, "endDate": "2015-03-31", "netIncome": 965000, "depreciation": 7872000, "changeToNetincome": 9615000, "changeToAccountReceivables": -26349000, "changeToLiabilities": 0, "changeToInventory": 19222000, "changeToOperatingActivities": 5453000, "totalCashFromOperatingActivities": 16778000, "capitalExpenditures": -5777000, "totalCashflowsFromInvestingActivities": -5777000, "otherCashflowsFromFinancingActivities": -8386000, "totalCashFromFinancingActivities": -8386000, "changeInCash": 2455000}, {"maxAge": 1, "endDate": "2014-03-31", "netIncome": 931000, "depreciation": 9331000, "changeToNetincome": 9615000, "changeToAccountReceivables": -42458000, "changeToLiabilities": 0, "changeToInventory": -9408000, "changeToOperatingActivities": 26035000, "totalCashFromOperatingActivities": -5954000, "capitalExpenditures": -11176000, "totalCashflowsFromInvestingActivities": -11176000, "otherCashflowsFromFinancingActivities": -8628000, "totalCashFromFinancingActivities": 10372000, "changeInCash": -6918000, "issuanceOfStock": 19000000}], "maxAge": 86400}, "institutionOwnership": {"ownershipList": [], "maxAge": 1}, "majorHoldersBreakdown": {"maxAge": 1, "insidersPercentHeld": 0.73832, "institutionsPercentHeld": 0.0, "institutionsFloatPercentHeld": 0.0, "institutionsCount": 0}, "balanceSheetHistoryQuarterly": {"balanceSheetStatements": [{"maxAge": 1, "endDate": "2018-09-30", "cash": 128819000, "netReceivables": 2387321000, "inventory": 50439000, "otherCurrentAssets": 55715000, "totalCurrentAssets": 2622294000, "longTermInvestments": 50357000, "propertyPlantEquipment": 13841000, "otherAssets": 87121000, "totalAssets": 2773613000, "accountsPayable": 733179000, "otherCurrentLiab": 135857000, "longTermDebt": 285192000, "otherLiab": 269230000, "totalCurrentLiabilities": 1450184000, "totalLiab": 2004606000, "commonStock": 104675000, "treasuryStock": 664332000, "otherStockholderEquity": 664332000, "totalStockholderEquity": 769007000, "netTangibleAssets": 769007000}, {"maxAge": 1, "endDate": "2017-12-31", "cash": 12149000, "netReceivables": 99930000, "inventory": 49735000, "otherCurrentAssets": 220000, "totalCurrentAssets": 162034000, "longTermInvestments": 50000000, "intangibleAssets": 16294000, "otherAssets": 87121000, "totalAssets": 315449000, "accountsPayable": 1700000, "otherCurrentLiab": 10118000, "otherLiab": 5258000, "totalCurrentLiabilities": 78952000, "totalLiab": 84210000, "commonStock": 78423000, "treasuryStock": 152816000, "otherStockholderEquity": 152816000, "totalStockholderEquity": 231239000, "netTangibleAssets": 214945000}, {"maxAge": 1, "endDate": "2017-09-30", "cash": 12207000, "netReceivables": 97314000, "inventory": 49735000, "otherCurrentAssets": 368000, "totalCurrentAssets": 159624000, "longTermInvestments": 50000000, "intangibleAssets": 18332000, "otherAssets": 87121000, "totalAssets": 315077000, "accountsPayable": 1447000, "otherCurrentLiab": 9078000, "otherLiab": 5693000, "totalCurrentLiabilities": 79963000, "totalLiab": 85656000, "commonStock": 78423000, "treasuryStock": 150998000, "otherStockholderEquity": 150998000, "totalStockholderEquity": 229421000, "netTangibleAssets": 211089000}, {"maxAge": 1, "endDate": "2017-06-30", "totalStockholderEquity": 268399000, "netTangibleAssets": 268399000}], "maxAge": 86400}, "indexTrend": {"maxAge": 1, "symbol": "SP5", "peRatio": 19.7411, "pegRatio": 1.34172, "estimates": [{"period": "0q", "growth": 0.549}, {"period": "+1q", "growth": 0.431}, {"period": "0y", "growth": 0.305}, {"period": "+1y", "growth": 0.109}, {"period": "+5y", "growth": 0.120865}, {"period": "-5y"}]}, "defaultKeyStatistics": {"maxAge": 1, "priceHint": 2, "enterpriseValue": 794484992, "profitMargins": 0.01387, "floatShares": 24521820, "sharesOutstanding": 176675008, "heldPercentInsiders": 0.73832, "heldPercentInstitutions": 0.0, "beta": 1.238465, "category": null, "bookValue": 2.267, "priceToBook": 3.198059, "fundFamily": null, "legalType": null, "lastFiscalYearEnd": "2017-03-31 05:30:00", "nextFiscalYearEnd": "2019-03-31 05:30:00", "mostRecentQuarter": "2017-12-31 05:30:00", "earningsQuarterlyGrowth": -0.188, "netIncomeToCommon": 5873234, "trailingEps": 0.068, "lastSplitFactor": null, "enterpriseToRevenue": 1.876, "enterpriseToEbitda": 32.579}, "summaryProfile": {"address1": "Plot No. A/4", "address2": "Ducon House Road No.1 MIDC, Wagle Industrial Estate", "city": "Thane", "zip": "400604", "country": "India", "phone": "91 22 4112 2114", "fax": "91 22 4112 2115", "website": "http://www.duconinfra.co.in", "industry": "Specialty Industrial Machinery", "sector": "Industrials", "longBusinessSummary": "Ducon Infratechnolgies Limited provides technology solutions to the digital and infrastructure business sectors in India. The company offers distribution, marketing, and logistics services for the information technology (IT) industries. It also provides servers, storages, desktops, laptops, PDAs, tablets, security and surveillance products, and energy management systems, as well as procurement and sourcing solutions. In addition, the company installs flue gas desulfurization systems. Further, it engages in installation of industrial machinery and equipment. The company was formerly known as Dynacons Technologies Limited and changed its name to Ducon Infratechnolgies Limited May 2016. Ducon Infratechnolgies Limited was incorporated in 2009 and is based in Thane, India.", "fullTimeEmployees": 6, "companyOfficers": [], "maxAge": 86400}, "netSharePurchaseActivity": {"maxAge": 1, "period": "6m", "buyInfoCount": 0, "buyInfoShares": 0, "sellInfoCount": 0, "netInfoCount": 0, "netInfoShares": 0, "netPercentInsiderShares": 0.0, "totalInsiderShares": 75308640}, "insiderTransactions": {"transactions": [{"maxAge": 1, "shares": 15000000, "value": 1741500, "filerUrl": "", "transactionText": "Acquisition at price 0.12 per share.", "filerName": "Kumar (Atul)", "filerRelation": "Promoter", "moneyText": "", "startDate": "2021-02-01", "ownership": "D"}, {"maxAge": 1, "shares": 55808169, "value": 3811697, "filerUrl": "", "transactionText": "Other at price 0.07 per share.", "filerName": "Govil (Arun)", "filerRelation": "Promoter", "moneyText": "", "startDate": "2021-02-01", "ownership": "D"}, {"maxAge": 1, "shares": 59634400, "value": 4073029, "filerUrl": "", "transactionText": "Other at price 0.07 per share.", "filerName": "Govil (Arun)", "filerRelation": "Promoter", "moneyText": "", "startDate": "2021-02-01", "ownership": "D"}, {"maxAge": 1, "shares": 76025, "filerUrl": "", "transactionText": "", "filerName": "Dalal (Hasumati Jitendra)", "filerRelation": "UNREPORTED", "moneyText": "", "startDate": "2016-01-08", "ownership": "D"}, {"maxAge": 1, "shares": 18600, "filerUrl": "", "transactionText": "", "filerName": "Dalal (Parag J) HUF", "filerRelation": "UNREPORTED", "moneyText": "", "startDate": "2015-12-19", "ownership": "D"}, {"maxAge": 1, "shares": 2604100, "filerUrl": "", "transactionText": "", "filerName": "Dalal (Parag Jitendra)", "filerRelation": "Promoter", "moneyText": "", "startDate": "2015-10-08", "ownership": "D"}, {"maxAge": 1, "shares": 2671750, "filerUrl": "", "transactionText": "", "filerName": "Anjaria (Dharmesh Shisish)", "filerRelation": "Director (Executive)", "moneyText": "", "startDate": "2015-10-08", "ownership": "D"}, {"maxAge": 1, "shares": 35717, "filerUrl": "", "transactionText": "", "filerName": "Anjaria (Jigna D)", "filerRelation": "Promoter", "moneyText": "", "startDate": "2015-10-08", "ownership": "D"}, {"maxAge": 1, "shares": 2707212, "filerUrl": "", "transactionText": "", "filerName": "Anjaria (Shirish Mansinh)", "filerRelation": "Promoter", "moneyText": "", "startDate": "2015-10-08", "ownership": "D"}, {"maxAge": 1, "shares": 1894321, "filerUrl": "", "transactionText": "", "filerName": "Anjaria (Nilam Shirish)", "filerRelation": "Promoter", "moneyText": "", "startDate": "2015-10-08", "ownership": "D"}, {"maxAge": 1, "shares": 450580, "filerUrl": "", "transactionText": "", "filerName": "Dalal (Parag J) HUF", "filerRelation": "Promoter", "moneyText": "", "startDate": "2015-10-08", "ownership": "D"}, {"maxAge": 1, "shares": 26574, "filerUrl": "", "transactionText": "", "filerName": "Anjaria (Shirish M) HUF", "filerRelation": "Promoter", "moneyText": "", "startDate": "2015-10-08", "ownership": "D"}, {"maxAge": 1, "shares": 391500, "filerUrl": "", "transactionText": "", "filerName": "Dalal (Hasumati Jitendra)", "filerRelation": "Promoter", "moneyText": "", "startDate": "2015-10-08", "ownership": "D"}, {"maxAge": 1, "shares": 1009800, "filerUrl": "", "transactionText": "", "filerName": "Dalal (Devangi Parag)", "filerRelation": "Promoter", "moneyText": "", "startDate": "2015-10-08", "ownership": "D"}, {"maxAge": 1, "shares": 946505, "filerUrl": "", "transactionText": "", "filerName": "Anjaria (Jigna D)", "filerRelation": "Promoter", "moneyText": "", "startDate": "2015-09-08", "ownership": "D"}, {"maxAge": 1, "shares": 14999400, "filerUrl": "", "transactionText": "", "filerName": "Dynacons Systems & Solutions Ltd", "filerRelation": "Promoter", "moneyText": "", "startDate": "2015-09-07", "ownership": "D"}, {"maxAge": 1, "shares": 348568, "filerUrl": "", "transactionText": "", "filerName": "Trigem Infosolution Ltd", "filerRelation": "Promoter", "moneyText": "", "startDate": "2015-07-31", "ownership": "D"}], "maxAge": 1}, "quoteType": {"exchange": "NSI", "quoteType": "EQUITY", "symbol": "DUCON.NS", "underlyingSymbol": "DUCON.NS", "shortName": "DUCON INFRATECHNOL", "longName": "Ducon Infratechnolgies Limited", "firstTradeDateEpochUtc": "2012-10-09 09:15:00", "timeZoneFullName": "Asia/Kolkata", "timeZoneShortName": "IST", "uuid": "bce22e27-c951-3581-ab45-28ae6f60fa56", "gmtOffSetMilliseconds": 19800000, "maxAge": 1}, "incomeStatementHistory": {"incomeStatementHistory": [{"maxAge": 1, "endDate": "2017-03-31", "totalRevenue": 407239348, "costOfRevenue": 373214440, "grossProfit": 34024908, "researchDevelopment": {}, "sellingGeneralAdministrative": 69838, "nonRecurring": {}, "otherOperatingExpenses": 5069912, "totalOperatingExpenses": 387239429, "operatingIncome": 19999919, "totalOtherIncomeExpenseNet": -8906372, "ebit": 19999919, "interestExpense": -9915632, "incomeBeforeTax": 11093547, "incomeTaxExpense": 4161313, "minorityInterest": {}, "netIncomeFromContinuingOps": 6932234, "discontinuedOperations": {}, "extraordinaryItems": {}, "effectOfAccountingCharges": {}, "otherItems": {}, "netIncome": 6932234, "netIncomeApplicableToCommonShares": 6932234}, {"maxAge": 1, "endDate": "2016-03-31", "totalRevenue": 325156011, "costOfRevenue": 299402083, "grossProfit": 25753928, "researchDevelopment": {}, "sellingGeneralAdministrative": 167049, "nonRecurring": {}, "otherOperatingExpenses": 5517801, "totalOperatingExpenses": 313594908, "operatingIncome": 11561103, "totalOtherIncomeExpenseNet": -7037597, "ebit": 11561103, "interestExpense": -8163302, "incomeBeforeTax": 4523506, "incomeTaxExpense": 663550, "minorityInterest": {}, "netIncomeFromContinuingOps": 3859956, "discontinuedOperations": {}, "extraordinaryItems": {}, "effectOfAccountingCharges": {}, "otherItems": {}, "netIncome": 3859956, "netIncomeApplicableToCommonShares": 3859956}, {"maxAge": 1, "endDate": "2015-03-31", "totalRevenue": 359573000, "costOfRevenue": 338527000, "grossProfit": 21046000, "researchDevelopment": {}, "sellingGeneralAdministrative": 157000, "nonRecurring": {}, "otherOperatingExpenses": 3561000, "totalOperatingExpenses": 350117000, "operatingIncome": 9456000, "totalOtherIncomeExpenseNet": -7582000, "ebit": 9456000, "interestExpense": -8386000, "incomeBeforeTax": 1874000, "incomeTaxExpense": 909000, "minorityInterest": {}, "netIncomeFromContinuingOps": 965000, "discontinuedOperations": {}, "extraordinaryItems": {}, "effectOfAccountingCharges": {}, "otherItems": {}, "netIncome": 965000, "netIncomeApplicableToCommonShares": 965000}, {"maxAge": 1, "endDate": "2014-03-31", "totalRevenue": 318381000, "costOfRevenue": 295778000, "grossProfit": 22603000, "researchDevelopment": {}, "sellingGeneralAdministrative": 1468000, "nonRecurring": {}, "otherOperatingExpenses": 676000, "totalOperatingExpenses": 307253000, "operatingIncome": 11128000, "totalOtherIncomeExpenseNet": -9504000, "ebit": 11128000, "interestExpense": -8628000, "incomeBeforeTax": 1624000, "incomeTaxExpense": 693000, "minorityInterest": {}, "netIncomeFromContinuingOps": 931000, "discontinuedOperations": {}, "extraordinaryItems": {}, "effectOfAccountingCharges": {}, "otherItems": {}, "netIncome": 931000, "netIncomeApplicableToCommonShares": 931000}], "maxAge": 86400}, "fundOwnership": {"ownershipList": [], "maxAge": 1}, "summaryDetail": {"maxAge": 1, "priceHint": 2, "previousClose": 7.15, "open": 7.1, "dayLow": 7.0, "dayHigh": 7.5, "regularMarketPreviousClose": 7.15, "regularMarketOpen": 7.1, "regularMarketDayLow": 7.0, "regularMarketDayHigh": 7.5, "payoutRatio": 0.0, "beta": 1.238465, "trailingPE": 106.61764, "volume": 175439, "regularMarketVolume": 175439, "averageVolume": 97020, "averageVolume10days": 95725, "averageDailyVolume10Day": 95725, "bid": 0.0, "ask": 0.0, "bidSize": 0, "askSize": 0, "marketCap": 1271939968, "fiftyTwoWeekLow": 2.4, "fiftyTwoWeekHigh": 8.1, "priceToSalesTrailing12Months": 3.0038092, "fiftyDayAverage": 6.3151517, "twoHundredDayAverage": 5.507143, "currency": "INR", "fromCurrency": null, "lastMarket": null, "algorithm": null, "tradeable": false}, "incomeStatementHistoryQuarterly": {"incomeStatementHistory": [{"maxAge": 1, "endDate": "2018-09-30", "totalRevenue": 1037637000, "costOfRevenue": 967840000, "grossProfit": 69797000, "researchDevelopment": {}, "sellingGeneralAdministrative": {}, "nonRecurring": {}, "otherOperatingExpenses": 24587000, "totalOperatingExpenses": 994787000, "operatingIncome": 42850000, "totalOtherIncomeExpenseNet": -28411000, "ebit": 42850000, "interestExpense": -28412000, "incomeBeforeTax": 14439000, "incomeTaxExpense": -2067000, "minorityInterest": {}, "netIncomeFromContinuingOps": 16506000, "discontinuedOperations": {}, "extraordinaryItems": {}, "effectOfAccountingCharges": {}, "otherItems": {}, "netIncome": 16506000, "netIncomeApplicableToCommonShares": 16506000}, {"maxAge": 1, "endDate": "2017-12-31", "totalRevenue": 110439000, "costOfRevenue": 104476000, "grossProfit": 5963000, "researchDevelopment": {}, "sellingGeneralAdministrative": {}, "nonRecurring": {}, "otherOperatingExpenses": 1215000, "totalOperatingExpenses": 107729000, "operatingIncome": 2710000, "totalOtherIncomeExpenseNet": 159000, "ebit": 2710000, "interestExpense": -90000, "incomeBeforeTax": 2869000, "incomeTaxExpense": 829000, "minorityInterest": {}, "netIncomeFromContinuingOps": 2040000, "discontinuedOperations": {}, "extraordinaryItems": {}, "effectOfAccountingCharges": {}, "otherItems": {}, "netIncome": 2040000, "netIncomeApplicableToCommonShares": 2040000}, {"maxAge": 1, "endDate": "2017-09-30", "totalRevenue": 101461000, "costOfRevenue": 95509000, "grossProfit": 5952000, "researchDevelopment": {}, "sellingGeneralAdministrative": {}, "nonRecurring": {}, "otherOperatingExpenses": 1521000, "totalOperatingExpenses": 99068000, "operatingIncome": 2393000, "totalOtherIncomeExpenseNet": 250000, "ebit": 2393000, "interestExpense": -90000, "incomeBeforeTax": 2643000, "incomeTaxExpense": 517000, "minorityInterest": {}, "netIncomeFromContinuingOps": 2126000, "discontinuedOperations": {}, "extraordinaryItems": {}, "effectOfAccountingCharges": {}, "otherItems": {}, "netIncome": 2126000, "netIncomeApplicableToCommonShares": 2126000}, {"maxAge": 1, "endDate": "2017-06-30", "totalRevenue": 101039000, "costOfRevenue": 92421000, "grossProfit": 8618000, "researchDevelopment": {}, "sellingGeneralAdministrative": {}, "nonRecurring": {}, "otherOperatingExpenses": 1817000, "totalOperatingExpenses": 96276000, "operatingIncome": 4763000, "totalOtherIncomeExpenseNet": -2525000, "ebit": 4763000, "interestExpense": -2741000, "incomeBeforeTax": 2238000, "incomeTaxExpense": 740000, "minorityInterest": {}, "netIncomeFromContinuingOps": 1498000, "discontinuedOperations": {}, "extraordinaryItems": {}, "effectOfAccountingCharges": {}, "otherItems": {}, "netIncome": 1498000, "netIncomeApplicableToCommonShares": 1498000}], "maxAge": 86400}, "cashflowStatementHistoryQuarterly": {"cashflowStatements": [{"maxAge": 1, "endDate": "2018-09-30", "netIncome": 16506000, "changeToLiabilities": 0}, {"maxAge": 1, "endDate": "2017-12-31", "netIncome": 2040000, "changeToLiabilities": 0}, {"maxAge": 1, "endDate": "2017-09-30", "netIncome": 2126000, "changeToLiabilities": 0}, {"maxAge": 1, "endDate": "2017-06-30", "netIncome": 1498000, "changeToLiabilities": 0}], "maxAge": 86400}, "insiderHolders": {"holders": [{"maxAge": 1, "name": "Anjaria (Dharmesh Shisish)", "relation": "Director (Executive)", "url": "", "transactionDescription": "Sale", "latestTransDate": "2015-10-08", "positionDirect": 0, "positionDirectDate": "2015-10-08"}, {"maxAge": 1, "name": "Anjaria (Jigna D)", "relation": "Promoter", "url": "", "transactionDescription": "Sale", "latestTransDate": "2015-10-08", "positionDirect": 0, "positionDirectDate": "2015-10-08"}, {"maxAge": 1, "name": "Anjaria (Nilam Shirish)", "relation": "Promoter", "url": "", "transactionDescription": "Sale", "latestTransDate": "2015-10-08", "positionDirect": 0, "positionDirectDate": "2015-10-08"}, {"maxAge": 1, "name": "Anjaria (Shirish M) HUF", "relation": "Promoter", "url": "", "transactionDescription": "Sale", "latestTransDate": "2015-10-08", "positionDirect": 0, "positionDirectDate": "2015-10-08"}, {"maxAge": 1, "name": "Anjaria (Shirish Mansinh)", "relation": "Promoter", "url": "", "transactionDescription": "Sale", "latestTransDate": "2015-10-08", "positionDirect": 0, "positionDirectDate": "2015-10-08"}, {"maxAge": 1, "name": "Dalal (Hasumati Jitendra)", "relation": "UNREPORTED", "url": "", "transactionDescription": "Sale", "latestTransDate": "2016-01-08", "positionDirect": 0, "positionDirectDate": "2016-01-08"}, {"maxAge": 1, "name": "Dalal (Parag J) HUF", "relation": "UNREPORTED", "url": "", "transactionDescription": "Sale", "latestTransDate": "2015-12-19", "positionDirect": 76025, "positionDirectDate": "2015-12-19"}, {"maxAge": 1, "name": "Dalal (Parag Jitendra)", "relation": "Promoter", "url": "", "transactionDescription": "Sale", "latestTransDate": "2015-10-08", "positionDirect": 0, "positionDirectDate": "2015-10-08"}, {"maxAge": 1, "name": "Govil (Arun)", "relation": "Promoter", "url": "", "transactionDescription": "Other", "latestTransDate": "2021-02-01", "positionDirect": 115442569, "positionDirectDate": "2021-02-01"}, {"maxAge": 1, "name": "Kumar (Atul)", "relation": "Promoter", "url": "", "transactionDescription": "Acquisition", "latestTransDate": "2021-02-01", "positionDirectDate": "2021-02-01"}], "maxAge": 1}, "calendarEvents": {"maxAge": 1, "earnings": {"earningsDate": []}}, "upgradeDowngradeHistory": {"history": [], "maxAge": 86400}, "price": {"maxAge": 1, "regularMarketChangePercent": 0.013986001, "regularMarketChange": 0.099999905, "regularMarketTime": "2021-04-30 15:29:31", "priceHint": 2, "regularMarketPrice": 7.25, "regularMarketDayHigh": 7.5, "regularMarketDayLow": 7.0, "regularMarketVolume": 175439, "averageDailyVolume10Day": 95725, "averageDailyVolume3Month": 97020, "regularMarketPreviousClose": 7.15, "regularMarketSource": "FREE_REALTIME", "regularMarketOpen": 7.1, "exchange": "NSI", "exchangeName": "NSE", "exchangeDataDelayedBy": 15, "marketState": "CLOSED", "quoteType": "EQUITY", "symbol": "DUCON.NS", "underlyingSymbol": null, "shortName": "DUCON INFRATECHNOL", "longName": "Ducon Infratechnolgies Limited", "currency": "INR", "quoteSourceName": "Delayed Quote", "currencySymbol": "\u20b9", "fromCurrency": null, "lastMarket": null, "marketCap": 1271939968}, "balanceSheetHistory": {"balanceSheetStatements": [{"maxAge": 1, "endDate": "2017-03-31", "cash": 12391690, "netReceivables": 130081778, "inventory": 49618542, "otherCurrentAssets": 72155, "totalCurrentAssets": 192164165, "longTermInvestments": 50000000, "propertyPlantEquipment": 22408487, "otherAssets": 87121000, "totalAssets": 351693652, "accountsPayable": 1080378, "otherCurrentLiab": 6476269, "otherLiab": 6772304, "totalCurrentLiabilities": 76522169, "totalLiab": 83294473, "commonStock": 78423100, "retainedEarnings": 189976079, "totalStockholderEquity": 268399179, "netTangibleAssets": 268399179}, {"maxAge": 1, "endDate": "2016-03-31", "cash": 14815513, "netReceivables": 118573838, "inventory": 44630846, "otherCurrentAssets": 17000, "totalCurrentAssets": 178037197, "longTermInvestments": 50000000, "propertyPlantEquipment": 31293726, "otherAssets": 87362165, "totalAssets": 346693088, "accountsPayable": 5186778, "otherCurrentLiab": 1816714, "otherLiab": 7971229, "totalCurrentLiabilities": 76866289, "totalLiab": 84837518, "commonStock": 78423100, "retainedEarnings": 183432470, "totalStockholderEquity": 261855570, "netTangibleAssets": 261855570}, {"maxAge": 1, "endDate": "2015-03-31", "cash": 15330000, "netReceivables": 140681000, "inventory": 39813000, "otherCurrentAssets": 388000, "totalCurrentAssets": 196212000, "longTermInvestments": 50000000, "propertyPlantEquipment": 31758000, "otherAssets": 99725000, "totalAssets": 377695000, "accountsPayable": 42692000, "otherCurrentLiab": 3040000, "otherLiab": 8179000, "totalCurrentLiabilities": 111520000, "totalLiab": 119699000, "commonStock": 78423000, "retainedEarnings": 179573000, "totalStockholderEquity": 257996000, "netTangibleAssets": 257996000}, {"maxAge": 1, "endDate": "2014-03-31", "cash": 12875000, "netReceivables": 113802000, "inventory": 59036000, "otherCurrentAssets": 517000, "totalCurrentAssets": 186230000, "longTermInvestments": 50000000, "propertyPlantEquipment": 37322000, "otherAssets": 100046000, "totalAssets": 373598000, "accountsPayable": 38064000, "otherCurrentLiab": 1657000, "otherLiab": 8507000, "totalCurrentLiabilities": 105796000, "totalLiab": 114303000, "commonStock": 78423000, "retainedEarnings": 180872000, "totalStockholderEquity": 259295000, "netTangibleAssets": 259295000}], "maxAge": 86400}, "financialData": {"maxAge": 86400, "currentPrice": 7.25, "recommendationKey": "none", "totalCash": 12149000, "totalCashPerShare": 0.119, "ebitda": 24386106, "totalDebt": 67134000, "quickRatio": 1.42, "currentRatio": 2.052, "totalRevenue": 423442336, "debtToEquity": 29.032, "revenuePerShare": 4.912, "returnOnEquity": 0.02362, "grossProfits": 34024908, "earningsGrowth": -0.405, "revenueGrowth": 0.017, "grossMargins": 0.06916, "ebitdaMargins": 0.057589997, "operatingMargins": 0.035940003, "profitMargins": 0.01387, "financialCurrency": "INR"}}}