{"DUKEOFS.BO": {"cashflowStatementHistory": {"cashflowStatements": [{"maxAge": 1, "endDate": "2020-03-31", "netIncome": -26866000, "depreciation": 17603000, "changeToNetincome": 17315000, "changeToAccountReceivables": 6019000, "changeToLiabilities": -328000, "changeToOperatingActivities": -4306000, "totalCashFromOperatingActivities": 9437000, "capitalExpenditures": -14316000, "otherCashflowsFromInvestingActivities": 921000, "totalCashflowsFromInvestingActivities": 94105000, "netBorrowings": -76078000, "otherCashflowsFromFinancingActivities": -9257000, "totalCashFromFinancingActivities": -85335000, "changeInCash": 18207000}, {"maxAge": 1, "endDate": "2019-03-31", "netIncome": 5670973, "depreciation": 20099537, "changeToNetincome": 4808017, "changeToAccountReceivables": 12406341, "changeToLiabilities": 1292787, "changeToOperatingActivities": -10124049, "totalCashFromOperatingActivities": 34153606, "capitalExpenditures": -3321098, "otherCashflowsFromInvestingActivities": 11902808, "totalCashflowsFromInvestingActivities": 13292710, "netBorrowings": -18484425, "otherCashflowsFromFinancingActivities": -10966153, "totalCashFromFinancingActivities": -29450578, "changeInCash": 17995738}, {"maxAge": 1, "endDate": "2018-03-31", "netIncome": -2141407, "depreciation": 18148329, "changeToNetincome": 15116378, "changeToAccountReceivables": 2699672, "changeToLiabilities": -1573588, "changeToOperatingActivities": 3712238, "totalCashFromOperatingActivities": 35961622, "capitalExpenditures": -41287372, "otherCashflowsFromInvestingActivities": 426074, "totalCashflowsFromInvestingActivities": -40831298, "dividendsPaid": -5944838, "netBorrowings": 6346005, "otherCashflowsFromFinancingActivities": -9766579, "totalCashFromFinancingActivities": -9365412, "changeInCash": -14235088}, {"maxAge": 1, "endDate": "2017-03-31", "netIncome": 11300026, "depreciation": 11482255, "changeToNetincome": 4665506, "changeToAccountReceivables": -4968229, "changeToLiabilities": 59549, "changeToOperatingActivities": 772561, "totalCashFromOperatingActivities": 23311668, "capitalExpenditures": -143029614, "otherCashflowsFromInvestingActivities": 945174, "totalCashflowsFromInvestingActivities": -142079440, "dividendsPaid": -268373, "netBorrowings": 95500000, "otherCashflowsFromFinancingActivities": -3304099, "totalCashFromFinancingActivities": 91927528, "changeInCash": -26840244}], "maxAge": 86400}, "institutionOwnership": {"maxAge": 1, "ownershipList": []}, "balanceSheetHistoryQuarterly": {"balanceSheetStatements": [{"maxAge": 1, "endDate": "2020-06-30", "cash": 37968000, "netReceivables": 9992000, "totalCurrentAssets": 48561000, "propertyPlantEquipment": 81940000, "otherAssets": 4842000, "totalAssets": 135343000, "accountsPayable": 3315000, "otherCurrentLiab": 1260000, "longTermDebt": 6739000, "otherLiab": 5818000, "totalCurrentLiabilities": 4575000, "totalLiab": 17132000, "commonStock": 98572000, "retainedEarnings": 19142000, "treasuryStock": 497000, "otherStockholderEquity": 497000, "totalStockholderEquity": 118211000, "netTangibleAssets": 118211000}, {"maxAge": 1, "endDate": "2020-03-31", "cash": 39211000, "netReceivables": 11140000, "totalCurrentAssets": 52096000, "propertyPlantEquipment": 85294000, "otherAssets": 4847000, "totalAssets": 142237000, "accountsPayable": 4013000, "shortLongTermDebt": 1235000, "otherCurrentLiab": 1537000, "longTermDebt": 6049000, "otherLiab": 5818000, "totalCurrentLiabilities": 6785000, "totalLiab": 18652000, "commonStock": 98572000, "retainedEarnings": 24516000, "treasuryStock": 497000, "otherStockholderEquity": 497000, "totalStockholderEquity": 123585000, "netTangibleAssets": 123585000}, {"maxAge": 1, "endDate": "2019-12-31", "cash": 33933200, "shortTermInvestments": 7800, "netReceivables": 30063700, "totalCurrentAssets": 63996900, "longTermInvestments": 649700, "propertyPlantEquipment": 78225700, "otherAssets": 5323200, "totalAssets": 147545800, "accountsPayable": 2048000, "otherCurrentLiab": 778000, "longTermDebt": 7176000, "otherLiab": 19059000, "totalCurrentLiabilities": 9626000, "totalLiab": 35861000, "commonStock": 98572000, "retainedEarnings": 12615800, "treasuryStock": 497000, "otherStockholderEquity": 497000, "totalStockholderEquity": 111684800, "netTangibleAssets": 111684800}, {"maxAge": 1, "endDate": "2019-09-30", "cash": 18909200, "netReceivables": 9841800, "totalCurrentAssets": 28751000, "propertyPlantEquipment": 210294900, "otherAssets": 5219400, "totalAssets": 244265300, "accountsPayable": -326000, "otherCurrentLiab": 777000, "longTermDebt": 72892900, "otherLiab": 19059100, "totalCurrentLiabilities": 12156100, "totalLiab": 104108100, "commonStock": 98572000, "retainedEarnings": 41088200, "treasuryStock": 497000, "otherStockholderEquity": 497000, "totalStockholderEquity": 140157200, "netTangibleAssets": 140157200}], "maxAge": 86400}, "indexTrend": {"maxAge": 1, "symbol": "SP5", "peRatio": 19.7411, "pegRatio": 1.34172, "estimates": [{"period": "0q", "growth": 0.549}, {"period": "+1q", "growth": 0.431}, {"period": "0y", "growth": 0.305}, {"period": "+1y", "growth": 0.109}, {"period": "+5y", "growth": 0.120859005}, {"period": "-5y"}]}, "insiderTransactions": {"transactions": [{"maxAge": 1, "shares": 125735, "filerUrl": "", "transactionText": "", "filerName": "Duke (Gia Patricia)", "filerRelation": "UNREPORTED", "moneyText": "", "startDate": "2014-06-24", "ownership": "D"}, {"maxAge": 1, "shares": 125735, "filerUrl": "", "transactionText": "", "filerName": "Duke (Komal)", "filerRelation": "Promoter", "moneyText": "", "startDate": "2014-06-24", "ownership": "D"}, {"maxAge": 1, "shares": 5000, "filerUrl": "", "transactionText": "", "filerName": "Pawar (Suresh S)", "filerRelation": "Promoter", "moneyText": "", "startDate": "2008-02-19", "ownership": "D"}], "maxAge": 1}, "quoteType": {"exchange": "BSE", "quoteType": "EQUITY", "symbol": "DUKEOFS.BO", "underlyingSymbol": "DUKEOFS.BO", "shortName": "DUKE OFFSHORE LTD.", "longName": "Duke Offshore Limited", "firstTradeDateEpochUtc": "2009-10-14 09:15:00", "timeZoneFullName": "Asia/Kolkata", "timeZoneShortName": "IST", "uuid": "4cac7553-7a2d-3348-b682-b0a776e4d956", "messageBoardId": null, "gmtOffSetMilliseconds": 19800000, "maxAge": 1}, "incomeStatementHistory": {"incomeStatementHistory": [{"maxAge": 1, "endDate": "2020-03-31", "totalRevenue": 42559000, "costOfRevenue": 0, "grossProfit": 42559000, "researchDevelopment": {}, "sellingGeneralAdministrative": 13600000, "nonRecurring": {}, "otherOperatingExpenses": 43651000, "totalOperatingExpenses": 74854000, "operatingIncome": -32295000, "totalOtherIncomeExpenseNet": -7525000, "ebit": -32295000, "interestExpense": -9257000, "incomeBeforeTax": -39820000, "incomeTaxExpense": -12954000, "minorityInterest": {}, "netIncomeFromContinuingOps": -26866000, "discontinuedOperations": {}, "extraordinaryItems": {}, "effectOfAccountingCharges": {}, "otherItems": {}, "netIncome": -26866000, "netIncomeApplicableToCommonShares": -26866000}, {"maxAge": 1, "endDate": "2019-03-31", "totalRevenue": 92503961, "costOfRevenue": 33890, "grossProfit": 92470071, "researchDevelopment": {}, "sellingGeneralAdministrative": 13432272, "nonRecurring": {}, "otherOperatingExpenses": 41520656, "totalOperatingExpenses": 75086355, "operatingIncome": 17417606, "totalOtherIncomeExpenseNet": -10369383, "ebit": 17417606, "interestExpense": -10966153, "incomeBeforeTax": 7048223, "incomeTaxExpense": 1377250, "minorityInterest": {}, "netIncomeFromContinuingOps": 5670973, "discontinuedOperations": {}, "extraordinaryItems": {}, "effectOfAccountingCharges": {}, "otherItems": {}, "netIncome": 5670973, "netIncomeApplicableToCommonShares": 5670973}, {"maxAge": 1, "endDate": "2018-03-31", "totalRevenue": 91115582, "costOfRevenue": 203124, "grossProfit": 90912458, "researchDevelopment": {}, "sellingGeneralAdministrative": 18106351, "nonRecurring": {}, "otherOperatingExpenses": 38124756, "totalOperatingExpenses": 74582560, "operatingIncome": 16533022, "totalOtherIncomeExpenseNet": -9460000, "ebit": 16533022, "interestExpense": -9766579, "incomeBeforeTax": 7073022, "incomeTaxExpense": 9214429, "minorityInterest": {}, "netIncomeFromContinuingOps": -2141407, "discontinuedOperations": {}, "extraordinaryItems": {}, "effectOfAccountingCharges": {}, "otherItems": {}, "netIncome": -2141407, "netIncomeApplicableToCommonShares": -2141407}, {"maxAge": 1, "endDate": "2017-03-31", "totalRevenue": 67657630, "costOfRevenue": 37767, "grossProfit": 67619863, "researchDevelopment": {}, "sellingGeneralAdministrative": 10626677, "nonRecurring": {}, "otherOperatingExpenses": 26929284, "totalOperatingExpenses": 49075983, "operatingIncome": 18581647, "totalOtherIncomeExpenseNet": -2258370, "ebit": 18581647, "interestExpense": -3304099, "incomeBeforeTax": 16323277, "incomeTaxExpense": 5023251, "minorityInterest": {}, "netIncomeFromContinuingOps": 11300026, "discontinuedOperations": {}, "extraordinaryItems": {}, "effectOfAccountingCharges": {}, "otherItems": {}, "netIncome": 11300026, "netIncomeApplicableToCommonShares": 11300026}], "maxAge": 86400}, "fundOwnership": {"maxAge": 1, "ownershipList": []}, "summaryDetail": {"maxAge": 1, "priceHint": 2, "previousClose": 9.4, "open": 9.4, "dayLow": 8.76, "dayHigh": 9.7, "regularMarketPreviousClose": 9.4, "regularMarketOpen": 9.4, "regularMarketDayLow": 8.76, "regularMarketDayHigh": 9.7, "volume": 2564, "regularMarketVolume": 2564, "averageVolume": 6670, "averageVolume10days": 6444, "averageDailyVolume10Day": 6444, "bid": 8.5, "ask": 9.41, "bidSize": 0, "askSize": 0, "marketCap": 88813376, "fiftyTwoWeekLow": 3.9, "fiftyTwoWeekHigh": 15.27, "fiftyDayAverage": 11.048572, "twoHundredDayAverage": 9.657518, "trailingAnnualDividendRate": 0.25, "trailingAnnualDividendYield": 0.026595745, "currency": "INR", "fromCurrency": null, "toCurrency": null, "lastMarket": null, "algorithm": null, "tradeable": false}, "incomeStatementHistoryQuarterly": {"incomeStatementHistory": [{"maxAge": 1, "endDate": "2020-06-30", "totalRevenue": 4255000, "costOfRevenue": 0, "grossProfit": 4255000, "researchDevelopment": {}, "sellingGeneralAdministrative": 2872000, "nonRecurring": {}, "otherOperatingExpenses": 3814000, "totalOperatingExpenses": 10109000, "operatingIncome": -5854000, "totalOtherIncomeExpenseNet": 495000, "ebit": -5854000, "interestExpense": -151000, "incomeBeforeTax": -5359000, "incomeTaxExpense": 0, "minorityInterest": {}, "netIncomeFromContinuingOps": -5359000, "discontinuedOperations": {}, "extraordinaryItems": {}, "effectOfAccountingCharges": {}, "otherItems": {}, "netIncome": -5359000, "netIncomeApplicableToCommonShares": -5359000}, {"maxAge": 1, "endDate": "2020-03-31", "totalRevenue": 5337000, "costOfRevenue": 0, "grossProfit": 5337000, "researchDevelopment": {}, "sellingGeneralAdministrative": 3423000, "nonRecurring": {}, "otherOperatingExpenses": 953000, "totalOperatingExpenses": 7779000, "operatingIncome": -2442000, "totalOtherIncomeExpenseNet": 891000, "ebit": -2442000, "interestExpense": -157000, "incomeBeforeTax": -1551000, "incomeTaxExpense": 0, "minorityInterest": {}, "netIncomeFromContinuingOps": -1551000, "discontinuedOperations": {}, "extraordinaryItems": {}, "effectOfAccountingCharges": {}, "otherItems": {}, "netIncome": -1551000, "netIncomeApplicableToCommonShares": -1551000}, {"maxAge": 1, "endDate": "2019-12-31", "totalRevenue": 18147500, "costOfRevenue": 0, "grossProfit": 18147500, "researchDevelopment": {}, "sellingGeneralAdministrative": 3834000, "nonRecurring": {}, "otherOperatingExpenses": 32730000, "totalOperatingExpenses": 40957800, "operatingIncome": -22810300, "totalOtherIncomeExpenseNet": -4011700, "ebit": -22810300, "interestExpense": -4451200, "incomeBeforeTax": -26822000, "incomeTaxExpense": 0, "minorityInterest": {}, "netIncomeFromContinuingOps": -26822000, "discontinuedOperations": {}, "extraordinaryItems": {}, "effectOfAccountingCharges": {}, "otherItems": {}, "netIncome": -26822000, "netIncomeApplicableToCommonShares": -26822000}, {"maxAge": 1, "endDate": "2019-09-30", "totalRevenue": 3291300, "costOfRevenue": 0, "grossProfit": 3291300, "researchDevelopment": {}, "sellingGeneralAdministrative": 2959700, "nonRecurring": {}, "otherOperatingExpenses": 4538100, "totalOperatingExpenses": 12401300, "operatingIncome": -9110000, "totalOtherIncomeExpenseNet": -2205200, "ebit": -9110000, "interestExpense": -2249500, "incomeBeforeTax": -11315200, "incomeTaxExpense": 0, "minorityInterest": {}, "netIncomeFromContinuingOps": -11315200, "discontinuedOperations": {}, "extraordinaryItems": {}, "effectOfAccountingCharges": {}, "otherItems": {}, "netIncome": -11315200, "netIncomeApplicableToCommonShares": -11315200}], "maxAge": 86400}, "cashflowStatementHistoryQuarterly": {"cashflowStatements": [{"maxAge": 1, "endDate": "2020-06-30", "netIncome": -5359000, "changeToLiabilities": 0}, {"maxAge": 1, "endDate": "2020-03-31", "netIncome": -1551000, "changeToLiabilities": 0}, {"maxAge": 1, "endDate": "2019-12-31", "netIncome": -26822000, "changeToLiabilities": 0}, {"maxAge": 1, "endDate": "2019-09-30", "netIncome": -11315200, "changeToLiabilities": 0}], "maxAge": 86400}, "insiderHolders": {"holders": [{"maxAge": 1, "name": "Duke (Gia Patricia)", "relation": "UNREPORTED", "url": "", "transactionDescription": "Gift", "latestTransDate": "2014-06-24", "positionDirect": 0, "positionDirectDate": "2014-06-24"}, {"maxAge": 1, "name": "Duke (Komal)", "relation": "Promoter", "url": "", "transactionDescription": "Gift", "latestTransDate": "2014-06-24", "positionDirect": 486450, "positionDirectDate": "2014-06-24"}, {"maxAge": 1, "name": "Pawar (Suresh S)", "relation": "Promoter", "url": "", "transactionDescription": "Sale", "latestTransDate": "2008-02-19", "positionDirect": 0, "positionDirectDate": "2008-02-19"}], "maxAge": 1}, "calendarEvents": {"maxAge": 1, "earnings": {"earningsDate": ["2020-09-15 05:30:S"]}}, "price": {"maxAge": 1, "regularMarketChangePercent": -0.0414893, "regularMarketChange": -0.3899994, "regularMarketTime": "2021-04-30 15:03:52", "priceHint": 2, "regularMarketPrice": 9.01, "regularMarketDayHigh": 9.7, "regularMarketDayLow": 8.76, "regularMarketVolume": 2564, "averageDailyVolume10Day": 6444, "averageDailyVolume3Month": 6670, "regularMarketPreviousClose": 9.4, "regularMarketSource": "FREE_REALTIME", "regularMarketOpen": 9.4, "exchange": "BSE", "exchangeName": "BSE", "exchangeDataDelayedBy": 0, "marketState": "CLOSED", "quoteType": "EQUITY", "symbol": "DUKEOFS.BO", "underlyingSymbol": null, "shortName": "DUKE OFFSHORE LTD.", "longName": "Duke Offshore Limited", "currency": "INR", "quoteSourceName": "Delayed Quote", "currencySymbol": "\u20b9", "fromCurrency": null, "toCurrency": null, "lastMarket": null, "marketCap": 88813376}, "balanceSheetHistory": {"balanceSheetStatements": [{"maxAge": 1, "endDate": "2020-03-31", "cash": 39211000, "netReceivables": 11140000, "totalCurrentAssets": 52096000, "propertyPlantEquipment": 85294000, "otherAssets": 4847000, "totalAssets": 142237000, "accountsPayable": 4013000, "shortLongTermDebt": 1235000, "otherCurrentLiab": 1537000, "longTermDebt": 6049000, "otherLiab": 5818000, "totalCurrentLiabilities": 6785000, "totalLiab": 18652000, "commonStock": 98572000, "retainedEarnings": 24516000, "treasuryStock": 497000, "otherStockholderEquity": 497000, "totalStockholderEquity": 123585000, "netTangibleAssets": 123585000}, {"maxAge": 1, "endDate": "2019-03-31", "cash": 20112703, "shortTermInvestments": 891000, "netReceivables": 18538489, "otherCurrentAssets": 561670, "totalCurrentAssets": 40103862, "longTermInvestments": 610150, "propertyPlantEquipment": 215866310, "otherAssets": 4891111, "totalAssets": 260861283, "accountsPayable": 4341625, "shortLongTermDebt": 20746858, "otherCurrentLiab": 776966, "longTermDebt": 62614722, "otherLiab": 19059072, "totalCurrentLiabilities": 28736139, "totalLiab": 110409933, "commonStock": 98572000, "retainedEarnings": 51382350, "treasuryStock": 497000, "otherStockholderEquity": 497000, "totalStockholderEquity": 150451350, "netTangibleAssets": 150451350}, {"maxAge": 1, "endDate": "2018-03-31", "cash": 2284965, "shortTermInvestments": 723000, "netReceivables": 27154131, "totalCurrentAssets": 33571356, "propertyPlantEquipment": 236871962, "otherAssets": 15724936, "totalAssets": 286168254, "accountsPayable": 3048838, "shortLongTermDebt": 19802237, "otherCurrentLiab": 776966, "longTermDebt": 82043768, "otherLiab": 19878755, "totalCurrentLiabilities": 39465354, "totalLiab": 141387877, "commonStock": 49286000, "retainedEarnings": 94997377, "treasuryStock": 497000, "otherStockholderEquity": 497000, "totalStockholderEquity": 144780377, "netTangibleAssets": 144780377}, {"maxAge": 1, "endDate": "2017-03-31", "cash": 7170072, "shortTermInvestments": 10072981, "netReceivables": 30326058, "totalCurrentAssets": 47957017, "propertyPlantEquipment": 213775584, "otherAssets": 14270043, "totalAssets": 276002644, "accountsPayable": 4622426, "shortLongTermDebt": 9550000, "otherCurrentLiab": 544678, "longTermDebt": 85950000, "otherLiab": 12785203, "totalCurrentLiabilities": 24400819, "totalLiab": 123136022, "commonStock": 49286000, "retainedEarnings": 103083622, "treasuryStock": 497000, "otherStockholderEquity": 497000, "totalStockholderEquity": 152866622, "netTangibleAssets": 152866622}], "maxAge": 86400}, "financialData": {"maxAge": 86400, "currentPrice": 9.01, "recommendationKey": "none", "grossProfits": 42559000, "financialCurrency": "INR"}}}