{"DUNCANENG.BO": {"recommendationTrend": {"trend": [{"period": "0m", "strongBuy": 0, "buy": 0, "hold": 0, "sell": 0, "strongSell": 0}, {"period": "-1m", "strongBuy": 0, "buy": 0, "hold": 0, "sell": 0, "strongSell": 0}, {"period": "-2m", "strongBuy": 0, "buy": 0, "hold": 0, "sell": 0, "strongSell": 0}, {"period": "-3m", "strongBuy": 0, "buy": 0, "hold": 0, "sell": 0, "strongSell": 0}], "maxAge": 86400}, "cashflowStatementHistory": {"cashflowStatements": [{"maxAge": 1, "endDate": "2020-03-31", "netIncome": 32630000, "depreciation": 13168000, "changeToNetincome": 873000, "changeToAccountReceivables": 13563000, "changeToLiabilities": -4549000, "changeToInventory": 498000, "changeToOperatingActivities": 16738000, "totalCashFromOperatingActivities": 73682000, "capitalExpenditures": -6124000, "investments": -20554000, "otherCashflowsFromInvestingActivities": -2573000, "totalCashflowsFromInvestingActivities": -28980000, "netBorrowings": -60297000, "otherCashflowsFromFinancingActivities": -4139000, "totalCashFromFinancingActivities": -64436000, "changeInCash": -19734000}, {"maxAge": 1, "endDate": "2019-03-31", "netIncome": 27793000, "depreciation": 15585000, "changeToNetincome": 13767000, "changeToAccountReceivables": -1855000, "changeToLiabilities": -14930000, "changeToInventory": 2109000, "changeToOperatingActivities": 4278000, "totalCashFromOperatingActivities": 47853000, "capitalExpenditures": -3499000, "investments": 3000, "otherCashflowsFromInvestingActivities": 20000, "totalCashflowsFromInvestingActivities": 4851000, "netBorrowings": -25301000, "otherCashflowsFromFinancingActivities": -7447000, "totalCashFromFinancingActivities": -32748000, "changeInCash": 19956000}, {"maxAge": 1, "endDate": "2018-03-31", "netIncome": 1476677, "depreciation": 17370751, "changeToNetincome": 17513836, "changeToAccountReceivables": 18619070, "changeToLiabilities": 5039545, "changeToInventory": 4220545, "changeToOperatingActivities": 3534498, "totalCashFromOperatingActivities": 68712108, "capitalExpenditures": -2598671, "investments": 434221, "otherCashflowsFromInvestingActivities": 49089, "totalCashflowsFromInvestingActivities": -2115361, "netBorrowings": -53180367, "otherCashflowsFromFinancingActivities": -15596337, "totalCashFromFinancingActivities": -68776704, "changeInCash": -2179957}, {"maxAge": 1, "endDate": "2017-03-31", "netIncome": -58757695, "depreciation": 17044957, "changeToNetincome": 17425290, "changeToAccountReceivables": 49958993, "changeToLiabilities": -37095147, "changeToInventory": 35855792, "changeToOperatingActivities": 17942105, "totalCashFromOperatingActivities": 43294600, "capitalExpenditures": -9244753, "investments": 1289527, "otherCashflowsFromInvestingActivities": 5450695, "totalCashflowsFromInvestingActivities": 18417088, "netBorrowings": -39750489, "otherCashflowsFromFinancingActivities": -21746762, "totalCashFromFinancingActivities": -61497251, "changeInCash": 214438}], "maxAge": 86400}, "institutionOwnership": {"maxAge": 1, "ownershipList": []}, "balanceSheetHistoryQuarterly": {"balanceSheetStatements": [{"maxAge": 1, "endDate": "2020-06-30", "totalStockholderEquity": 223655000, "netTangibleAssets": 222110000}, {"maxAge": 1, "endDate": "2020-03-31", "cash": 395000, "shortTermInvestments": 20000000, "netReceivables": 48107000, "inventory": 78779000, "otherCurrentAssets": 19304000, "totalCurrentAssets": 167669000, "propertyPlantEquipment": 155963000, "intangibleAssets": 1545000, "otherAssets": 1355000, "totalAssets": 326532000, "accountsPayable": 43162000, "shortLongTermDebt": 374000, "otherCurrentLiab": 13467000, "longTermDebt": 1711000, "otherLiab": 4940000, "totalCurrentLiabilities": 96226000, "totalLiab": 102877000, "commonStock": 36960000, "retainedEarnings": 151582000, "treasuryStock": 35113000, "otherStockholderEquity": 35113000, "totalStockholderEquity": 223655000, "netTangibleAssets": 222110000}, {"maxAge": 1, "endDate": "2019-12-31", "totalStockholderEquity": 223942000, "netTangibleAssets": 221357000}, {"maxAge": 1, "endDate": "2019-09-30", "cash": 24507000, "shortTermInvestments": 996000, "netReceivables": 61334000, "inventory": 75937000, "otherCurrentAssets": 17655000, "totalCurrentAssets": 180429000, "propertyPlantEquipment": 157366000, "intangibleAssets": 2585000, "otherAssets": 298000, "totalAssets": 340678000, "accountsPayable": 30714000, "shortLongTermDebt": 51021000, "otherCurrentLiab": 13813000, "otherLiab": 5368000, "totalCurrentLiabilities": 111368000, "totalLiab": 116736000, "commonStock": 36960000, "treasuryStock": 186982000, "otherStockholderEquity": 186982000, "totalStockholderEquity": 223942000, "netTangibleAssets": 221357000}], "maxAge": 86400}, "earningsHistory": {"history": [{"maxAge": 1, "epsActual": {}, "epsEstimate": {}, "epsDifference": {}, "surprisePercent": {}, "quarter": {}, "period": "-4q"}, {"maxAge": 1, "epsActual": {}, "epsEstimate": {}, "epsDifference": {}, "surprisePercent": {}, "quarter": {}, "period": "-3q"}, {"maxAge": 1, "epsActual": {}, "epsEstimate": {}, "epsDifference": {}, "surprisePercent": {}, "quarter": {}, "period": "-2q"}, {"maxAge": 1, "epsActual": {}, "epsEstimate": {}, "epsDifference": {}, "surprisePercent": {}, "quarter": {}, "period": "-1q"}], "maxAge": 86400}, "indexTrend": {"maxAge": 1, "symbol": "SP5", "peRatio": 19.7411, "pegRatio": 1.34172, "estimates": [{"period": "0q", "growth": 0.549}, {"period": "+1q", "growth": 0.431}, {"period": "0y", "growth": 0.305}, {"period": "+1y", "growth": 0.109}, {"period": "+5y", "growth": 0.120859005}, {"period": "-5y"}]}, "industryTrend": {"maxAge": 1, "symbol": null, "estimates": []}, "insiderTransactions": {"transactions": [{"maxAge": 1, "shares": 465104, "filerUrl": "", "transactionText": "", "filerName": "Cosmopolitan Investments Ltd", "filerRelation": "Promoter", "moneyText": "", "startDate": "2013-11-22", "ownership": "D"}, {"maxAge": 1, "shares": 464604, "filerUrl": "", "transactionText": "", "filerName": "Oriental Carbon & Chemicals Ltd", "filerRelation": "Promoter", "moneyText": "", "startDate": "2013-11-22", "ownership": "D"}, {"maxAge": 1, "shares": 1848000, "filerUrl": "", "transactionText": "", "filerName": "Oriental Carbon & Chemicals Ltd", "filerRelation": "Promoter", "moneyText": "", "startDate": "2012-04-13", "ownership": "D"}, {"maxAge": 1, "shares": 1848000, "filerUrl": "", "transactionText": "", "filerName": "Schrader Bridgeport International Inc US", "filerRelation": "Promoter", "moneyText": "", "startDate": "2012-04-13", "ownership": "D"}], "maxAge": 1}, "quoteType": {"exchange": "BSE", "quoteType": "EQUITY", "symbol": "DUNCANENG.BO", "underlyingSymbol": "DUNCANENG.BO", "shortName": "Duncan Engineering Limited", "longName": "Duncan Engineering Limited", "firstTradeDateEpochUtc": "2000-01-05 09:15:00", "timeZoneFullName": "Asia/Kolkata", "timeZoneShortName": "IST", "uuid": "611303f5-d91a-31bb-a58b-660a5395b096", "messageBoardId": null, "gmtOffSetMilliseconds": 19800000, "maxAge": 1}, "incomeStatementHistory": {"incomeStatementHistory": [{"maxAge": 1, "endDate": "2020-03-31", "totalRevenue": 433800000, "costOfRevenue": 246676000, "grossProfit": 187124000, "researchDevelopment": {}, "sellingGeneralAdministrative": 95417000, "nonRecurring": {}, "otherOperatingExpenses": 25127000, "totalOperatingExpenses": 381664000, "operatingIncome": 52136000, "totalOtherIncomeExpenseNet": -19105000, "ebit": 52136000, "interestExpense": -3265000, "incomeBeforeTax": 33031000, "incomeTaxExpense": 401000, "minorityInterest": {}, "netIncomeFromContinuingOps": 32630000, "discontinuedOperations": {}, "extraordinaryItems": {}, "effectOfAccountingCharges": {}, "otherItems": {}, "netIncome": 32630000, "netIncomeApplicableToCommonShares": 32630000}, {"maxAge": 1, "endDate": "2019-03-31", "totalRevenue": 444559000, "costOfRevenue": 272404000, "grossProfit": 172155000, "researchDevelopment": {}, "sellingGeneralAdministrative": 81855000, "nonRecurring": {}, "otherOperatingExpenses": 28781000, "totalOperatingExpenses": 400544000, "operatingIncome": 44015000, "totalOtherIncomeExpenseNet": -13005000, "ebit": 44015000, "interestExpense": -6837000, "incomeBeforeTax": 31010000, "incomeTaxExpense": 3217000, "minorityInterest": {}, "netIncomeFromContinuingOps": 27793000, "discontinuedOperations": {}, "extraordinaryItems": {}, "effectOfAccountingCharges": {}, "otherItems": {}, "netIncome": 27793000, "netIncomeApplicableToCommonShares": 27793000}, {"maxAge": 1, "endDate": "2018-03-31", "totalRevenue": 407218789, "costOfRevenue": 253055503, "grossProfit": 154163286, "researchDevelopment": {}, "sellingGeneralAdministrative": 83060291, "nonRecurring": {}, "otherOperatingExpenses": 33638971, "totalOperatingExpenses": 391054150, "operatingIncome": 16164639, "totalOtherIncomeExpenseNet": -15129230, "ebit": 16164639, "interestExpense": -14630275, "incomeBeforeTax": 1035409, "incomeTaxExpense": 0, "minorityInterest": {}, "netIncomeFromContinuingOps": 1035409, "discontinuedOperations": 441268, "extraordinaryItems": {}, "effectOfAccountingCharges": {}, "otherItems": {}, "netIncome": 1476677, "netIncomeApplicableToCommonShares": 1476677}, {"maxAge": 1, "endDate": "2017-03-31", "totalRevenue": 342130231, "costOfRevenue": 221429814, "grossProfit": 120700417, "researchDevelopment": {}, "sellingGeneralAdministrative": 84234139, "nonRecurring": {}, "otherOperatingExpenses": 36360212, "totalOperatingExpenses": 360947420, "operatingIncome": -18817189, "totalOtherIncomeExpenseNet": -17172169, "ebit": -18817189, "interestExpense": -20511061, "incomeBeforeTax": -35989358, "incomeTaxExpense": -18487, "minorityInterest": {}, "netIncomeFromContinuingOps": -35970871, "discontinuedOperations": -22786824, "extraordinaryItems": {}, "effectOfAccountingCharges": {}, "otherItems": {}, "netIncome": -58757695, "netIncomeApplicableToCommonShares": -58757695}], "maxAge": 86400}, "fundOwnership": {"maxAge": 1, "ownershipList": []}, "summaryDetail": {"maxAge": 1, "priceHint": 2, "previousClose": 113.9, "open": 115.15, "dayLow": 110.0, "dayHigh": 124.95, "regularMarketPreviousClose": 113.9, "regularMarketOpen": 115.15, "regularMarketDayLow": 110.0, "regularMarketDayHigh": 124.95, "trailingPE": 28.73086, "volume": 913, "regularMarketVolume": 913, "averageVolume": 412, "averageVolume10days": 159, "averageDailyVolume10Day": 159, "bid": 110.0, "ask": 115.0, "bidSize": 0, "askSize": 0, "marketCap": 409147200, "fiftyTwoWeekLow": 67.0, "fiftyTwoWeekHigh": 148.7, "fiftyDayAverage": 115.85143, "twoHundredDayAverage": 105.17591, "currency": "INR", "fromCurrency": null, "toCurrency": null, "lastMarket": null, "algorithm": null, "tradeable": false}, "sectorTrend": {"maxAge": 1, "symbol": null, "estimates": []}, "incomeStatementHistoryQuarterly": {"incomeStatementHistory": [{"maxAge": 1, "endDate": "2020-06-30", "totalRevenue": 45515000, "costOfRevenue": 27025000, "grossProfit": 18490000, "researchDevelopment": {}, "sellingGeneralAdministrative": 18585000, "nonRecurring": {}, "otherOperatingExpenses": 4627000, "totalOperatingExpenses": 52812000, "operatingIncome": -7297000, "totalOtherIncomeExpenseNet": -508000, "ebit": -7297000, "interestExpense": -508000, "incomeBeforeTax": -7805000, "incomeTaxExpense": 0, "minorityInterest": {}, "netIncomeFromContinuingOps": -7805000, "discontinuedOperations": {}, "extraordinaryItems": {}, "effectOfAccountingCharges": {}, "otherItems": {}, "netIncome": -7805000, "netIncomeApplicableToCommonShares": -7805000}, {"maxAge": 1, "endDate": "2020-03-31", "totalRevenue": 104613000, "costOfRevenue": 62764000, "grossProfit": 41849000, "researchDevelopment": {}, "sellingGeneralAdministrative": 23293000, "nonRecurring": {}, "otherOperatingExpenses": -2505000, "totalOperatingExpenses": 87254000, "operatingIncome": 17359000, "totalOtherIncomeExpenseNet": -25405000, "ebit": 17359000, "interestExpense": -384000, "incomeBeforeTax": -8046000, "incomeTaxExpense": 1000, "minorityInterest": {}, "netIncomeFromContinuingOps": -8047000, "discontinuedOperations": {}, "extraordinaryItems": {}, "effectOfAccountingCharges": {}, "otherItems": {}, "netIncome": -8047000, "netIncomeApplicableToCommonShares": -8047000}, {"maxAge": 1, "endDate": "2019-12-31", "totalRevenue": 100754000, "costOfRevenue": 57353000, "grossProfit": 43401000, "researchDevelopment": {}, "sellingGeneralAdministrative": 25100000, "nonRecurring": {}, "otherOperatingExpenses": 8578000, "totalOperatingExpenses": 94531000, "operatingIncome": 6223000, "totalOtherIncomeExpenseNet": 1809000, "ebit": 6223000, "interestExpense": -648000, "incomeBeforeTax": 8032000, "incomeTaxExpense": 0, "minorityInterest": {}, "netIncomeFromContinuingOps": 8032000, "discontinuedOperations": {}, "extraordinaryItems": {}, "effectOfAccountingCharges": {}, "otherItems": {}, "netIncome": 8032000, "netIncomeApplicableToCommonShares": 8032000}, {"maxAge": 1, "endDate": "2019-09-30", "totalRevenue": 117809000, "costOfRevenue": 62370000, "grossProfit": 55439000, "researchDevelopment": {}, "sellingGeneralAdministrative": 22776000, "nonRecurring": {}, "otherOperatingExpenses": 9496000, "totalOperatingExpenses": 98276000, "operatingIncome": 19533000, "totalOtherIncomeExpenseNet": -230000, "ebit": 19533000, "interestExpense": -992000, "incomeBeforeTax": 19303000, "incomeTaxExpense": -2757000, "minorityInterest": {}, "netIncomeFromContinuingOps": 22060000, "discontinuedOperations": {}, "extraordinaryItems": {}, "effectOfAccountingCharges": {}, "otherItems": {}, "netIncome": 22060000, "netIncomeApplicableToCommonShares": 22060000}], "maxAge": 86400}, "cashflowStatementHistoryQuarterly": {"cashflowStatements": [{"maxAge": 1, "endDate": "2020-06-30", "netIncome": -7805000, "changeToLiabilities": 0}, {"maxAge": 1, "endDate": "2020-03-31", "netIncome": -8047000, "changeToLiabilities": 0}, {"maxAge": 1, "endDate": "2019-12-31", "netIncome": 8032000, "changeToLiabilities": 0}, {"maxAge": 1, "endDate": "2019-09-30", "netIncome": 22060000, "changeToLiabilities": 0}], "maxAge": 86400}, "insiderHolders": {"holders": [{"maxAge": 1, "name": "Cosmopolitan Investments Ltd", "relation": "Promoter", "url": "", "transactionDescription": "Purchase", "latestTransDate": "2013-11-22", "positionDirect": 905336, "positionDirectDate": "2013-11-22"}, {"maxAge": 1, "name": "Oriental Carbon & Chemicals Ltd", "relation": "Promoter", "url": "", "transactionDescription": "Sale", "latestTransDate": "2013-11-22", "positionDirect": 1848500, "positionDirectDate": "2013-11-22"}, {"maxAge": 1, "name": "Schrader Bridgeport International Inc US", "relation": "Promoter", "url": "", "transactionDescription": "Sale", "latestTransDate": "2012-04-13", "positionDirect": 0, "positionDirectDate": "2012-04-13"}], "maxAge": 1}, "earnings": {"maxAge": 86400, "earningsChart": {"quarterly": [], "earningsDate": []}, "financialsChart": {"yearly": [{"date": 2017, "revenue": 342130231, "earnings": -58757695}, {"date": 2018, "revenue": 407218789, "earnings": 1476677}, {"date": 2019, "revenue": 444559000, "earnings": 27793000}, {"date": 2020, "revenue": 433800000, "earnings": 32630000}], "quarterly": [{"date": "3Q2019", "revenue": 117809000, "earnings": 22060000}, {"date": "4Q2019", "revenue": 100754000, "earnings": 8032000}, {"date": "1Q2020", "revenue": 104613000, "earnings": -8047000}, {"date": "2Q2020", "revenue": 45515000, "earnings": -7805000}]}, "financialCurrency": "INR"}, "calendarEvents": {"maxAge": 1, "earnings": {"earningsDate": []}}, "price": {"maxAge": 1, "regularMarketChangePercent": -0.02809486, "regularMarketChange": -3.2000046, "regularMarketTime": "2021-04-30 15:16:38", "priceHint": 2, "regularMarketPrice": 110.7, "regularMarketDayHigh": 124.95, "regularMarketDayLow": 110.0, "regularMarketVolume": 913, "averageDailyVolume10Day": 159, "averageDailyVolume3Month": 412, "regularMarketPreviousClose": 113.9, "regularMarketSource": "FREE_REALTIME", "regularMarketOpen": 115.15, "exchange": "BSE", "exchangeName": "BSE", "exchangeDataDelayedBy": 0, "marketState": "CLOSED", "quoteType": "EQUITY", "symbol": "DUNCANENG.BO", "underlyingSymbol": null, "shortName": "Duncan Engineering Limited", "longName": "Duncan Engineering Limited", "currency": "INR", "quoteSourceName": "Delayed Quote", "currencySymbol": "\u20b9", "fromCurrency": null, "toCurrency": null, "lastMarket": null, "marketCap": 409147200}, "balanceSheetHistory": {"balanceSheetStatements": [{"maxAge": 1, "endDate": "2020-03-31", "cash": 395000, "shortTermInvestments": 20000000, "netReceivables": 48107000, "inventory": 78779000, "otherCurrentAssets": 19304000, "totalCurrentAssets": 167669000, "propertyPlantEquipment": 155963000, "intangibleAssets": 1545000, "otherAssets": 1355000, "totalAssets": 326532000, "accountsPayable": 43162000, "shortLongTermDebt": 374000, "otherCurrentLiab": 13467000, "longTermDebt": 1711000, "otherLiab": 4940000, "totalCurrentLiabilities": 96226000, "totalLiab": 102877000, "commonStock": 36960000, "retainedEarnings": 151582000, "treasuryStock": 35113000, "otherStockholderEquity": 35113000, "totalStockholderEquity": 223655000, "netTangibleAssets": 222110000}, {"maxAge": 1, "endDate": "2019-03-31", "cash": 20129000, "netReceivables": 60806000, "inventory": 79278000, "otherCurrentAssets": 20049000, "totalCurrentAssets": 181342000, "propertyPlantEquipment": 163151000, "intangibleAssets": 2277000, "otherAssets": 1448000, "totalAssets": 348218000, "accountsPayable": 47568000, "shortLongTermDebt": 359000, "otherCurrentLiab": 15477000, "otherLiab": 4314000, "totalCurrentLiabilities": 152052000, "totalLiab": 156366000, "commonStock": 36960000, "retainedEarnings": 118952000, "treasuryStock": 35940000, "otherStockholderEquity": 35940000, "totalStockholderEquity": 191852000, "netTangibleAssets": 189575000}, {"maxAge": 1, "endDate": "2018-03-31", "cash": 173323, "shortTermInvestments": 466208, "netReceivables": 60040235, "inventory": 81386072, "otherCurrentAssets": 18429155, "totalCurrentAssets": 161578293, "propertyPlantEquipment": 192720952, "intangibleAssets": 1610576, "otherAssets": 1126749, "totalAssets": 357036570, "accountsPayable": 62762602, "shortLongTermDebt": 363784, "otherCurrentLiab": 11390772, "longTermDebt": 358857, "otherLiab": 4254135, "totalCurrentLiabilities": 187621605, "totalLiab": 192234597, "commonStock": 36960000, "retainedEarnings": 91158789, "treasuryStock": 36683184, "otherStockholderEquity": 36683184, "totalStockholderEquity": 164801973, "netTangibleAssets": 163191397}, {"maxAge": 1, "endDate": "2017-03-31", "cash": 2353280, "shortTermInvestments": 411910, "netReceivables": 81508058, "inventory": 85606617, "otherCurrentAssets": 21163014, "totalCurrentAssets": 192682076, "longTermInvestments": 124500, "propertyPlantEquipment": 207873033, "intangibleAssets": 2167761, "otherAssets": 2289663, "totalAssets": 405137033, "accountsPayable": 58076539, "shortLongTermDebt": 351951, "otherCurrentLiab": 12453117, "longTermDebt": 703159, "otherLiab": 4294047, "totalCurrentLiabilities": 236581912, "totalLiab": 241579118, "commonStock": 36960000, "retainedEarnings": 89682112, "treasuryStock": 36915803, "otherStockholderEquity": 36915803, "totalStockholderEquity": 163557915, "netTangibleAssets": 161390154}], "maxAge": 86400}, "earningsTrend": {"trend": [{"maxAge": 1, "period": "0q", "endDate": null, "growth": {}, "earningsEstimate": {"avg": 0.0, "low": 0.0, "high": 0.0, "yearAgoEps": {}, "numberOfAnalysts": 0, "growth": {}}, "revenueEstimate": {"avg": 0, "low": 0, "high": 0, "numberOfAnalysts": 0, "yearAgoRevenue": {}, "growth": {}}, "epsTrend": {"current": 0.0, "7daysAgo": 0.0, "30daysAgo": 0.0, "60daysAgo": 0.0, "90daysAgo": 0.0}, "epsRevisions": {"upLast7days": 0, "upLast30days": 0, "downLast30days": 0, "downLast90days": {}}}, {"maxAge": 1, "period": "+1q", "endDate": null, "growth": {}, "earningsEstimate": {"avg": 0.0, "low": 0.0, "high": 0.0, "yearAgoEps": {}, "numberOfAnalysts": 0, "growth": {}}, "revenueEstimate": {"avg": 0, "low": 0, "high": 0, "numberOfAnalysts": 0, "yearAgoRevenue": {}, "growth": {}}, "epsTrend": {"current": 0.0, "7daysAgo": 0.0, "30daysAgo": 0.0, "60daysAgo": 0.0, "90daysAgo": 0.0}, "epsRevisions": {"upLast7days": 0, "upLast30days": 0, "downLast30days": 0, "downLast90days": {}}}, {"maxAge": 1, "period": "0y", "endDate": null, "growth": {}, "earningsEstimate": {"avg": 0.0, "low": 0.0, "high": 0.0, "yearAgoEps": {}, "numberOfAnalysts": 0, "growth": {}}, "revenueEstimate": {"avg": 0, "low": 0, "high": 0, "numberOfAnalysts": 0, "yearAgoRevenue": {}, "growth": {}}, "epsTrend": {"current": 0.0, "7daysAgo": 0.0, "30daysAgo": 0.0, "60daysAgo": 0.0, "90daysAgo": 0.0}, "epsRevisions": {"upLast7days": 0, "upLast30days": 0, "downLast30days": 0, "downLast90days": {}}}, {"maxAge": 1, "period": "+1y", "endDate": null, "growth": {}, "earningsEstimate": {"avg": 0.0, "low": 0.0, "high": 0.0, "yearAgoEps": {}, "numberOfAnalysts": 0, "growth": {}}, "revenueEstimate": {"avg": 0, "low": 0, "high": 0, "numberOfAnalysts": 0, "yearAgoRevenue": {}, "growth": {}}, "epsTrend": {"current": 0.0, "7daysAgo": 0.0, "30daysAgo": 0.0, "60daysAgo": 0.0, "90daysAgo": 0.0}, "epsRevisions": {"upLast7days": 0, "upLast30days": 0, "downLast30days": 0, "downLast90days": {}}}, {"maxAge": 1, "period": "+5y", "endDate": null, "growth": {}, "earningsEstimate": {"avg": {}, "low": {}, "high": {}, "yearAgoEps": {}, "numberOfAnalysts": {}, "growth": {}}, "revenueEstimate": {"avg": {}, "low": {}, "high": {}, "numberOfAnalysts": {}, "yearAgoRevenue": {}, "growth": {}}, "epsTrend": {"current": {}, "7daysAgo": {}, "30daysAgo": {}, "60daysAgo": {}, "90daysAgo": {}}, "epsRevisions": {"upLast7days": {}, "upLast30days": {}, "downLast30days": {}, "downLast90days": {}}}, {"maxAge": 1, "period": "-5y", "endDate": null, "growth": {}, "earningsEstimate": {"avg": {}, "low": {}, "high": {}, "yearAgoEps": {}, "numberOfAnalysts": {}, "growth": {}}, "revenueEstimate": {"avg": {}, "low": {}, "high": {}, "numberOfAnalysts": {}, "yearAgoRevenue": {}, "growth": {}}, "epsTrend": {"current": {}, "7daysAgo": {}, "30daysAgo": {}, "60daysAgo": {}, "90daysAgo": {}}, "epsRevisions": {"upLast7days": {}, "upLast30days": {}, "downLast30days": {}, "downLast90days": {}}}], "maxAge": 1}, "financialData": {"maxAge": 86400, "currentPrice": 110.7, "recommendationKey": "none", "grossProfits": 187124000, "financialCurrency": "INR"}}}