{"DUTRON.BO": {"cashflowStatementHistory": {"cashflowStatements": [{"maxAge": 1, "endDate": "2020-03-31", "netIncome": 19678488, "depreciation": 11350478, "changeToNetincome": 18248928, "changeToAccountReceivables": 32862596, "changeToLiabilities": 1344624, "changeToInventory": -20696706, "changeToOperatingActivities": -23067587, "totalCashFromOperatingActivities": 31915397, "capitalExpenditures": -13615425, "totalCashflowsFromInvestingActivities": -10097433, "dividendsPaid": -7200000, "netBorrowings": -4530922, "otherCashflowsFromFinancingActivities": -8841390, "totalCashFromFinancingActivities": -20572312, "changeInCash": 1245652}, {"maxAge": 1, "endDate": "2019-03-31", "netIncome": 20966684, "depreciation": 10477314, "changeToNetincome": -6267339, "changeToAccountReceivables": 90712764, "changeToLiabilities": -35246836, "changeToInventory": 2874831, "changeToOperatingActivities": -3821319, "totalCashFromOperatingActivities": 82159205, "capitalExpenditures": -16712107, "totalCashflowsFromInvestingActivities": -12255385, "dividendsPaid": -8400000, "netBorrowings": -59731299, "otherCashflowsFromFinancingActivities": 1008012, "totalCashFromFinancingActivities": -67123287, "changeInCash": 2780533}, {"maxAge": 1, "endDate": "2018-03-31", "netIncome": 18152558, "depreciation": 9639236, "changeToNetincome": -1252891, "changeToAccountReceivables": -130147209, "changeToLiabilities": 7707364, "changeToInventory": 23418920, "changeToOperatingActivities": 19415744, "totalCashFromOperatingActivities": -49493017, "capitalExpenditures": -2811813, "totalCashflowsFromInvestingActivities": -2766277, "dividendsPaid": -8400000, "netBorrowings": 55288745, "otherCashflowsFromFinancingActivities": 1283399, "totalCashFromFinancingActivities": 48172144, "changeInCash": -4087150}, {"maxAge": 1, "endDate": "2017-03-31", "netIncome": 18328832, "depreciation": 15394398, "changeToNetincome": 1811997, "changeToAccountReceivables": 26237923, "changeToLiabilities": 509501, "changeToInventory": -29953238, "changeToOperatingActivities": -22986, "totalCashFromOperatingActivities": 32306427, "capitalExpenditures": -18313734, "totalCashflowsFromInvestingActivities": -18313734, "dividendsPaid": -8400000, "netBorrowings": 2997448, "otherCashflowsFromFinancingActivities": -4310379, "totalCashFromFinancingActivities": -9712931, "changeInCash": 4279762}], "maxAge": 86400}, "institutionOwnership": {"ownershipList": [], "maxAge": 1}, "balanceSheetHistoryQuarterly": {"balanceSheetStatements": [{"maxAge": 1, "endDate": "2020-06-30", "totalStockholderEquity": 192370794, "netTangibleAssets": 192370794}, {"maxAge": 1, "endDate": "2020-03-31", "cash": 4673971, "shortTermInvestments": 4000986, "netReceivables": 102529717, "inventory": 143902497, "otherCurrentAssets": 8885416, "totalCurrentAssets": 263992587, "longTermInvestments": 24879868, "propertyPlantEquipment": 89651775, "otherAssets": 6269432, "totalAssets": 384793662, "accountsPayable": 13680152, "otherCurrentLiab": 9369694, "longTermDebt": 137747851, "otherLiab": 19904934, "totalCurrentLiabilities": 34770083, "totalLiab": 192422868, "commonStock": 60000000, "retainedEarnings": 100488579, "treasuryStock": 1882215, "capitalSurplus": 30000000, "otherStockholderEquity": 1882215, "totalStockholderEquity": 192370794, "netTangibleAssets": 192370794}, {"maxAge": 1, "endDate": "2019-12-31", "totalStockholderEquity": 183941000, "netTangibleAssets": 183941000}, {"maxAge": 1, "endDate": "2019-09-30", "cash": 4587000, "shortTermInvestments": 7716000, "netReceivables": 116592000, "inventory": 169964000, "totalCurrentAssets": 298859000, "longTermInvestments": 23237000, "propertyPlantEquipment": 92860000, "otherAssets": 6158000, "totalAssets": 421114000, "accountsPayable": 23282000, "otherCurrentLiab": 40386000, "longTermDebt": 109649000, "otherLiab": 4567000, "totalCurrentLiabilities": 122957000, "totalLiab": 237173000, "commonStock": 60000000, "treasuryStock": 123941000, "otherStockholderEquity": 123941000, "totalStockholderEquity": 183941000, "netTangibleAssets": 183941000}], "maxAge": 86400}, "indexTrend": {"maxAge": 1, "symbol": "SP5", "peRatio": 19.7411, "pegRatio": 1.34172, "estimates": [{"period": "0q", "growth": 0.549}, {"period": "+1q", "growth": 0.431}, {"period": "0y", "growth": 0.305}, {"period": "+1y", "growth": 0.109}, {"period": "+5y", "growth": 0.120859005}, {"period": "-5y"}]}, "quoteType": {"exchange": "BSE", "quoteType": "EQUITY", "symbol": "DUTRON.BO", "underlyingSymbol": "DUTRON.BO", "shortName": "DUTRON POLYMERS LTD.", "longName": "Dutron Polymers Limited", "firstTradeDateEpochUtc": "2002-01-28 09:15:00", "timeZoneFullName": "Asia/Kolkata", "timeZoneShortName": "IST", "uuid": "42af6ce3-a31d-3a5d-aca3-dfe48bbac415", "gmtOffSetMilliseconds": 19800000, "maxAge": 1}, "incomeStatementHistory": {"incomeStatementHistory": [{"maxAge": 1, "endDate": "2020-03-31", "totalRevenue": 891777296, "costOfRevenue": 776140622, "grossProfit": 115636674, "researchDevelopment": {}, "sellingGeneralAdministrative": 69015129, "nonRecurring": {}, "otherOperatingExpenses": -960000, "totalOperatingExpenses": 855546229, "operatingIncome": 36231067, "totalOtherIncomeExpenseNet": -9920092, "ebit": 36231067, "interestExpense": -14874668, "incomeBeforeTax": 26310975, "incomeTaxExpense": 6632487, "minorityInterest": {}, "netIncomeFromContinuingOps": 19678488, "discontinuedOperations": {}, "extraordinaryItems": {}, "effectOfAccountingCharges": {}, "otherItems": {}, "netIncome": 19678488, "netIncomeApplicableToCommonShares": 19678488}, {"maxAge": 1, "endDate": "2019-03-31", "totalRevenue": 1063566159, "costOfRevenue": 948082095, "grossProfit": 115484064, "researchDevelopment": {}, "sellingGeneralAdministrative": 66462714, "nonRecurring": {}, "otherOperatingExpenses": -865680, "totalOperatingExpenses": 1024156443, "operatingIncome": 39409716, "totalOtherIncomeExpenseNet": -11217139, "ebit": 39409716, "interestExpense": -15712198, "incomeBeforeTax": 28192577, "incomeTaxExpense": 7225893, "minorityInterest": {}, "netIncomeFromContinuingOps": 20966684, "discontinuedOperations": {}, "extraordinaryItems": {}, "effectOfAccountingCharges": {}, "otherItems": {}, "netIncome": 20966684, "netIncomeApplicableToCommonShares": 20966684}, {"maxAge": 1, "endDate": "2018-03-31", "totalRevenue": 970279561, "costOfRevenue": 860160343, "grossProfit": 110119218, "researchDevelopment": {}, "sellingGeneralAdministrative": 56966520, "nonRecurring": {}, "otherOperatingExpenses": -338042, "totalOperatingExpenses": 926428057, "operatingIncome": 43851504, "totalOtherIncomeExpenseNet": -15892550, "ebit": 43851504, "interestExpense": -16054512, "incomeBeforeTax": 27958954, "incomeTaxExpense": 9806396, "minorityInterest": {}, "netIncomeFromContinuingOps": 18152558, "discontinuedOperations": {}, "extraordinaryItems": {}, "effectOfAccountingCharges": {}, "otherItems": {}, "netIncome": 18152558, "netIncomeApplicableToCommonShares": 18152558}, {"maxAge": 1, "endDate": "2017-03-31", "totalRevenue": 870824507, "costOfRevenue": 765831021, "grossProfit": 104993486, "researchDevelopment": {}, "sellingGeneralAdministrative": 47727129, "nonRecurring": {}, "otherOperatingExpenses": 738039, "totalOperatingExpenses": 829690587, "operatingIncome": 41133920, "totalOtherIncomeExpenseNet": -13564477, "ebit": 41133920, "interestExpense": -13502527, "incomeBeforeTax": 27569443, "incomeTaxExpense": 9240611, "minorityInterest": {}, "netIncomeFromContinuingOps": 18328832, "discontinuedOperations": {}, "extraordinaryItems": {}, "effectOfAccountingCharges": {}, "otherItems": {}, "netIncome": 18328832, "netIncomeApplicableToCommonShares": 18328832}], "maxAge": 86400}, "fundOwnership": {"ownershipList": [], "maxAge": 1}, "summaryDetail": {"maxAge": 1, "priceHint": 2, "previousClose": 144.4, "open": 137.2, "dayLow": 137.2, "dayHigh": 151.6, "regularMarketPreviousClose": 144.4, "regularMarketOpen": 137.2, "regularMarketDayLow": 137.2, "regularMarketDayHigh": 151.6, "trailingPE": 63.297417, "volume": 2832, "regularMarketVolume": 2832, "averageVolume": 292, "averageVolume10days": 156, "averageDailyVolume10Day": 156, "bid": 142.05, "ask": 151.6, "bidSize": 0, "askSize": 0, "marketCap": 881100032, "fiftyTwoWeekLow": 82.25, "fiftyTwoWeekHigh": 151.6, "fiftyDayAverage": 135.43182, "twoHundredDayAverage": 129.40147, "trailingAnnualDividendRate": 1.2, "trailingAnnualDividendYield": 0.00831025, "currency": "INR", "fromCurrency": null, "lastMarket": null, "algorithm": null, "tradeable": false}, "incomeStatementHistoryQuarterly": {"incomeStatementHistory": [{"maxAge": 1, "endDate": "2020-06-30", "totalRevenue": 174272000, "costOfRevenue": 149890000, "grossProfit": 24382000, "researchDevelopment": {}, "sellingGeneralAdministrative": 13629000, "nonRecurring": {}, "otherOperatingExpenses": 1262000, "totalOperatingExpenses": 167461000, "operatingIncome": 6811000, "totalOtherIncomeExpenseNet": -3218000, "ebit": 6811000, "interestExpense": -3741000, "incomeBeforeTax": 3593000, "incomeTaxExpense": 1000000, "minorityInterest": {}, "netIncomeFromContinuingOps": 2593000, "discontinuedOperations": {}, "extraordinaryItems": {}, "effectOfAccountingCharges": {}, "otherItems": {}, "netIncome": 2593000, "netIncomeApplicableToCommonShares": 2593000}, {"maxAge": 1, "endDate": "2020-03-31", "totalRevenue": 174870296, "costOfRevenue": 187226622, "grossProfit": -12356326, "researchDevelopment": {}, "sellingGeneralAdministrative": 21444129, "nonRecurring": {}, "otherOperatingExpenses": -42176000, "totalOperatingExpenses": 169427229, "operatingIncome": 5443067, "totalOtherIncomeExpenseNet": -3133092, "ebit": 5443067, "interestExpense": -3412668, "incomeBeforeTax": 2309975, "incomeTaxExpense": 632487, "minorityInterest": {}, "netIncomeFromContinuingOps": 1677488, "discontinuedOperations": {}, "extraordinaryItems": {}, "effectOfAccountingCharges": {}, "otherItems": {}, "netIncome": 1677488, "netIncomeApplicableToCommonShares": 1677488}, {"maxAge": 1, "endDate": "2019-12-31", "totalRevenue": 224929000, "costOfRevenue": 189316000, "grossProfit": 35613000, "researchDevelopment": {}, "sellingGeneralAdministrative": 16689000, "nonRecurring": {}, "otherOperatingExpenses": 12185000, "totalOperatingExpenses": 221091000, "operatingIncome": 3838000, "totalOtherIncomeExpenseNet": -88000, "ebit": 3838000, "interestExpense": -3856000, "incomeBeforeTax": 3750000, "incomeTaxExpense": 0, "minorityInterest": {}, "netIncomeFromContinuingOps": 3750000, "discontinuedOperations": {}, "extraordinaryItems": {}, "effectOfAccountingCharges": {}, "otherItems": {}, "netIncome": 3750000, "netIncomeApplicableToCommonShares": 3750000}, {"maxAge": 1, "endDate": "2019-09-30", "totalRevenue": 194252000, "costOfRevenue": 148203000, "grossProfit": 46049000, "researchDevelopment": {}, "sellingGeneralAdministrative": 16052000, "nonRecurring": {}, "otherOperatingExpenses": 14302000, "totalOperatingExpenses": 181416000, "operatingIncome": 12836000, "totalOtherIncomeExpenseNet": -2916000, "ebit": 12836000, "interestExpense": -3523000, "incomeBeforeTax": 9920000, "incomeTaxExpense": 3000000, "minorityInterest": {}, "netIncomeFromContinuingOps": 6920000, "discontinuedOperations": {}, "extraordinaryItems": {}, "effectOfAccountingCharges": {}, "otherItems": {}, "netIncome": 6920000, "netIncomeApplicableToCommonShares": 6920000}], "maxAge": 86400}, "cashflowStatementHistoryQuarterly": {"cashflowStatements": [{"maxAge": 1, "endDate": "2020-06-30", "netIncome": 2593000, "changeToLiabilities": 0}, {"maxAge": 1, "endDate": "2020-03-31", "netIncome": 1677488, "changeToLiabilities": 0}, {"maxAge": 1, "endDate": "2019-12-31", "netIncome": 3750000, "changeToLiabilities": 0}, {"maxAge": 1, "endDate": "2019-09-30", "netIncome": 6920000, "changeToLiabilities": 0}], "maxAge": 86400}, "insiderHolders": {"holders": [], "maxAge": 1}, "calendarEvents": {"maxAge": 1, "earnings": {"earningsDate": ["2020-06-29 05:30:S"]}}, "upgradeDowngradeHistory": {"history": [], "maxAge": 86400}, "price": {"maxAge": 1, "regularMarketChangePercent": 0.016966844, "regularMarketChange": 2.4500122, "regularMarketTime": "2021-04-30 15:46:38", "priceHint": 2, "regularMarketPrice": 146.85, "regularMarketDayHigh": 151.6, "regularMarketDayLow": 137.2, "regularMarketVolume": 2832, "averageDailyVolume10Day": 156, "averageDailyVolume3Month": 292, "regularMarketPreviousClose": 144.4, "regularMarketSource": "FREE_REALTIME", "regularMarketOpen": 137.2, "exchange": "BSE", "exchangeName": "BSE", "exchangeDataDelayedBy": 0, "marketState": "CLOSED", "quoteType": "EQUITY", "symbol": "DUTRON.BO", "underlyingSymbol": null, "shortName": "DUTRON POLYMERS LTD.", "longName": "Dutron Polymers Limited", "currency": "INR", "quoteSourceName": "Delayed Quote", "currencySymbol": "\u20b9", "fromCurrency": null, "lastMarket": null, "marketCap": 881100032}, "balanceSheetHistory": {"balanceSheetStatements": [{"maxAge": 1, "endDate": "2020-03-31", "cash": 4673971, "shortTermInvestments": 4000986, "netReceivables": 102529717, "inventory": 143902497, "otherCurrentAssets": 8885416, "totalCurrentAssets": 263992587, "longTermInvestments": 24879868, "propertyPlantEquipment": 89651775, "otherAssets": 6269432, "totalAssets": 384793662, "accountsPayable": 13680152, "otherCurrentLiab": 9369694, "longTermDebt": 137747851, "otherLiab": 19904934, "totalCurrentLiabilities": 34770083, "totalLiab": 192422868, "commonStock": 60000000, "retainedEarnings": 100488579, "treasuryStock": 1882215, "capitalSurplus": 30000000, "otherStockholderEquity": 1882215, "totalStockholderEquity": 192370794, "netTangibleAssets": 192370794}, {"maxAge": 1, "endDate": "2019-03-31", "cash": 3428320, "netReceivables": 135381079, "inventory": 123205790, "otherCurrentAssets": 7515882, "totalCurrentAssets": 269531071, "longTermInvestments": 23330639, "propertyPlantEquipment": 87386828, "otherAssets": 6106169, "totalAssets": 386354707, "accountsPayable": 235528, "otherCurrentLiab": 18060999, "longTermDebt": 142278773, "otherLiab": 27050743, "totalCurrentLiabilities": 47335325, "totalLiab": 216664841, "commonStock": 60000000, "retainedEarnings": 77807651, "treasuryStock": 1882215, "capitalSurplus": 30000000, "otherStockholderEquity": 1882215, "totalStockholderEquity": 169689866, "netTangibleAssets": 169689866}, {"maxAge": 1, "endDate": "2018-03-31", "cash": 647787, "netReceivables": 226357785, "inventory": 137924454, "otherCurrentAssets": 4434997, "totalCurrentAssets": 369365023, "longTermInvestments": 20675664, "propertyPlantEquipment": 81156563, "otherAssets": 6012732, "totalAssets": 477209982, "accountsPayable": 35482364, "otherCurrentLiab": 15348870, "longTermDebt": 202010072, "otherLiab": 23399427, "totalCurrentLiabilities": 81123431, "totalLiab": 306532930, "commonStock": 60000000, "retainedEarnings": 78794837, "treasuryStock": 1882215, "capitalSurplus": 30000000, "otherStockholderEquity": 1882215, "totalStockholderEquity": 170677052, "netTangibleAssets": 170677052}, {"maxAge": 1, "endDate": "2017-03-31", "cash": 4734937, "netReceivables": 96187837, "inventory": 161343373, "otherCurrentAssets": 6158879, "totalCurrentAssets": 268425026, "longTermInvestments": 17554501, "propertyPlantEquipment": 87983986, "otherAssets": 6587264, "totalAssets": 380550777, "accountsPayable": 27775000, "otherCurrentLiab": 13075925, "longTermDebt": 78648552, "otherLiab": 16056713, "totalCurrentLiabilities": 123210980, "totalLiab": 217916245, "commonStock": 60000000, "retainedEarnings": 70752317, "treasuryStock": 1882215, "capitalSurplus": 30000000, "otherStockholderEquity": 1882215, "totalStockholderEquity": 162634532, "netTangibleAssets": 162634532}], "maxAge": 86400}, "financialData": {"maxAge": 86400, "currentPrice": 146.85, "recommendationKey": "none", "grossProfits": 115636674, "financialCurrency": "INR"}}}