{"DWARKESH.BO": {"recommendationTrend": {"trend": [{"period": "0m", "strongBuy": 0, "buy": 0, "hold": 0, "sell": 0, "strongSell": 0}, {"period": "-1m", "strongBuy": 0, "buy": 0, "hold": 0, "sell": 0, "strongSell": 0}, {"period": "-2m", "strongBuy": 0, "buy": 0, "hold": 0, "sell": 0, "strongSell": 0}, {"period": "-3m", "strongBuy": 0, "buy": 0, "hold": 0, "sell": 0, "strongSell": 0}], "maxAge": 86400}, "cashflowStatementHistory": {"cashflowStatements": [{"maxAge": 1, "endDate": "2020-03-31", "netIncome": 734541000, "depreciation": 358196000, "changeToNetincome": 176600000, "changeToAccountReceivables": -565314000, "changeToLiabilities": 292898000, "changeToInventory": -884871000, "totalCashFromOperatingActivities": 113003000, "capitalExpenditures": -1119489000, "otherCashflowsFromInvestingActivities": -74360000, "totalCashflowsFromInvestingActivities": -1189834000, "dividendsPaid": -454015000, "netBorrowings": 1854682000, "otherCashflowsFromFinancingActivities": -309753000, "totalCashFromFinancingActivities": 1090914000, "changeInCash": 14083000}, {"maxAge": 1, "endDate": "2019-03-31", "netIncome": 951062000, "depreciation": 327735000, "changeToNetincome": 128196000, "changeToAccountReceivables": -630795000, "changeToLiabilities": -353499000, "changeToInventory": -2927907000, "totalCashFromOperatingActivities": -2503660000, "capitalExpenditures": -480483000, "otherCashflowsFromInvestingActivities": 39243000, "totalCashflowsFromInvestingActivities": -438656000, "dividendsPaid": -454015000, "netBorrowings": 3133774000, "otherCashflowsFromFinancingActivities": -211028000, "totalCashFromFinancingActivities": 2922746000, "changeInCash": -19570000}, {"maxAge": 1, "endDate": "2018-03-31", "netIncome": 1014475000, "depreciation": 312260000, "changeToNetincome": -177257000, "changeToAccountReceivables": -4073000, "changeToLiabilities": 1038012000, "changeToInventory": 787240000, "totalCashFromOperatingActivities": 2982304000, "capitalExpenditures": -416384000, "otherCashflowsFromInvestingActivities": 4832000, "totalCashflowsFromInvestingActivities": -406783000, "dividendsPaid": -226635000, "netBorrowings": -1905312000, "otherCashflowsFromFinancingActivities": -426271000, "totalCashFromFinancingActivities": -2558218000, "changeInCash": 17303000}, {"maxAge": 1, "endDate": "2017-03-31", "netIncome": 1561048000, "depreciation": 299095000, "changeToNetincome": 689579000, "changeToAccountReceivables": 164268000, "changeToLiabilities": -569819000, "changeToInventory": -733804000, "totalCashFromOperatingActivities": 1410383000, "capitalExpenditures": -54803000, "investments": 219000, "otherCashflowsFromInvestingActivities": 225000, "totalCashflowsFromInvestingActivities": -49900000, "dividendsPaid": -226635000, "netBorrowings": -1490242000, "otherCashflowsFromFinancingActivities": -501645000, "totalCashFromFinancingActivities": -1397960000, "changeInCash": -37477000, "issuanceOfStock": 593927000}], "maxAge": 86400}, "institutionOwnership": {"maxAge": 1, "ownershipList": []}, "balanceSheetHistoryQuarterly": {"balanceSheetStatements": [{"maxAge": 1, "endDate": "2020-06-30", "totalStockholderEquity": 4837077000, "netTangibleAssets": 4837077000}, {"maxAge": 1, "endDate": "2020-03-31", "cash": 19200000, "shortTermInvestments": 4752000, "netReceivables": 1057788000, "inventory": 9124958000, "otherCurrentAssets": 784399000, "totalCurrentAssets": 10991097000, "longTermInvestments": 3292000, "propertyPlantEquipment": 4322401000, "otherAssets": 776790000, "deferredLongTermAssetCharges": 588942000, "totalAssets": 16093580000, "accountsPayable": 2098619000, "shortLongTermDebt": 1886276000, "otherCurrentLiab": 290427000, "longTermDebt": 1932477000, "otherLiab": 238032000, "totalCurrentLiabilities": 9071669000, "totalLiab": 11256503000, "commonStock": 188301000, "retainedEarnings": 2987803000, "treasuryStock": 192162000, "capitalSurplus": 1468811000, "otherStockholderEquity": 192162000, "totalStockholderEquity": 4837077000, "netTangibleAssets": 4837077000}, {"maxAge": 1, "endDate": "2019-12-31", "totalStockholderEquity": 4614105000, "netTangibleAssets": 4614105000}, {"maxAge": 1, "endDate": "2019-09-30", "cash": 23051000, "shortTermInvestments": 57310000, "netReceivables": 398094000, "inventory": 5495450000, "otherCurrentAssets": 448454000, "totalCurrentAssets": 6422359000, "longTermInvestments": 3177000, "propertyPlantEquipment": 4112649000, "otherAssets": 729101000, "deferredLongTermAssetCharges": 479827000, "totalAssets": 11267286000, "accountsPayable": 242728000, "otherCurrentLiab": 2139645000, "longTermDebt": 1847328000, "otherLiab": 254425000, "totalCurrentLiabilities": 4530232000, "totalLiab": 6653181000, "commonStock": 188301000, "treasuryStock": 4425804000, "otherStockholderEquity": 4425804000, "totalStockholderEquity": 4614105000, "netTangibleAssets": 4614105000}], "maxAge": 86400}, "earningsHistory": {"history": [{"maxAge": 1, "epsActual": {}, "epsEstimate": {}, "epsDifference": {}, "surprisePercent": {}, "quarter": {}, "period": "-4q"}, {"maxAge": 1, "epsActual": 31.08, "epsEstimate": 2.33, "epsDifference": 28.75, "surprisePercent": 12.339001, "quarter": "2017-06-30", "period": "-3q"}, {"maxAge": 1, "epsActual": -0.49, "epsEstimate": 2.5, "epsDifference": -2.99, "surprisePercent": -1.196, "quarter": "2018-03-31", "period": "-2q"}, {"maxAge": 1, "epsActual": 1.63, "epsEstimate": 1.2, "epsDifference": 0.43, "surprisePercent": 0.35799998, "quarter": "2018-06-30", "period": "-1q"}], "maxAge": 86400}, "indexTrend": {"maxAge": 1, "symbol": "SP5", "peRatio": 19.7411, "pegRatio": 1.34172, "estimates": [{"period": "0q", "growth": 0.549}, {"period": "+1q", "growth": 0.431}, {"period": "0y", "growth": 0.305}, {"period": "+1y", "growth": 0.109}, {"period": "+5y", "growth": 0.120865}, {"period": "-5y"}]}, "industryTrend": {"maxAge": 1, "symbol": null, "estimates": []}, "insiderTransactions": {"transactions": [{"maxAge": 1, "shares": 911602, "filerUrl": "", "transactionText": "", "filerName": "Morarka (Smriti G)", "filerRelation": "Promoter", "moneyText": "", "startDate": "2020-03-12", "ownership": "D"}, {"maxAge": 1, "shares": 25739931, "filerUrl": "", "transactionText": "", "filerName": "Morarka (Gautam R)", "filerRelation": "Promoter", "moneyText": "", "startDate": "2020-03-12", "ownership": "D"}], "maxAge": 1}, "quoteType": {"exchange": "BSE", "quoteType": "EQUITY", "symbol": "DWARKESH.BO", "underlyingSymbol": "DWARKESH.BO", "shortName": "DWARIKESH SUGAR INDUSTRIES LTD", "longName": "Dwarikesh Sugar Industries Limited", "firstTradeDateEpochUtc": "2004-12-31 09:15:00", "timeZoneFullName": "Asia/Kolkata", "timeZoneShortName": "IST", "uuid": "33fd9214-dcab-3928-8812-0903b9afb7af", "messageBoardId": null, "gmtOffSetMilliseconds": 19800000, "maxAge": 1}, "incomeStatementHistory": {"incomeStatementHistory": [{"maxAge": 1, "endDate": "2020-03-31", "totalRevenue": 13361298000, "costOfRevenue": 10602755000, "grossProfit": 2758543000, "researchDevelopment": {}, "sellingGeneralAdministrative": 830470000, "nonRecurring": {}, "otherOperatingExpenses": 577460000, "totalOperatingExpenses": 12369750000, "operatingIncome": 991548000, "totalOtherIncomeExpenseNet": -275808000, "ebit": 991548000, "interestExpense": -306059000, "incomeBeforeTax": 715740000, "incomeTaxExpense": -18801000, "minorityInterest": {}, "netIncomeFromContinuingOps": 734541000, "discontinuedOperations": {}, "extraordinaryItems": {}, "effectOfAccountingCharges": {}, "otherItems": {}, "netIncome": 734541000, "netIncomeApplicableToCommonShares": 734541000}, {"maxAge": 1, "endDate": "2019-03-31", "totalRevenue": 10841157000, "costOfRevenue": 8256472000, "grossProfit": 2584685000, "researchDevelopment": {}, "sellingGeneralAdministrative": 767543000, "nonRecurring": {}, "otherOperatingExpenses": 257819000, "totalOperatingExpenses": 9611117000, "operatingIncome": 1230040000, "totalOtherIncomeExpenseNet": -120613000, "ebit": 1230040000, "interestExpense": -192548000, "incomeBeforeTax": 1109427000, "incomeTaxExpense": 158365000, "minorityInterest": {}, "netIncomeFromContinuingOps": 951062000, "discontinuedOperations": {}, "extraordinaryItems": {}, "effectOfAccountingCharges": {}, "otherItems": {}, "netIncome": 951062000, "netIncomeApplicableToCommonShares": 951062000}, {"maxAge": 1, "endDate": "2018-03-31", "totalRevenue": 14299484000, "costOfRevenue": 11795354000, "grossProfit": 2504130000, "researchDevelopment": {}, "sellingGeneralAdministrative": 754081000, "nonRecurring": {}, "otherOperatingExpenses": 333713000, "totalOperatingExpenses": 13207055000, "operatingIncome": 1092429000, "totalOtherIncomeExpenseNet": -70864000, "ebit": 1092429000, "interestExpense": -238032000, "incomeBeforeTax": 1021565000, "incomeTaxExpense": 7090000, "minorityInterest": {}, "netIncomeFromContinuingOps": 1014475000, "discontinuedOperations": {}, "extraordinaryItems": {}, "effectOfAccountingCharges": {}, "otherItems": {}, "netIncome": 1014475000, "netIncomeApplicableToCommonShares": 1014475000}, {"maxAge": 1, "endDate": "2017-03-31", "totalRevenue": 11904032000, "costOfRevenue": 8123957000, "grossProfit": 3780075000, "researchDevelopment": {}, "sellingGeneralAdministrative": 767515000, "nonRecurring": {}, "otherOperatingExpenses": 286658000, "totalOperatingExpenses": 9477241000, "operatingIncome": 2426791000, "totalOtherIncomeExpenseNet": -339702000, "ebit": 2426791000, "interestExpense": -506602000, "incomeBeforeTax": 2087089000, "incomeTaxExpense": 526041000, "minorityInterest": {}, "netIncomeFromContinuingOps": 1561048000, "discontinuedOperations": {}, "extraordinaryItems": {}, "effectOfAccountingCharges": {}, "otherItems": {}, "netIncome": 1561048000, "netIncomeApplicableToCommonShares": 1561048000}], "maxAge": 86400}, "fundOwnership": {"maxAge": 1, "ownershipList": []}, "summaryDetail": {"maxAge": 1, "priceHint": 2, "previousClose": 39.65, "open": 39.4, "dayLow": 38.95, "dayHigh": 43.5, "regularMarketPreviousClose": 39.65, "regularMarketOpen": 39.4, "regularMarketDayLow": 38.95, "regularMarketDayHigh": 43.5, "trailingPE": 11.0394745, "forwardPE": 3.7455359, "volume": 1745610, "regularMarketVolume": 1745610, "averageVolume": 126867, "averageVolume10days": 47211, "averageDailyVolume10Day": 47211, "bid": 41.4, "ask": 0.0, "bidSize": 0, "askSize": 0, "marketCap": 7899226624, "fiftyTwoWeekLow": 13.3, "fiftyTwoWeekHigh": 43.5, "fiftyDayAverage": 29.864706, "twoHundredDayAverage": 29.192648, "trailingAnnualDividendRate": 1.0, "trailingAnnualDividendYield": 0.02522068, "currency": "INR", "fromCurrency": null, "toCurrency": null, "lastMarket": null, "algorithm": null, "tradeable": false}, "sectorTrend": {"maxAge": 1, "symbol": null, "estimates": []}, "incomeStatementHistoryQuarterly": {"incomeStatementHistory": [{"maxAge": 1, "endDate": "2020-06-30", "totalRevenue": 4403499000, "costOfRevenue": 3456582000, "grossProfit": 946917000, "researchDevelopment": {}, "sellingGeneralAdministrative": 201031000, "nonRecurring": {}, "otherOperatingExpenses": 244252000, "totalOperatingExpenses": 4002476000, "operatingIncome": 401023000, "totalOtherIncomeExpenseNet": -145868000, "ebit": 401023000, "interestExpense": -150544000, "incomeBeforeTax": 255155000, "incomeTaxExpense": 74175000, "minorityInterest": {}, "netIncomeFromContinuingOps": 180980000, "discontinuedOperations": {}, "extraordinaryItems": {}, "effectOfAccountingCharges": {}, "otherItems": {}, "netIncome": 180980000, "netIncomeApplicableToCommonShares": 180980000}, {"maxAge": 1, "endDate": "2020-03-31", "totalRevenue": 4617477000, "costOfRevenue": 3794338000, "grossProfit": 823139000, "researchDevelopment": {}, "sellingGeneralAdministrative": 276286000, "nonRecurring": {}, "otherOperatingExpenses": 37278000, "totalOperatingExpenses": 4199483000, "operatingIncome": 417994000, "totalOtherIncomeExpenseNet": -47375000, "ebit": 417994000, "interestExpense": -77626000, "incomeBeforeTax": 370619000, "incomeTaxExpense": -72044000, "minorityInterest": {}, "netIncomeFromContinuingOps": 442663000, "discontinuedOperations": {}, "extraordinaryItems": {}, "effectOfAccountingCharges": {}, "otherItems": {}, "netIncome": 442663000, "netIncomeApplicableToCommonShares": 442663000}, {"maxAge": 1, "endDate": "2019-12-31", "totalRevenue": 3195154000, "costOfRevenue": 2478718000, "grossProfit": 716436000, "researchDevelopment": {}, "sellingGeneralAdministrative": 227754000, "nonRecurring": {}, "otherOperatingExpenses": 221840000, "totalOperatingExpenses": 3029006000, "operatingIncome": 166148000, "totalOtherIncomeExpenseNet": -51145000, "ebit": 166148000, "interestExpense": -51145000, "incomeBeforeTax": 115003000, "incomeTaxExpense": 69727000, "minorityInterest": {}, "netIncomeFromContinuingOps": 45276000, "discontinuedOperations": {}, "extraordinaryItems": {}, "effectOfAccountingCharges": {}, "otherItems": {}, "netIncome": 45276000, "netIncomeApplicableToCommonShares": 45276000}, {"maxAge": 1, "endDate": "2019-09-30", "totalRevenue": 1759028000, "costOfRevenue": 1220059000, "grossProfit": 538969000, "researchDevelopment": {}, "sellingGeneralAdministrative": 158450000, "nonRecurring": {}, "otherOperatingExpenses": 185157000, "totalOperatingExpenses": 1646992000, "operatingIncome": 112036000, "totalOtherIncomeExpenseNet": -74686000, "ebit": 112036000, "interestExpense": -74686000, "incomeBeforeTax": 37350000, "incomeTaxExpense": -9975000, "minorityInterest": {}, "netIncomeFromContinuingOps": 47325000, "discontinuedOperations": {}, "extraordinaryItems": {}, "effectOfAccountingCharges": {}, "otherItems": {}, "netIncome": 47325000, "netIncomeApplicableToCommonShares": 47325000}], "maxAge": 86400}, "cashflowStatementHistoryQuarterly": {"cashflowStatements": [{"maxAge": 1, "endDate": "2020-06-30", "netIncome": 180980000, "changeToLiabilities": 0}, {"maxAge": 1, "endDate": "2020-03-31", "netIncome": 442663000, "changeToLiabilities": 0}, {"maxAge": 1, "endDate": "2019-12-31", "netIncome": 45276000, "changeToLiabilities": 0}, {"maxAge": 1, "endDate": "2019-09-30", "netIncome": 47325000, "changeToLiabilities": 0}], "maxAge": 86400}, "insiderHolders": {"holders": [{"maxAge": 1, "name": "Morarka (Gautam R)", "relation": "Promoter", "url": "", "transactionDescription": "Acquisition", "latestTransDate": "2020-03-12", "positionDirect": 28566590, "positionDirectDate": "2020-03-12"}, {"maxAge": 1, "name": "Morarka (Smriti G)", "relation": "Promoter", "url": "", "transactionDescription": "Acquisition", "latestTransDate": "2020-03-12", "positionDirect": 1001780, "positionDirectDate": "2020-03-12"}], "maxAge": 1}, "earnings": {"maxAge": 86400, "earningsChart": {"quarterly": [{"date": "2Q2017", "actual": 31.08, "estimate": 2.33}, {"date": "1Q2018", "actual": -0.49, "estimate": 2.5}, {"date": "2Q2018", "actual": 1.63, "estimate": 1.2}], "currentQuarterEstimateDate": "3Q", "currentQuarterEstimateYear": 2018, "earningsDate": []}, "financialsChart": {"yearly": [{"date": 2017, "revenue": 11904032000, "earnings": 1561048000}, {"date": 2018, "revenue": 14299484000, "earnings": 1014475000}, {"date": 2019, "revenue": 10841157000, "earnings": 951062000}, {"date": 2020, "revenue": 13361298000, "earnings": 734541000}], "quarterly": [{"date": "3Q2019", "revenue": 1759028000, "earnings": 47325000}, {"date": "4Q2019", "revenue": 3195154000, "earnings": 45276000}, {"date": "1Q2020", "revenue": 4617477000, "earnings": 442663000}, {"date": "2Q2020", "revenue": 4403499000, "earnings": 180980000}]}, "financialCurrency": "INR"}, "calendarEvents": {"maxAge": 1, "earnings": {"earningsDate": []}}, "price": {"maxAge": 1, "regularMarketChangePercent": 0.058007546, "regularMarketChange": 2.2999992, "regularMarketTime": "2021-04-30 15:50:29", "priceHint": 2, "regularMarketPrice": 41.95, "regularMarketDayHigh": 43.5, "regularMarketDayLow": 38.95, "regularMarketVolume": 1745610, "averageDailyVolume10Day": 47211, "averageDailyVolume3Month": 126867, "regularMarketPreviousClose": 39.65, "regularMarketSource": "FREE_REALTIME", "regularMarketOpen": 39.4, "exchange": "BSE", "exchangeName": "BSE", "exchangeDataDelayedBy": 0, "marketState": "CLOSED", "quoteType": "EQUITY", "symbol": "DWARKESH.BO", "underlyingSymbol": null, "shortName": "DWARIKESH SUGAR INDUSTRIES LTD", "longName": "Dwarikesh Sugar Industries Limited", "currency": "INR", "quoteSourceName": "Delayed Quote", "currencySymbol": "\u20b9", "fromCurrency": null, "toCurrency": null, "lastMarket": null, "marketCap": 7899226624}, "balanceSheetHistory": {"balanceSheetStatements": [{"maxAge": 1, "endDate": "2020-03-31", "cash": 19200000, "shortTermInvestments": 4752000, "netReceivables": 1057788000, "inventory": 9124958000, "otherCurrentAssets": 784399000, "totalCurrentAssets": 10991097000, "longTermInvestments": 3292000, "propertyPlantEquipment": 4322401000, "otherAssets": 776790000, "deferredLongTermAssetCharges": 588942000, "totalAssets": 16093580000, "accountsPayable": 2098619000, "shortLongTermDebt": 1886276000, "otherCurrentLiab": 290427000, "longTermDebt": 1932477000, "otherLiab": 238032000, "totalCurrentLiabilities": 9071669000, "totalLiab": 11256503000, "commonStock": 188301000, "retainedEarnings": 2987803000, "treasuryStock": 192162000, "capitalSurplus": 1468811000, "otherStockholderEquity": 192162000, "totalStockholderEquity": 4837077000, "netTangibleAssets": 4837077000}, {"maxAge": 1, "endDate": "2019-03-31", "cash": 5117000, "shortTermInvestments": 4350000, "netReceivables": 603810000, "inventory": 8240087000, "otherCurrentAssets": 643120000, "totalCurrentAssets": 9496484000, "longTermInvestments": 3177000, "propertyPlantEquipment": 3355669000, "otherAssets": 795804000, "deferredLongTermAssetCharges": 401482000, "totalAssets": 13651134000, "accountsPayable": 1825131000, "shortLongTermDebt": 200796000, "otherCurrentLiab": 228551000, "longTermDebt": 1396055000, "otherLiab": 256120000, "totalCurrentLiabilities": 7362960000, "totalLiab": 9015135000, "commonStock": 188301000, "retainedEarnings": 2707277000, "treasuryStock": 271610000, "capitalSurplus": 1468811000, "otherStockholderEquity": 271610000, "totalStockholderEquity": 4635999000, "netTangibleAssets": 4635999000}, {"maxAge": 1, "endDate": "2018-03-31", "cash": 24687000, "netReceivables": 537997000, "inventory": 5312180000, "otherCurrentAssets": 29620000, "totalCurrentAssets": 5904484000, "longTermInvestments": 3172000, "propertyPlantEquipment": 3410117000, "otherAssets": 518170000, "deferredLongTermAssetCharges": 333086000, "totalAssets": 9835943000, "accountsPayable": 2148723000, "shortLongTermDebt": 180133000, "otherCurrentLiab": 225069000, "longTermDebt": 519826000, "otherLiab": 155561000, "totalCurrentLiabilities": 5502394000, "totalLiab": 6177781000, "commonStock": 188301000, "retainedEarnings": 1767213000, "treasuryStock": 233837000, "capitalSurplus": 1468811000, "otherStockholderEquity": 233837000, "totalStockholderEquity": 3658162000, "netTangibleAssets": 3658162000}, {"maxAge": 1, "endDate": "2017-03-31", "cash": 7384000, "netReceivables": 549255000, "inventory": 6099420000, "otherCurrentAssets": 36780000, "totalCurrentAssets": 6692839000, "longTermInvestments": 3245000, "propertyPlantEquipment": 3317554000, "intangibleAssets": 955000, "otherAssets": 172244000, "deferredLongTermAssetCharges": 139793000, "totalAssets": 10186837000, "accountsPayable": 770010000, "shortLongTermDebt": 570596000, "otherCurrentLiab": 229045000, "longTermDebt": 1179406000, "otherLiab": 157953000, "totalCurrentLiabilities": 5989347000, "totalLiab": 7326706000, "commonStock": 188301000, "retainedEarnings": 1129371000, "treasuryStock": 73648000, "capitalSurplus": 1468811000, "otherStockholderEquity": 73648000, "totalStockholderEquity": 2860131000, "netTangibleAssets": 2859176000}], "maxAge": 86400}, "earningsTrend": {"trend": [{"maxAge": 1, "period": "0q", "endDate": "2018-09-30", "growth": {}, "earningsEstimate": {"avg": 0.0, "low": 0.0, "high": 0.0, "yearAgoEps": {}, "numberOfAnalysts": 0, "growth": {}}, "revenueEstimate": {"avg": 0, "low": 0, "high": 0, "numberOfAnalysts": 0, "yearAgoRevenue": {}, "growth": {}}, "epsTrend": {"current": 0.0, "7daysAgo": 0.0, "30daysAgo": 0.0, "60daysAgo": 0.0, "90daysAgo": 0.0}, "epsRevisions": {"upLast7days": 0, "upLast30days": 0, "downLast30days": 0, "downLast90days": {}}}, {"maxAge": 1, "period": "+1q", "endDate": "2018-12-31", "growth": {}, "earningsEstimate": {"avg": 0.0, "low": 0.0, "high": 0.0, "yearAgoEps": 31.08, "numberOfAnalysts": 0, "growth": {}}, "revenueEstimate": {"avg": 0, "low": 0, "high": 0, "numberOfAnalysts": 0, "yearAgoRevenue": {}, "growth": {}}, "epsTrend": {"current": 0.0, "7daysAgo": 0.0, "30daysAgo": 0.0, "60daysAgo": 0.0, "90daysAgo": 0.0}, "epsRevisions": {"upLast7days": 0, "upLast30days": 0, "downLast30days": 0, "downLast90days": {}}}, {"maxAge": 1, "period": "0y", "endDate": "2019-03-31", "growth": {}, "earningsEstimate": {"avg": 0.0, "low": 0.0, "high": 0.0, "yearAgoEps": {}, "numberOfAnalysts": 0, "growth": {}}, "revenueEstimate": {"avg": 13997000000, "low": 13997000000, "high": 13997000000, "numberOfAnalysts": 1, "yearAgoRevenue": 14299500000, "growth": -0.021}, "epsTrend": {"current": 0.0, "7daysAgo": 11.2, "30daysAgo": 11.2, "60daysAgo": 11.2, "90daysAgo": 11.2}, "epsRevisions": {"upLast7days": 0, "upLast30days": 0, "downLast30days": 0, "downLast90days": {}}}, {"maxAge": 1, "period": "+1y", "endDate": "2020-03-31", "growth": {}, "earningsEstimate": {"avg": 0.0, "low": 0.0, "high": 0.0, "yearAgoEps": {}, "numberOfAnalysts": 0, "growth": {}}, "revenueEstimate": {"avg": 0, "low": 0, "high": 0, "numberOfAnalysts": 0, "yearAgoRevenue": 13997000000, "growth": {}}, "epsTrend": {"current": 0.0, "7daysAgo": 0.0, "30daysAgo": 0.0, "60daysAgo": 0.0, "90daysAgo": 0.0}, "epsRevisions": {"upLast7days": 0, "upLast30days": 0, "downLast30days": 0, "downLast90days": {}}}, {"maxAge": 1, "period": "+5y", "endDate": null, "growth": {}, "earningsEstimate": {"avg": {}, "low": {}, "high": {}, "yearAgoEps": {}, "numberOfAnalysts": {}, "growth": {}}, "revenueEstimate": {"avg": {}, "low": {}, "high": {}, "numberOfAnalysts": {}, "yearAgoRevenue": {}, "growth": {}}, "epsTrend": {"current": {}, "7daysAgo": {}, "30daysAgo": {}, "60daysAgo": {}, "90daysAgo": {}}, "epsRevisions": {"upLast7days": {}, "upLast30days": {}, "downLast30days": {}, "downLast90days": {}}}, {"maxAge": 1, "period": "-5y", "endDate": null, "growth": {}, "earningsEstimate": {"avg": {}, "low": {}, "high": {}, "yearAgoEps": {}, "numberOfAnalysts": {}, "growth": {}}, "revenueEstimate": {"avg": {}, "low": {}, "high": {}, "numberOfAnalysts": {}, "yearAgoRevenue": {}, "growth": {}}, "epsTrend": {"current": {}, "7daysAgo": {}, "30daysAgo": {}, "60daysAgo": {}, "90daysAgo": {}}, "epsRevisions": {"upLast7days": {}, "upLast30days": {}, "downLast30days": {}, "downLast90days": {}}}], "maxAge": 1}, "financialData": {"maxAge": 86400, "currentPrice": 41.95, "targetHighPrice": 78.0, "targetLowPrice": 78.0, "targetMeanPrice": 78.0, "targetMedianPrice": 78.0, "recommendationKey": "none", "numberOfAnalystOpinions": 1, "grossProfits": 2758543000, "financialCurrency": "INR"}}}