{"DYNAMIC.BO": {"cashflowStatementHistory": {"cashflowStatements": [{"maxAge": 1, "endDate": "2020-03-31", "netIncome": 183222523, "depreciation": 86710068, "changeToNetincome": 122190745, "changeToAccountReceivables": 14794733, "changeToLiabilities": 61848655, "changeToInventory": -26511707, "changeToOperatingActivities": -70669756, "totalCashFromOperatingActivities": 372447270, "capitalExpenditures": -70142875, "investments": -25028552, "otherCashflowsFromInvestingActivities": 21438052, "totalCashflowsFromInvestingActivities": -78349505, "dividendsPaid": -6634761, "netBorrowings": -134011529, "otherCashflowsFromFinancingActivities": -154107664, "totalCashFromFinancingActivities": -294753954, "changeInCash": -656189}, {"maxAge": 1, "endDate": "2019-03-31", "netIncome": 212316327, "depreciation": 82073699, "changeToNetincome": 159641771, "changeToAccountReceivables": -613904994, "changeToLiabilities": 278205887, "changeToInventory": -26842993, "changeToOperatingActivities": 84434989, "totalCashFromOperatingActivities": 177120129, "capitalExpenditures": -102956053, "investments": -11889091, "otherCashflowsFromInvestingActivities": 24368937, "totalCashflowsFromInvestingActivities": -89851394, "dividendsPaid": -6634761, "netBorrowings": 44782944, "otherCashflowsFromFinancingActivities": -125246992, "totalCashFromFinancingActivities": -87098809, "changeInCash": 169926}, {"maxAge": 1, "endDate": "2018-03-31", "netIncome": 74293878, "depreciation": 21776196, "changeToNetincome": 95980822, "changeToAccountReceivables": -136656632, "changeToLiabilities": -89318774, "changeToInventory": -106356030, "changeToOperatingActivities": -93217448, "totalCashFromOperatingActivities": -233497988, "capitalExpenditures": -306354673, "investments": -52694230, "otherCashflowsFromInvestingActivities": 12348503, "totalCashflowsFromInvestingActivities": -309666444, "dividendsPaid": -6634761, "netBorrowings": 393567134, "otherCashflowsFromFinancingActivities": -94243590, "totalCashFromFinancingActivities": 523689384, "changeInCash": -19475048, "issuanceOfStock": 224365840}, {"maxAge": 1, "endDate": "2017-03-31", "netIncome": 80016778, "depreciation": 20362310, "changeToNetincome": 89898908, "changeToAccountReceivables": -112328859, "changeToLiabilities": 34623928, "changeToInventory": 102574662, "changeToOperatingActivities": 3461473, "totalCashFromOperatingActivities": 218609197, "capitalExpenditures": -108283166, "investments": -5510569, "otherCashflowsFromInvestingActivities": 12348503, "totalCashflowsFromInvestingActivities": -136018439, "dividendsPaid": -6634761, "netBorrowings": -34859605, "otherCashflowsFromFinancingActivities": -90987283, "totalCashFromFinancingActivities": -62666888, "changeInCash": 19923869, "issuanceOfStock": 63180000}], "maxAge": 86400}, "institutionOwnership": {"ownershipList": [], "maxAge": 1}, "balanceSheetHistoryQuarterly": {"balanceSheetStatements": [{"maxAge": 1, "endDate": "2020-03-31", "cash": 210609422, "shortTermInvestments": 27787624, "netReceivables": 1534404396, "inventory": 528478840, "otherCurrentAssets": 130259726, "totalCurrentAssets": 2431540008, "propertyPlantEquipment": 556655714, "intangibleAssets": 1427497, "otherAssets": 20563281, "totalAssets": 3010186500, "accountsPayable": 626182463, "shortLongTermDebt": 52452604, "otherCurrentLiab": 41529424, "longTermDebt": 472663794, "otherLiab": 20043114, "totalCurrentLiabilities": 1423702430, "totalLiab": 1916409338, "commonStock": 220140000, "retainedEarnings": 706231322, "capitalSurplus": 167405840, "totalStockholderEquity": 1093777162, "netTangibleAssets": 1092349665}, {"maxAge": 1, "endDate": "2019-12-31", "cash": 210609422, "shortTermInvestments": 27787624, "netReceivables": 1534404396, "inventory": 528478840, "otherCurrentAssets": 130259726, "totalCurrentAssets": 2431540008, "propertyPlantEquipment": 556655714, "intangibleAssets": 1427497, "otherAssets": 20563281, "totalAssets": 3010186500, "accountsPayable": 626182463, "shortLongTermDebt": 52452604, "otherCurrentLiab": 41529424, "longTermDebt": 472663794, "otherLiab": 20043114, "totalCurrentLiabilities": 1423702430, "totalLiab": 1916409338, "commonStock": 220140000, "retainedEarnings": 706231322, "capitalSurplus": 167405840, "totalStockholderEquity": 1093777162, "netTangibleAssets": 1092349665}, {"maxAge": 1, "endDate": "2019-09-30", "cash": 133980000, "netReceivables": 1375933000, "inventory": 774815000, "totalCurrentAssets": 2284728000, "propertyPlantEquipment": 594505000, "intangibleAssets": 1720000, "otherAssets": 89441000, "totalAssets": 2970394000, "accountsPayable": 416092000, "otherCurrentLiab": 83787000, "longTermDebt": 479372000, "otherLiab": 23148000, "totalCurrentLiabilities": 1407283000, "totalLiab": 1909803000, "commonStock": 220140000, "treasuryStock": 840451000, "otherStockholderEquity": 840451000, "totalStockholderEquity": 1060591000, "netTangibleAssets": 1058871000}, {"maxAge": 1, "endDate": "2019-06-30", "cash": 133980000, "netReceivables": 1375933000, "inventory": 774815000, "totalCurrentAssets": 2284728000, "propertyPlantEquipment": 594505000, "intangibleAssets": 1720000, "otherAssets": 89441000, "totalAssets": 2970394000, "accountsPayable": 416092000, "otherCurrentLiab": 83787000, "longTermDebt": 479372000, "otherLiab": 23148000, "totalCurrentLiabilities": 1407283000, "totalLiab": 1909803000, "commonStock": 220140000, "treasuryStock": 840451000, "otherStockholderEquity": 840451000, "totalStockholderEquity": 1060591000, "netTangibleAssets": 1058871000}], "maxAge": 86400}, "indexTrend": {"maxAge": 1, "symbol": "SP5", "peRatio": 19.7411, "pegRatio": 1.34172, "estimates": [{"period": "0q", "growth": 0.549}, {"period": "+1q", "growth": 0.431}, {"period": "0y", "growth": 0.305}, {"period": "+1y", "growth": 0.109}, {"period": "+5y", "growth": 0.120859005}, {"period": "-5y"}]}, "insiderTransactions": {"transactions": [{"maxAge": 1, "shares": 51000, "filerUrl": "", "transactionText": "", "filerName": "Mangal (Ashish)", "filerRelation": "Managing Director", "moneyText": "", "startDate": "2018-11-20", "ownership": "D"}, {"maxAge": 1, "shares": 3000, "filerUrl": "", "transactionText": "", "filerName": "Mangal (Ashish)", "filerRelation": "Managing Director", "moneyText": "", "startDate": "2018-08-13", "ownership": "D"}, {"maxAge": 1, "shares": 3000, "filerUrl": "", "transactionText": "", "filerName": "Mangal (Ashish)", "filerRelation": "Managing Director", "moneyText": "", "startDate": "2018-08-01", "ownership": "D"}, {"maxAge": 1, "shares": 6000, "filerUrl": "", "transactionText": "", "filerName": "Mangal (Ashish)", "filerRelation": "Managing Director", "moneyText": "", "startDate": "2018-07-30", "ownership": "D"}, {"maxAge": 1, "shares": 15000, "filerUrl": "", "transactionText": "", "filerName": "Mangal (Ashish)", "filerRelation": "Managing Director", "moneyText": "", "startDate": "2018-07-27", "ownership": "D"}], "maxAge": 1}, "quoteType": {"exchange": "BSE", "quoteType": "EQUITY", "symbol": "DYNAMIC.BO", "underlyingSymbol": "DYNAMIC.BO", "shortName": "Dynamic Cables Limited", "longName": "Dynamic Cables Limited", "firstTradeDateEpochUtc": "2017-12-14 09:15:00", "timeZoneFullName": "Asia/Kolkata", "timeZoneShortName": "IST", "uuid": "f54a5e59-8039-368c-bc9e-6d3266a7b96a", "gmtOffSetMilliseconds": 19800000, "maxAge": 1}, "incomeStatementHistory": {"incomeStatementHistory": [{"maxAge": 1, "endDate": "2020-03-31", "totalRevenue": 4285901339, "costOfRevenue": 3348574063, "grossProfit": 937327276, "researchDevelopment": {}, "sellingGeneralAdministrative": 174226532, "nonRecurring": {}, "otherOperatingExpenses": 284895571, "totalOperatingExpenses": 3895268243, "operatingIncome": 390633096, "totalOtherIncomeExpenseNet": -151139585, "ebit": 390633096, "interestExpense": -129948226, "incomeBeforeTax": 239493511, "incomeTaxExpense": 56270988, "minorityInterest": {}, "netIncomeFromContinuingOps": 183222523, "discontinuedOperations": {}, "extraordinaryItems": {}, "effectOfAccountingCharges": {}, "otherItems": {}, "netIncome": 183222523, "netIncomeApplicableToCommonShares": 183222523}, {"maxAge": 1, "endDate": "2019-03-31", "totalRevenue": 5265374722, "costOfRevenue": 4311723282, "grossProfit": 953651440, "researchDevelopment": {}, "sellingGeneralAdministrative": 151339544, "nonRecurring": {}, "otherOperatingExpenses": 310538477, "totalOperatingExpenses": 4856870445, "operatingIncome": 408504277, "totalOtherIncomeExpenseNet": -81423803, "ebit": 408504277, "interestExpense": -105982296, "incomeBeforeTax": 327080474, "incomeTaxExpense": 114764147, "minorityInterest": {}, "netIncomeFromContinuingOps": 212316327, "discontinuedOperations": {}, "extraordinaryItems": {}, "effectOfAccountingCharges": {}, "otherItems": {}, "netIncome": 212316327, "netIncomeApplicableToCommonShares": 212316327}, {"maxAge": 1, "endDate": "2018-03-31", "totalRevenue": 3569497271, "costOfRevenue": 3054716992, "grossProfit": 514780279, "researchDevelopment": {}, "sellingGeneralAdministrative": 114898991, "nonRecurring": {}, "otherOperatingExpenses": 146315265, "totalOperatingExpenses": 3337707444, "operatingIncome": 231789827, "totalOtherIncomeExpenseNet": -118067318, "ebit": 231789827, "interestExpense": -79458640, "incomeBeforeTax": 113722509, "incomeTaxExpense": 39428631, "minorityInterest": {}, "netIncomeFromContinuingOps": 74293878, "discontinuedOperations": {}, "extraordinaryItems": {}, "effectOfAccountingCharges": {}, "otherItems": {}, "netIncome": 74293878, "netIncomeApplicableToCommonShares": 74293878}, {"maxAge": 1, "endDate": "2017-03-31", "totalRevenue": 2999860343, "costOfRevenue": 2583177524, "grossProfit": 416682819, "researchDevelopment": {}, "sellingGeneralAdministrative": 78175567, "nonRecurring": {}, "otherOperatingExpenses": 138273871, "totalOperatingExpenses": 2819989272, "operatingIncome": 179871071, "totalOtherIncomeExpenseNet": -57418454, "ebit": 179871071, "interestExpense": -72144652, "incomeBeforeTax": 122452617, "incomeTaxExpense": 42435839, "minorityInterest": {}, "netIncomeFromContinuingOps": 80016778, "discontinuedOperations": {}, "extraordinaryItems": {}, "effectOfAccountingCharges": {}, "otherItems": {}, "netIncome": 80016778, "netIncomeApplicableToCommonShares": 80016778}], "maxAge": 86400}, "fundOwnership": {"ownershipList": [], "maxAge": 1}, "summaryDetail": {"maxAge": 1, "priceHint": 2, "previousClose": 29.2, "open": 27.35, "dayLow": 27.1, "dayHigh": 29.05, "regularMarketPreviousClose": 29.2, "regularMarketOpen": 27.35, "regularMarketDayLow": 27.1, "regularMarketDayHigh": 29.05, "trailingPE": 3.3112981, "volume": 9837, "regularMarketVolume": 9837, "averageVolume": 18774, "averageVolume10days": 9944, "averageDailyVolume10Day": 9944, "bid": 27.8, "ask": 27.9, "bidSize": 0, "askSize": 0, "marketCap": 606485696, "fiftyTwoWeekLow": 15.6, "fiftyTwoWeekHigh": 36.75, "fiftyDayAverage": 30.421213, "twoHundredDayAverage": 27.080883, "trailingAnnualDividendRate": 0.25, "trailingAnnualDividendYield": 0.008561644, "currency": "INR", "fromCurrency": null, "lastMarket": null, "algorithm": null, "tradeable": false}, "incomeStatementHistoryQuarterly": {"incomeStatementHistory": [{"maxAge": 1, "endDate": "2020-03-31", "totalRevenue": 1108429170, "costOfRevenue": 901416532, "grossProfit": 207012638, "researchDevelopment": {}, "sellingGeneralAdministrative": 45149266, "nonRecurring": {}, "otherOperatingExpenses": 68958286, "totalOperatingExpenses": 1038214122, "operatingIncome": 70215048, "totalOtherIncomeExpenseNet": -45948793, "ebit": 70215048, "interestExpense": -28827613, "incomeBeforeTax": 24266256, "incomeTaxExpense": 7672994, "minorityInterest": {}, "netIncomeFromContinuingOps": 16593262, "discontinuedOperations": {}, "extraordinaryItems": {}, "effectOfAccountingCharges": {}, "otherItems": {}, "netIncome": 16593262, "netIncomeApplicableToCommonShares": 16593262}, {"maxAge": 1, "endDate": "2019-12-31", "totalRevenue": 1108429170, "costOfRevenue": 901416532, "grossProfit": 207012638, "researchDevelopment": {}, "sellingGeneralAdministrative": 45149266, "nonRecurring": {}, "otherOperatingExpenses": 68958286, "totalOperatingExpenses": 1038214122, "operatingIncome": 70215048, "totalOtherIncomeExpenseNet": -45948793, "ebit": 70215048, "interestExpense": -28827613, "incomeBeforeTax": 24266256, "incomeTaxExpense": 7672994, "minorityInterest": {}, "netIncomeFromContinuingOps": 16593262, "discontinuedOperations": {}, "extraordinaryItems": {}, "effectOfAccountingCharges": {}, "otherItems": {}, "netIncome": 16593262, "netIncomeApplicableToCommonShares": 16593262}, {"maxAge": 1, "endDate": "2019-09-30", "totalRevenue": 1034521500, "costOfRevenue": 772870500, "grossProfit": 261651000, "researchDevelopment": {}, "sellingGeneralAdministrative": 41964000, "nonRecurring": {}, "otherOperatingExpenses": 73489500, "totalOperatingExpenses": 909420000, "operatingIncome": 125101500, "totalOtherIncomeExpenseNet": -29621000, "ebit": 125101500, "interestExpense": -36146500, "incomeBeforeTax": 95480500, "incomeTaxExpense": 20462500, "minorityInterest": {}, "netIncomeFromContinuingOps": 75018000, "discontinuedOperations": {}, "extraordinaryItems": {}, "effectOfAccountingCharges": {}, "otherItems": {}, "netIncome": 75018000, "netIncomeApplicableToCommonShares": 75018000}, {"maxAge": 1, "endDate": "2019-06-30", "totalRevenue": 1034521500, "costOfRevenue": 772870500, "grossProfit": 261651000, "researchDevelopment": {}, "sellingGeneralAdministrative": 41964000, "nonRecurring": {}, "otherOperatingExpenses": 73489500, "totalOperatingExpenses": 909420000, "operatingIncome": 125101500, "totalOtherIncomeExpenseNet": -29621000, "ebit": 125101500, "interestExpense": -36146500, "incomeBeforeTax": 95480500, "incomeTaxExpense": 20462500, "minorityInterest": {}, "netIncomeFromContinuingOps": 75018000, "discontinuedOperations": {}, "extraordinaryItems": {}, "effectOfAccountingCharges": {}, "otherItems": {}, "netIncome": 75018000, "netIncomeApplicableToCommonShares": 75018000}], "maxAge": 86400}, "cashflowStatementHistoryQuarterly": {"cashflowStatements": [{"maxAge": 1, "endDate": "2020-03-31", "netIncome": 16593262, "depreciation": 22259034, "changeToNetincome": 27991373, "changeToAccountReceivables": -128700133, "changeToLiabilities": 102024828, "changeToInventory": 123168146, "changeToOperatingActivities": -8217378, "totalCashFromOperatingActivities": 155550135, "capitalExpenditures": -4475938, "investments": -21626276, "otherCashflowsFromInvestingActivities": 6658026, "totalCashflowsFromInvestingActivities": -21495253, "netBorrowings": -111219765, "otherCashflowsFromFinancingActivities": -40907213, "totalCashFromFinancingActivities": -152126977, "changeInCash": -18072095}, {"maxAge": 1, "endDate": "2019-12-31", "netIncome": 16593262, "depreciation": 22259034, "changeToNetincome": 27991373, "changeToAccountReceivables": -128700133, "changeToLiabilities": 102024828, "changeToInventory": 123168146, "changeToOperatingActivities": -8217378, "totalCashFromOperatingActivities": 155550135, "capitalExpenditures": -4475938, "investments": -21626276, "otherCashflowsFromInvestingActivities": 6658026, "totalCashflowsFromInvestingActivities": -21495253, "netBorrowings": -111219765, "otherCashflowsFromFinancingActivities": -40907213, "totalCashFromFinancingActivities": -152126977, "changeInCash": -18072095}, {"maxAge": 1, "endDate": "2019-09-30", "netIncome": 75018000, "depreciation": 21096000, "changeToNetincome": 33104000, "changeToAccountReceivables": 136097500, "changeToLiabilities": -71100500, "changeToInventory": -136424000, "changeToOperatingActivities": -27117500, "totalCashFromOperatingActivities": 30673500, "capitalExpenditures": -30595500, "investments": 9112000, "otherCashflowsFromInvestingActivities": 4061000, "totalCashflowsFromInvestingActivities": -17679500, "dividendsPaid": -3317500, "netBorrowings": 44214000, "otherCashflowsFromFinancingActivities": -36146500, "totalCashFromFinancingActivities": 4750000, "changeInCash": 17744000}, {"maxAge": 1, "endDate": "2019-06-30", "netIncome": 75018000, "depreciation": 21096000, "changeToNetincome": 33104000, "changeToAccountReceivables": 136097500, "changeToLiabilities": -71100500, "changeToInventory": -136424000, "changeToOperatingActivities": -27117500, "totalCashFromOperatingActivities": 30673500, "capitalExpenditures": -30595500, "investments": 9112000, "otherCashflowsFromInvestingActivities": 4061000, "totalCashflowsFromInvestingActivities": -17679500, "dividendsPaid": -3317500, "netBorrowings": 44214000, "otherCashflowsFromFinancingActivities": -36146500, "totalCashFromFinancingActivities": 4750000, "changeInCash": 17744000}], "maxAge": 86400}, "insiderHolders": {"holders": [{"maxAge": 1, "name": "Mangal (Ashish)", "relation": "Managing Director", "url": "", "transactionDescription": "Acquisition", "latestTransDate": "2018-11-20", "positionDirect": 7605000, "positionDirectDate": "2018-11-20"}], "maxAge": 1}, "calendarEvents": {"maxAge": 1, "earnings": {"earningsDate": ["2020-07-18 05:30:S"]}}, "upgradeDowngradeHistory": {"history": [], "maxAge": 86400}, "price": {"maxAge": 1, "regularMarketChangePercent": -0.056506895, "regularMarketChange": -1.6500015, "regularMarketTime": "2021-04-30 15:29:17", "priceHint": 2, "regularMarketPrice": 27.55, "regularMarketDayHigh": 29.05, "regularMarketDayLow": 27.1, "regularMarketVolume": 9837, "averageDailyVolume10Day": 9944, "averageDailyVolume3Month": 18774, "regularMarketPreviousClose": 29.2, "regularMarketSource": "FREE_REALTIME", "regularMarketOpen": 27.35, "exchange": "BSE", "exchangeName": "BSE", "exchangeDataDelayedBy": 0, "marketState": "CLOSED", "quoteType": "EQUITY", "symbol": "DYNAMIC.BO", "underlyingSymbol": null, "shortName": "Dynamic Cables Limited", "longName": "Dynamic Cables Limited", "currency": "INR", "quoteSourceName": "Delayed Quote", "currencySymbol": "\u20b9", "fromCurrency": null, "lastMarket": null, "marketCap": 606485696}, "balanceSheetHistory": {"balanceSheetStatements": [{"maxAge": 1, "endDate": "2020-03-31", "cash": 210609422, "shortTermInvestments": 27787624, "netReceivables": 1534404396, "inventory": 528478840, "otherCurrentAssets": 130259726, "totalCurrentAssets": 2431540008, "propertyPlantEquipment": 556655714, "intangibleAssets": 1427497, "otherAssets": 20563281, "totalAssets": 3010186500, "accountsPayable": 626182463, "shortLongTermDebt": 52452604, "otherCurrentLiab": 41529424, "longTermDebt": 472663794, "otherLiab": 20043114, "totalCurrentLiabilities": 1423702430, "totalLiab": 1916409338, "commonStock": 220140000, "retainedEarnings": 706231322, "capitalSurplus": 167405840, "totalStockholderEquity": 1093777162, "netTangibleAssets": 1092349665}, {"maxAge": 1, "endDate": "2019-03-31", "cash": 98491581, "shortTermInvestments": 17519371, "netReceivables": 1557081036, "inventory": 501967133, "otherCurrentAssets": 65905472, "totalCurrentAssets": 2240964593, "propertyPlantEquipment": 575039546, "intangibleAssets": 2141506, "otherAssets": 101069630, "totalAssets": 2919215275, "accountsPayable": 574156906, "shortLongTermDebt": 30227713, "otherCurrentLiab": 58189537, "longTermDebt": 492661199, "otherLiab": 28807394, "totalCurrentLiabilities": 1480557282, "totalLiab": 2002025875, "commonStock": 220140000, "retainedEarnings": 529643560, "capitalSurplus": 167405840, "totalStockholderEquity": 917189400, "netTangibleAssets": 915047894}, {"maxAge": 1, "endDate": "2018-03-31", "cash": 104555605, "shortTermInvestments": 13148327, "netReceivables": 1002123204, "inventory": 475124140, "otherCurrentAssets": 142570932, "totalCurrentAssets": 1737522208, "propertyPlantEquipment": 557349096, "intangibleAssets": 2590905, "otherAssets": 83364354, "totalAssets": 2380826563, "accountsPayable": 277153701, "shortLongTermDebt": 34948213, "otherCurrentLiab": 44978127, "longTermDebt": 532389529, "otherLiab": 20535287, "totalCurrentLiabilities": 1116393913, "totalLiab": 1669318729, "commonStock": 220140000, "retainedEarnings": 323961994, "capitalSurplus": 167405840, "totalStockholderEquity": 711507834, "netTangibleAssets": 708916929}, {"maxAge": 1, "endDate": "2017-03-31", "cash": 33424258, "shortTermInvestments": 7178013, "netReceivables": 859084299, "inventory": 368768110, "otherCurrentAssets": 67630783, "totalCurrentAssets": 1336085463, "propertyPlantEquipment": 277832890, "otherAssets": 143471889, "deferredLongTermAssetCharges": 132197, "totalAssets": 1757390242, "accountsPayable": 341562573, "shortLongTermDebt": 28489693, "otherCurrentLiab": 42524628, "longTermDebt": 363322753, "otherLiab": 2461110, "totalCurrentLiabilities": 975255887, "totalLiab": 1341039750, "commonStock": 107800000, "retainedEarnings": 253170493, "capitalSurplus": 55380000, "totalStockholderEquity": 416350493, "netTangibleAssets": 416350493}], "maxAge": 86400}, "financialData": {"maxAge": 86400, "currentPrice": 27.55, "recommendationKey": "none", "grossProfits": 937327276, "financialCurrency": "INR"}}}