{"DYNAVSN.BO": {"cashflowStatementHistory": {"cashflowStatements": [{"maxAge": 1, "endDate": "2020-03-31", "netIncome": 46473000, "depreciation": 183000, "changeToNetincome": -8053000, "changeToLiabilities": 0, "changeToOperatingActivities": 747000, "totalCashFromOperatingActivities": 39350000, "capitalExpenditures": -54000000, "investments": -3610000, "otherCashflowsFromInvestingActivities": 12617000, "totalCashflowsFromInvestingActivities": -43993000, "changeInCash": -4643000}, {"maxAge": 1, "endDate": "2019-03-31", "netIncome": 45983000, "depreciation": 183000, "changeToNetincome": -8303000, "changeToLiabilities": 0, "changeToOperatingActivities": -719000, "totalCashFromOperatingActivities": 37144000, "capitalExpenditures": -54000000, "investments": -31782000, "otherCashflowsFromInvestingActivities": 2148000, "totalCashflowsFromInvestingActivities": -29634000, "changeInCash": 7510000}, {"maxAge": 1, "endDate": "2018-03-31", "netIncome": 45087000, "depreciation": 183000, "changeToNetincome": -1600000, "changeToLiabilities": 0, "changeToOperatingActivities": -1090000, "totalCashFromOperatingActivities": 42580000, "capitalExpenditures": -54000000, "investments": -44018000, "otherCashflowsFromInvestingActivities": 3975000, "totalCashflowsFromInvestingActivities": -40043000, "otherCashflowsFromFinancingActivities": -2361000, "totalCashFromFinancingActivities": -2361000, "changeInCash": 177000}, {"maxAge": 1, "endDate": "2017-03-31", "netIncome": 38951000, "depreciation": 178000, "changeToNetincome": 243000, "changeToLiabilities": -3757000, "changeToOperatingActivities": 17319000, "totalCashFromOperatingActivities": 52934000, "capitalExpenditures": -348000, "investments": -38700000, "otherCashflowsFromInvestingActivities": 90000, "totalCashflowsFromInvestingActivities": -38863000, "netBorrowings": -12000000, "otherCashflowsFromFinancingActivities": -2146000, "totalCashFromFinancingActivities": -14146000, "changeInCash": -75000}], "maxAge": 86400}, "institutionOwnership": {"ownershipList": [], "maxAge": 1}, "balanceSheetHistoryQuarterly": {"balanceSheetStatements": [{"maxAge": 1, "endDate": "2020-06-30", "totalStockholderEquity": -30287000, "netTangibleAssets": -30288000}, {"maxAge": 1, "endDate": "2020-03-31", "cash": 3180000, "netReceivables": 4116000, "otherCurrentAssets": 32524000, "totalCurrentAssets": 48013000, "propertyPlantEquipment": 888000, "intangibleAssets": 1000, "otherAssets": 133701000, "totalAssets": 182603000, "otherCurrentLiab": 8896000, "otherLiab": 202232000, "totalCurrentLiabilities": 10658000, "totalLiab": 212890000, "commonStock": 38379000, "retainedEarnings": -81718000, "capitalSurplus": 13052000, "totalStockholderEquity": -30287000, "netTangibleAssets": -30288000}, {"maxAge": 1, "endDate": "2019-12-31", "totalStockholderEquity": -52470000, "netTangibleAssets": -52471000}, {"maxAge": 1, "endDate": "2019-09-30", "cash": 94988000, "otherCurrentAssets": 7832000, "totalCurrentAssets": 102820000, "longTermInvestments": 10000000, "propertyPlantEquipment": 1068000, "intangibleAssets": 1000, "otherAssets": 46701000, "totalAssets": 160590000, "otherCurrentLiab": 11018000, "otherLiab": 201888000, "totalCurrentLiabilities": 11172000, "totalLiab": 213060000, "commonStock": 38379000, "treasuryStock": -90849000, "otherStockholderEquity": -90849000, "totalStockholderEquity": -52470000, "netTangibleAssets": -52471000}], "maxAge": 86400}, "indexTrend": {"maxAge": 1, "symbol": "SP5", "peRatio": 19.7411, "pegRatio": 1.34172, "estimates": [{"period": "0q", "growth": 0.549}, {"period": "+1q", "growth": 0.431}, {"period": "0y", "growth": 0.305}, {"period": "+1y", "growth": 0.109}, {"period": "+5y", "growth": 0.120859005}, {"period": "-5y"}]}, "insiderTransactions": {"transactions": [{"maxAge": 1, "shares": 106600, "filerUrl": "", "transactionText": "", "filerName": "Reddy (Vijaykumar P)", "filerRelation": "UNREPORTED", "moneyText": "", "startDate": "2009-09-10", "ownership": "D"}], "maxAge": 1}, "quoteType": {"exchange": "BSE", "quoteType": "EQUITY", "symbol": "DYNAVSN.BO", "underlyingSymbol": "DYNAVSN.BO", "shortName": "DYNAVISION LTD.", "longName": "Dynavision Limited", "firstTradeDateEpochUtc": "2000-01-03 09:15:00", "timeZoneFullName": "Asia/Kolkata", "timeZoneShortName": "IST", "uuid": "ad581440-9584-3114-8e05-91f0a2b90d3d", "gmtOffSetMilliseconds": 19800000, "maxAge": 1}, "incomeStatementHistory": {"incomeStatementHistory": [{"maxAge": 1, "endDate": "2020-03-31", "totalRevenue": 64776000, "costOfRevenue": 836000, "grossProfit": 63940000, "researchDevelopment": {}, "sellingGeneralAdministrative": 7174000, "nonRecurring": {}, "otherOperatingExpenses": 4928000, "totalOperatingExpenses": 13121000, "operatingIncome": 51655000, "totalOtherIncomeExpenseNet": 7818000, "ebit": 51655000, "interestExpense": -2857000, "incomeBeforeTax": 59473000, "incomeTaxExpense": 13000000, "minorityInterest": {}, "netIncomeFromContinuingOps": 46473000, "discontinuedOperations": {}, "extraordinaryItems": {}, "effectOfAccountingCharges": {}, "otherItems": {}, "netIncome": 46473000, "netIncomeApplicableToCommonShares": 46473000}, {"maxAge": 1, "endDate": "2019-03-31", "totalRevenue": 65836000, "costOfRevenue": 796000, "grossProfit": 65040000, "researchDevelopment": {}, "sellingGeneralAdministrative": 6243000, "nonRecurring": {}, "otherOperatingExpenses": 3263000, "totalOperatingExpenses": 10485000, "operatingIncome": 55351000, "totalOtherIncomeExpenseNet": 5319000, "ebit": 55351000, "interestExpense": -2597000, "incomeBeforeTax": 60670000, "incomeTaxExpense": 14687000, "minorityInterest": {}, "netIncomeFromContinuingOps": 45983000, "discontinuedOperations": {}, "extraordinaryItems": {}, "effectOfAccountingCharges": {}, "otherItems": {}, "netIncome": 45983000, "netIncomeApplicableToCommonShares": 45983000}, {"maxAge": 1, "endDate": "2018-03-31", "totalRevenue": 65142000, "costOfRevenue": 806000, "grossProfit": 64336000, "researchDevelopment": {}, "sellingGeneralAdministrative": 5144000, "nonRecurring": {}, "otherOperatingExpenses": 2682000, "totalOperatingExpenses": 8815000, "operatingIncome": 56327000, "totalOtherIncomeExpenseNet": 2260000, "ebit": 56327000, "interestExpense": -2361000, "incomeBeforeTax": 58587000, "incomeTaxExpense": 13500000, "minorityInterest": {}, "netIncomeFromContinuingOps": 45087000, "discontinuedOperations": {}, "extraordinaryItems": {}, "effectOfAccountingCharges": {}, "otherItems": {}, "netIncome": 45087000, "netIncomeApplicableToCommonShares": 45087000}, {"maxAge": 1, "endDate": "2017-03-31", "totalRevenue": 53254000, "costOfRevenue": 683000, "grossProfit": 52571000, "researchDevelopment": {}, "sellingGeneralAdministrative": 4879000, "nonRecurring": {}, "otherOperatingExpenses": 1907000, "totalOperatingExpenses": 7647000, "operatingIncome": 45607000, "totalOtherIncomeExpenseNet": 3144000, "ebit": 45607000, "interestExpense": -2146000, "incomeBeforeTax": 48751000, "incomeTaxExpense": 9800000, "minorityInterest": {}, "netIncomeFromContinuingOps": 38951000, "discontinuedOperations": {}, "extraordinaryItems": {}, "effectOfAccountingCharges": {}, "otherItems": {}, "netIncome": 38951000, "netIncomeApplicableToCommonShares": 38951000}], "maxAge": 86400}, "fundOwnership": {"ownershipList": [], "maxAge": 1}, "summaryDetail": {"maxAge": 1, "priceHint": 2, "previousClose": 66.9, "open": 66.85, "dayLow": 66.2, "dayHigh": 66.9, "regularMarketPreviousClose": 66.9, "regularMarketOpen": 66.85, "regularMarketDayLow": 66.2, "regularMarketDayHigh": 66.9, "trailingPE": 5.821827, "volume": 150, "regularMarketVolume": 150, "averageVolume": 1193, "averageVolume10days": 275, "averageDailyVolume10Day": 275, "bid": 0.0, "ask": 65.4, "bidSize": 0, "askSize": 0, "marketCap": 254207984, "fiftyTwoWeekLow": 27.1, "fiftyTwoWeekHigh": 66.9, "fiftyDayAverage": 58.44394, "twoHundredDayAverage": 47.50478, "currency": "INR", "fromCurrency": null, "lastMarket": null, "algorithm": null, "tradeable": false}, "incomeStatementHistoryQuarterly": {"incomeStatementHistory": [{"maxAge": 1, "endDate": "2020-06-30", "totalRevenue": 11462000, "costOfRevenue": 0, "grossProfit": 11462000, "researchDevelopment": {}, "sellingGeneralAdministrative": 1322000, "nonRecurring": {}, "otherOperatingExpenses": 1302000, "totalOperatingExpenses": 2681000, "operatingIncome": 8781000, "totalOtherIncomeExpenseNet": 2681000, "ebit": 8781000, "interestExpense": -786000, "incomeBeforeTax": 11462000, "incomeTaxExpense": 2300000, "minorityInterest": {}, "netIncomeFromContinuingOps": 9162000, "discontinuedOperations": {}, "extraordinaryItems": {}, "effectOfAccountingCharges": {}, "otherItems": {}, "netIncome": 9162000, "netIncomeApplicableToCommonShares": 9162000}, {"maxAge": 1, "endDate": "2020-03-31", "totalRevenue": 15573000, "costOfRevenue": 836000, "grossProfit": 14737000, "researchDevelopment": {}, "sellingGeneralAdministrative": 2975000, "nonRecurring": {}, "otherOperatingExpenses": 823000, "totalOperatingExpenses": 4679000, "operatingIncome": 10894000, "totalOtherIncomeExpenseNet": 2064000, "ebit": 10894000, "interestExpense": -909000, "incomeBeforeTax": 12958000, "incomeTaxExpense": 3000000, "minorityInterest": {}, "netIncomeFromContinuingOps": 9958000, "discontinuedOperations": {}, "extraordinaryItems": {}, "effectOfAccountingCharges": {}, "otherItems": {}, "netIncome": 9958000, "netIncomeApplicableToCommonShares": 9958000}, {"maxAge": 1, "endDate": "2019-12-31", "totalRevenue": 16401000, "costOfRevenue": 0, "grossProfit": 16401000, "researchDevelopment": {}, "sellingGeneralAdministrative": 1387000, "nonRecurring": {}, "otherOperatingExpenses": 1197000, "totalOperatingExpenses": 2630000, "operatingIncome": 13771000, "totalOtherIncomeExpenseNet": 1954000, "ebit": 13771000, "interestExpense": -650000, "incomeBeforeTax": 15725000, "incomeTaxExpense": 3500000, "minorityInterest": {}, "netIncomeFromContinuingOps": 12225000, "discontinuedOperations": {}, "extraordinaryItems": {}, "effectOfAccountingCharges": {}, "otherItems": {}, "netIncome": 12225000, "netIncomeApplicableToCommonShares": 12225000}, {"maxAge": 1, "endDate": "2019-09-30", "totalRevenue": 16401000, "costOfRevenue": 0, "grossProfit": 16401000, "researchDevelopment": {}, "sellingGeneralAdministrative": 1679000, "nonRecurring": {}, "otherOperatingExpenses": 1663000, "totalOperatingExpenses": 3388000, "operatingIncome": 13013000, "totalOtherIncomeExpenseNet": 2089000, "ebit": 13013000, "interestExpense": -649000, "incomeBeforeTax": 15102000, "incomeTaxExpense": 2800000, "minorityInterest": {}, "netIncomeFromContinuingOps": 12302000, "discontinuedOperations": {}, "extraordinaryItems": {}, "effectOfAccountingCharges": {}, "otherItems": {}, "netIncome": 12302000, "netIncomeApplicableToCommonShares": 12302000}], "maxAge": 86400}, "cashflowStatementHistoryQuarterly": {"cashflowStatements": [{"maxAge": 1, "endDate": "2020-06-30", "netIncome": 9162000, "changeToLiabilities": 0}, {"maxAge": 1, "endDate": "2020-03-31", "netIncome": 9958000, "changeToLiabilities": 0}, {"maxAge": 1, "endDate": "2019-12-31", "netIncome": 12225000, "changeToLiabilities": 0}, {"maxAge": 1, "endDate": "2019-09-30", "netIncome": 12302000, "changeToLiabilities": 0}], "maxAge": 86400}, "insiderHolders": {"holders": [{"maxAge": 1, "name": "Reddy (Vijaykumar P)", "relation": "UNREPORTED", "url": "", "transactionDescription": "Acquisition", "latestTransDate": "2009-09-10", "positionDirect": 2105410, "positionDirectDate": "2009-09-10"}], "maxAge": 1}, "calendarEvents": {"maxAge": 1, "earnings": {"earningsDate": ["2020-06-18 05:30:S"]}}, "upgradeDowngradeHistory": {"history": [], "maxAge": 86400}, "price": {"maxAge": 1, "regularMarketChangePercent": -0.010463446, "regularMarketChange": -0.7000046, "regularMarketTime": "2021-04-30 10:11:48", "priceHint": 2, "regularMarketPrice": 66.2, "regularMarketDayHigh": 66.9, "regularMarketDayLow": 66.2, "regularMarketVolume": 150, "averageDailyVolume10Day": 275, "averageDailyVolume3Month": 1193, "regularMarketPreviousClose": 66.9, "regularMarketSource": "FREE_REALTIME", "regularMarketOpen": 66.85, "exchange": "BSE", "exchangeName": "BSE", "exchangeDataDelayedBy": 0, "marketState": "CLOSED", "quoteType": "EQUITY", "symbol": "DYNAVSN.BO", "underlyingSymbol": null, "shortName": "DYNAVISION LTD.", "longName": "Dynavision Limited", "currency": "INR", "quoteSourceName": "Delayed Quote", "currencySymbol": "\u20b9", "fromCurrency": null, "lastMarket": null, "marketCap": 254207984}, "balanceSheetHistory": {"balanceSheetStatements": [{"maxAge": 1, "endDate": "2020-03-31", "cash": 3180000, "netReceivables": 4116000, "otherCurrentAssets": 32524000, "totalCurrentAssets": 48013000, "propertyPlantEquipment": 888000, "intangibleAssets": 1000, "otherAssets": 133701000, "totalAssets": 182603000, "otherCurrentLiab": 8896000, "otherLiab": 202232000, "totalCurrentLiabilities": 10658000, "totalLiab": 212890000, "commonStock": 38379000, "retainedEarnings": -81718000, "capitalSurplus": 13052000, "totalStockholderEquity": -30287000, "netTangibleAssets": -30288000}, {"maxAge": 1, "endDate": "2019-03-31", "cash": 7823000, "netReceivables": 7112000, "otherCurrentAssets": 114520000, "totalCurrentAssets": 129455000, "propertyPlantEquipment": 1160000, "intangibleAssets": 1000, "otherAssets": 3304000, "totalAssets": 133920000, "otherCurrentLiab": 6136000, "otherLiab": 203016000, "totalCurrentLiabilities": 7664000, "totalLiab": 210680000, "commonStock": 38379000, "retainedEarnings": -128191000, "capitalSurplus": 13052000, "totalStockholderEquity": -76760000, "netTangibleAssets": -76761000}, {"maxAge": 1, "endDate": "2018-03-31", "cash": 313000, "netReceivables": 1461000, "otherCurrentAssets": 39584000, "totalCurrentAssets": 41358000, "longTermInvestments": 39018000, "propertyPlantEquipment": 1343000, "intangibleAssets": 1000, "otherAssets": 45818000, "totalAssets": 88520000, "otherCurrentLiab": 4876000, "otherLiab": 204915000, "totalCurrentLiabilities": 6348000, "totalLiab": 211263000, "commonStock": 38379000, "retainedEarnings": -174174000, "capitalSurplus": 13052000, "totalStockholderEquity": -122743000, "netTangibleAssets": -122744000}, {"maxAge": 1, "endDate": "2017-03-31", "cash": 136000, "netReceivables": 864000, "otherCurrentAssets": 1800000, "totalCurrentAssets": 2800000, "propertyPlantEquipment": 1526000, "intangibleAssets": 1000, "otherAssets": 40144000, "totalAssets": 44471000, "otherCurrentLiab": 4825000, "otherLiab": 207117000, "totalCurrentLiabilities": 5184000, "totalLiab": 212301000, "commonStock": 38379000, "retainedEarnings": -219261000, "capitalSurplus": 13052000, "totalStockholderEquity": -167830000, "netTangibleAssets": -167831000}], "maxAge": 86400}, "financialData": {"maxAge": 86400, "currentPrice": 66.2, "recommendationKey": "none", "grossProfits": 63940000, "financialCurrency": "INR"}}}