{"DYNAMATECH.BO": {"recommendationTrend": {"trend": [{"period": "0m", "strongBuy": 0, "buy": 0, "hold": 0, "sell": 0, "strongSell": 0}, {"period": "-1m", "strongBuy": 0, "buy": 0, "hold": 0, "sell": 0, "strongSell": 0}, {"period": "-2m", "strongBuy": 0, "buy": 0, "hold": 0, "sell": 0, "strongSell": 0}, {"period": "-3m", "strongBuy": 0, "buy": 0, "hold": 0, "sell": 0, "strongSell": 0}], "maxAge": 86400}, "cashflowStatementHistory": {"cashflowStatements": [{"maxAge": 1, "endDate": "2020-03-31", "netIncome": 390600000, "depreciation": 878200000, "changeToNetincome": 628900000, "changeToAccountReceivables": -21300000, "changeToLiabilities": -29300000, "changeToInventory": 179300000, "changeToOperatingActivities": -122000000, "totalCashFromOperatingActivities": 1933100000, "capitalExpenditures": -580500000, "investments": 37800000, "otherCashflowsFromInvestingActivities": 25100000, "totalCashflowsFromInvestingActivities": -517600000, "netBorrowings": -515500000, "otherCashflowsFromFinancingActivities": -711200000, "totalCashFromFinancingActivities": -1226700000, "changeInCash": 188800000}, {"maxAge": 1, "endDate": "2019-03-31", "netIncome": 274700000, "depreciation": 466400000, "changeToNetincome": 791500000, "changeToAccountReceivables": -518300000, "changeToLiabilities": 168700000, "changeToInventory": 1600000, "changeToOperatingActivities": 22500000, "totalCashFromOperatingActivities": 1237800000, "capitalExpenditures": -307100000, "investments": -78100000, "otherCashflowsFromInvestingActivities": 399900000, "totalCashflowsFromInvestingActivities": 29500000, "dividendsPaid": -16000000, "netBorrowings": -479800000, "otherCashflowsFromFinancingActivities": -786900000, "totalCashFromFinancingActivities": -1282700000, "effectOfExchangeRate": -12400000, "changeInCash": -27800000}, {"maxAge": 1, "endDate": "2018-03-31", "netIncome": 7200000, "depreciation": 455900000, "changeToNetincome": 808200000, "changeToAccountReceivables": -303300000, "changeToLiabilities": 173800000, "changeToInventory": -407100000, "changeToOperatingActivities": 124200000, "totalCashFromOperatingActivities": 880300000, "capitalExpenditures": -669800000, "investments": -20100000, "otherCashflowsFromInvestingActivities": 21100000, "totalCashflowsFromInvestingActivities": -598600000, "dividendsPaid": -400000, "netBorrowings": 265400000, "otherCashflowsFromFinancingActivities": -744000000, "totalCashFromFinancingActivities": -479000000, "effectOfExchangeRate": -23000000, "changeInCash": -220300000}, {"maxAge": 1, "endDate": "2017-03-31", "netIncome": 196200000, "depreciation": 514500000, "changeToNetincome": 744600000, "changeToAccountReceivables": -142500000, "changeToLiabilities": 37800000, "changeToInventory": -157700000, "changeToOperatingActivities": -34500000, "totalCashFromOperatingActivities": 1175600000, "capitalExpenditures": -829900000, "investments": -135800000, "otherCashflowsFromInvestingActivities": 23300000, "totalCashflowsFromInvestingActivities": -941600000, "dividendsPaid": -600000, "netBorrowings": 526300000, "otherCashflowsFromFinancingActivities": -775400000, "totalCashFromFinancingActivities": -249700000, "effectOfExchangeRate": 36000000, "changeInCash": 20300000}], "maxAge": 86400}, "institutionOwnership": {"maxAge": 1, "ownershipList": []}, "balanceSheetHistoryQuarterly": {"balanceSheetStatements": [{"maxAge": 1, "endDate": "2020-06-30", "totalStockholderEquity": 3731300000, "netTangibleAssets": 2525500000}, {"maxAge": 1, "endDate": "2020-03-31", "cash": 559800000, "netReceivables": 2458600000, "inventory": 2796500000, "otherCurrentAssets": 478700000, "totalCurrentAssets": 6396500000, "longTermInvestments": 3400000, "propertyPlantEquipment": 7088700000, "goodWill": 971900000, "intangibleAssets": 18900000, "otherAssets": 428500000, "totalAssets": 14907900000, "accountsPayable": 2746100000, "shortLongTermDebt": 273400000, "otherCurrentLiab": 113400000, "longTermDebt": 3565100000, "otherLiab": 346500000, "deferredLongTermLiab": 215000000, "totalCurrentLiabilities": 6360400000, "totalLiab": 11176600000, "commonStock": 63400000, "retainedEarnings": 2366500000, "treasuryStock": 94200000, "capitalSurplus": 1207200000, "otherStockholderEquity": 94200000, "totalStockholderEquity": 3731300000, "netTangibleAssets": 2740500000}, {"maxAge": 1, "endDate": "2019-12-31", "totalStockholderEquity": 3337800000, "netTangibleAssets": 2205100000}, {"maxAge": 1, "endDate": "2019-09-30", "cash": 406700000, "netReceivables": 2660100000, "inventory": 2551300000, "otherCurrentAssets": 1288300000, "totalCurrentAssets": 6906400000, "longTermInvestments": 5200000, "propertyPlantEquipment": 6620300000, "goodWill": 903100000, "intangibleAssets": 229600000, "otherAssets": 191800000, "totalAssets": 14856400000, "accountsPayable": 2471800000, "otherCurrentLiab": 1015100000, "longTermDebt": 3676700000, "otherLiab": 566900000, "totalCurrentLiabilities": 6120500000, "totalLiab": 11518600000, "commonStock": 63400000, "treasuryStock": 3274400000, "otherStockholderEquity": 3274400000, "totalStockholderEquity": 3337800000, "netTangibleAssets": 2205100000}], "maxAge": 86400}, "earningsHistory": {"history": [{"maxAge": 1, "epsActual": -14.92, "epsEstimate": 9.9, "epsDifference": -24.82, "surprisePercent": -2.507, "quarter": "2017-06-30", "period": "-4q"}, {"maxAge": 1, "epsActual": 2.05, "epsEstimate": -12.5, "epsDifference": 14.55, "surprisePercent": 1.164, "quarter": "2017-09-30", "period": "-3q"}, {"maxAge": 1, "epsActual": 0.17, "epsEstimate": 3.7, "epsDifference": -3.53, "surprisePercent": -0.954, "quarter": "2017-12-31", "period": "-2q"}, {"maxAge": 1, "epsActual": 14.0, "epsEstimate": 3.0, "epsDifference": 11.0, "surprisePercent": 3.667, "quarter": "2018-03-31", "period": "-1q"}], "maxAge": 86400}, "indexTrend": {"maxAge": 1, "symbol": "SP5", "peRatio": 19.7411, "pegRatio": 1.34172, "estimates": [{"period": "0q", "growth": 0.549}, {"period": "+1q", "growth": 0.431}, {"period": "0y", "growth": 0.305}, {"period": "+1y", "growth": 0.109}, {"period": "+5y", "growth": 0.120865}, {"period": "-5y"}]}, "industryTrend": {"maxAge": 1, "symbol": null, "estimates": []}, "insiderTransactions": {"transactions": [{"maxAge": 1, "shares": 20205, "filerUrl": "", "transactionText": "", "filerName": "Malhoutra (Udayant)", "filerRelation": "Managing Director", "moneyText": "", "startDate": "2019-03-28", "ownership": "D"}, {"maxAge": 1, "shares": 200, "filerUrl": "", "transactionText": "", "filerName": "Naidu (Suresh Jayapal)", "filerRelation": "UNREPORTED", "moneyText": "", "startDate": "2019-03-28", "ownership": "D"}, {"maxAge": 1, "shares": 69795, "filerUrl": "", "transactionText": "", "filerName": "Malhoutra (Udayant)", "filerRelation": "Managing Director", "moneyText": "", "startDate": "2019-03-27", "ownership": "D"}, {"maxAge": 1, "shares": 650, "filerUrl": "", "transactionText": "", "filerName": "Naidu (Suresh Jayapal)", "filerRelation": "UNREPORTED", "moneyText": "", "startDate": "2019-03-27", "ownership": "D"}], "maxAge": 1}, "quoteType": {"exchange": "BSE", "quoteType": "EQUITY", "symbol": "DYNAMATECH.BO", "underlyingSymbol": "DYNAMATECH.BO", "shortName": "DYNAMATIC TECHNOLOGIES LTD.", "longName": "Dynamatic Technologies Limited", "firstTradeDateEpochUtc": "1991-01-24 09:15:00", "timeZoneFullName": "Asia/Kolkata", "timeZoneShortName": "IST", "uuid": "6a911238-abc1-3f2c-84a7-42841af10ec4", "messageBoardId": null, "gmtOffSetMilliseconds": 19800000, "maxAge": 1}, "incomeStatementHistory": {"incomeStatementHistory": [{"maxAge": 1, "endDate": "2020-03-31", "totalRevenue": 13212100000, "costOfRevenue": 6671900000, "grossProfit": 6540200000, "researchDevelopment": {}, "sellingGeneralAdministrative": 2541300000, "nonRecurring": {}, "otherOperatingExpenses": 2070800000, "totalOperatingExpenses": 12194900000, "operatingIncome": 1017200000, "totalOtherIncomeExpenseNet": -719700000, "ebit": 1017200000, "interestExpense": -819400000, "incomeBeforeTax": 297500000, "incomeTaxExpense": -253100000, "minorityInterest": {}, "netIncomeFromContinuingOps": 550600000, "discontinuedOperations": -160000000, "extraordinaryItems": {}, "effectOfAccountingCharges": {}, "otherItems": {}, "netIncome": 390600000, "netIncomeApplicableToCommonShares": 390600000}, {"maxAge": 1, "endDate": "2019-03-31", "totalRevenue": 15003000000, "costOfRevenue": 8017200000, "grossProfit": 6985800000, "researchDevelopment": {}, "sellingGeneralAdministrative": 3014300000, "nonRecurring": {}, "otherOperatingExpenses": 1946700000, "totalOperatingExpenses": 13718400000, "operatingIncome": 1284600000, "totalOtherIncomeExpenseNet": -747300000, "ebit": 1284600000, "interestExpense": -788300000, "incomeBeforeTax": 537300000, "incomeTaxExpense": 225700000, "minorityInterest": {}, "netIncomeFromContinuingOps": 311600000, "discontinuedOperations": -36900000, "extraordinaryItems": {}, "effectOfAccountingCharges": {}, "otherItems": {}, "netIncome": 274700000, "netIncomeApplicableToCommonShares": 274700000}, {"maxAge": 1, "endDate": "2018-03-31", "totalRevenue": 13210900000, "costOfRevenue": 7046000000, "grossProfit": 6164900000, "researchDevelopment": {}, "sellingGeneralAdministrative": 2764400000, "nonRecurring": {}, "otherOperatingExpenses": 1943300000, "totalOperatingExpenses": 12227000000, "operatingIncome": 983900000, "totalOtherIncomeExpenseNet": -745600000, "ebit": 983900000, "interestExpense": -738500000, "incomeBeforeTax": 238300000, "incomeTaxExpense": 117900000, "minorityInterest": {}, "netIncomeFromContinuingOps": 120400000, "discontinuedOperations": -113200000, "extraordinaryItems": {}, "effectOfAccountingCharges": {}, "otherItems": {}, "netIncome": 7200000, "netIncomeApplicableToCommonShares": 7200000}, {"maxAge": 1, "endDate": "2017-03-31", "totalRevenue": 15061000000, "costOfRevenue": 8722600000, "grossProfit": 6338400000, "researchDevelopment": {}, "sellingGeneralAdministrative": 2609700000, "nonRecurring": {}, "otherOperatingExpenses": 2050800000, "totalOperatingExpenses": 13917200000, "operatingIncome": 1143800000, "totalOtherIncomeExpenseNet": -787800000, "ebit": 1143800000, "interestExpense": -764900000, "incomeBeforeTax": 356000000, "incomeTaxExpense": 159800000, "minorityInterest": {}, "netIncomeFromContinuingOps": 196200000, "discontinuedOperations": -113200000, "extraordinaryItems": {}, "effectOfAccountingCharges": {}, "otherItems": {}, "netIncome": 196200000, "netIncomeApplicableToCommonShares": 196200000}], "maxAge": 86400}, "fundOwnership": {"maxAge": 1, "ownershipList": []}, "summaryDetail": {"maxAge": 1, "priceHint": 2, "previousClose": 1052.15, "open": 1036.65, "dayLow": 1014.95, "dayHigh": 1085.45, "regularMarketPreviousClose": 1052.15, "regularMarketOpen": 1036.65, "regularMarketDayLow": 1014.95, "regularMarketDayHigh": 1085.45, "trailingPE": 51.215378, "forwardPE": 9.686293, "volume": 847, "regularMarketVolume": 847, "averageVolume": 2051, "averageVolume10days": 1729, "averageDailyVolume10Day": 1729, "bid": 1023.45, "ask": 1030.0, "bidSize": 0, "askSize": 0, "marketCap": 6520268288, "fiftyTwoWeekLow": 424.05, "fiftyTwoWeekHigh": 1085.45, "fiftyDayAverage": 810.94855, "twoHundredDayAverage": 750.04706, "trailingAnnualDividendRate": 0.0, "trailingAnnualDividendYield": 0.0, "currency": "INR", "fromCurrency": null, "toCurrency": null, "lastMarket": null, "algorithm": null, "tradeable": false}, "sectorTrend": {"maxAge": 1, "symbol": null, "estimates": []}, "incomeStatementHistoryQuarterly": {"incomeStatementHistory": [{"maxAge": 1, "endDate": "2020-06-30", "totalRevenue": 1910400000, "costOfRevenue": 824100000, "grossProfit": 1086300000, "researchDevelopment": {}, "sellingGeneralAdministrative": 509500000, "nonRecurring": {}, "otherOperatingExpenses": 392900000, "totalOperatingExpenses": 1938300000, "operatingIncome": -27900000, "totalOtherIncomeExpenseNet": -176700000, "ebit": -27900000, "interestExpense": -192200000, "incomeBeforeTax": -204600000, "incomeTaxExpense": -35200000, "minorityInterest": {}, "netIncomeFromContinuingOps": -169400000, "discontinuedOperations": {}, "extraordinaryItems": {}, "effectOfAccountingCharges": {}, "otherItems": {}, "netIncome": -169400000, "netIncomeApplicableToCommonShares": -169400000}, {"maxAge": 1, "endDate": "2020-03-31", "totalRevenue": 3182300000, "costOfRevenue": 1768700000, "grossProfit": 1413600000, "researchDevelopment": {}, "sellingGeneralAdministrative": 672300000, "nonRecurring": {}, "otherOperatingExpenses": 307700000, "totalOperatingExpenses": 2988100000, "operatingIncome": 194200000, "totalOtherIncomeExpenseNet": -146500000, "ebit": 194200000, "interestExpense": -191600000, "incomeBeforeTax": 47700000, "incomeTaxExpense": -205500000, "minorityInterest": {}, "netIncomeFromContinuingOps": 253200000, "discontinuedOperations": -95000000, "extraordinaryItems": {}, "effectOfAccountingCharges": {}, "otherItems": {}, "netIncome": 158200000, "netIncomeApplicableToCommonShares": 158200000}, {"maxAge": 1, "endDate": "2019-12-31", "totalRevenue": 3078100000, "costOfRevenue": 1484500000, "grossProfit": 1593600000, "researchDevelopment": {}, "sellingGeneralAdministrative": 614700000, "nonRecurring": {}, "otherOperatingExpenses": 536000000, "totalOperatingExpenses": 2866300000, "operatingIncome": 211800000, "totalOtherIncomeExpenseNet": -215100000, "ebit": 211800000, "interestExpense": -217400000, "incomeBeforeTax": -3300000, "incomeTaxExpense": -131000000, "minorityInterest": {}, "netIncomeFromContinuingOps": 127700000, "discontinuedOperations": -45300000, "extraordinaryItems": {}, "effectOfAccountingCharges": {}, "otherItems": {}, "netIncome": 82400000, "netIncomeApplicableToCommonShares": 82400000}, {"maxAge": 1, "endDate": "2019-09-30", "totalRevenue": 3204900000, "costOfRevenue": 1541400000, "grossProfit": 1663500000, "researchDevelopment": {}, "sellingGeneralAdministrative": 606300000, "nonRecurring": {}, "otherOperatingExpenses": 579000000, "totalOperatingExpenses": 2949100000, "operatingIncome": 255800000, "totalOtherIncomeExpenseNet": -167800000, "ebit": 255800000, "interestExpense": -200700000, "incomeBeforeTax": 88000000, "incomeTaxExpense": 19900000, "minorityInterest": {}, "netIncomeFromContinuingOps": 68100000, "discontinuedOperations": -12000000, "extraordinaryItems": {}, "effectOfAccountingCharges": {}, "otherItems": {}, "netIncome": 56100000, "netIncomeApplicableToCommonShares": 56100000}], "maxAge": 86400}, "cashflowStatementHistoryQuarterly": {"cashflowStatements": [{"maxAge": 1, "endDate": "2020-06-30", "netIncome": -169400000, "changeToLiabilities": 0}, {"maxAge": 1, "endDate": "2020-03-31", "netIncome": 158200000, "changeToLiabilities": 0}, {"maxAge": 1, "endDate": "2019-12-31", "netIncome": 82400000, "changeToLiabilities": 0}, {"maxAge": 1, "endDate": "2019-09-30", "netIncome": 56100000, "changeToLiabilities": 0}], "maxAge": 86400}, "insiderHolders": {"holders": [{"maxAge": 1, "name": "Malhoutra (Udayant)", "relation": "Managing Director", "url": "", "transactionDescription": "Sale", "latestTransDate": "2019-03-28", "positionDirect": 620179, "positionDirectDate": "2019-03-28"}, {"maxAge": 1, "name": "Naidu (Suresh Jayapal)", "relation": "UNREPORTED", "url": "", "transactionDescription": "Acquisition", "latestTransDate": "2019-03-28", "positionDirect": 850, "positionDirectDate": "2019-03-28"}], "maxAge": 1}, "earnings": {"maxAge": 86400, "earningsChart": {"quarterly": [{"date": "2Q2017", "actual": -14.92, "estimate": 9.9}, {"date": "3Q2017", "actual": 2.05, "estimate": -12.5}, {"date": "4Q2017", "actual": 0.17, "estimate": 3.7}, {"date": "1Q2018", "actual": 14.0, "estimate": 3.0}], "currentQuarterEstimateDate": "2Q", "currentQuarterEstimateYear": 2018, "earningsDate": []}, "financialsChart": {"yearly": [{"date": 2017, "revenue": 15061000000, "earnings": 196200000}, {"date": 2018, "revenue": 13210900000, "earnings": 7200000}, {"date": 2019, "revenue": 15003000000, "earnings": 274700000}, {"date": 2020, "revenue": 13212100000, "earnings": 390600000}], "quarterly": [{"date": "3Q2019", "revenue": 3204900000, "earnings": 56100000}, {"date": "4Q2019", "revenue": 3078100000, "earnings": 82400000}, {"date": "1Q2020", "revenue": 3182300000, "earnings": 158200000}, {"date": "2Q2020", "revenue": 1910400000, "earnings": -169400000}]}, "financialCurrency": "INR"}, "calendarEvents": {"maxAge": 1, "earnings": {"earningsDate": [], "revenueAverage": 3790000000, "revenueLow": 3226000000, "revenueHigh": 3226000000}}, "price": {"maxAge": 1, "regularMarketChangePercent": -0.022762986, "regularMarketChange": -23.950073, "regularMarketTime": "2021-04-30 15:25:31", "priceHint": 2, "regularMarketPrice": 1028.2, "regularMarketDayHigh": 1085.45, "regularMarketDayLow": 1014.95, "regularMarketVolume": 847, "averageDailyVolume10Day": 1729, "averageDailyVolume3Month": 2051, "regularMarketPreviousClose": 1052.15, "regularMarketSource": "FREE_REALTIME", "regularMarketOpen": 1036.65, "exchange": "BSE", "exchangeName": "BSE", "exchangeDataDelayedBy": 0, "marketState": "CLOSED", "quoteType": "EQUITY", "symbol": "DYNAMATECH.BO", "underlyingSymbol": null, "shortName": "DYNAMATIC TECHNOLOGIES LTD.", "longName": "Dynamatic Technologies Limited", "currency": "INR", "quoteSourceName": "Delayed Quote", "currencySymbol": "\u20b9", "fromCurrency": null, "toCurrency": null, "lastMarket": null, "marketCap": 6520268288}, "balanceSheetHistory": {"balanceSheetStatements": [{"maxAge": 1, "endDate": "2020-03-31", "cash": 559800000, "netReceivables": 2458600000, "inventory": 2796500000, "otherCurrentAssets": 478700000, "totalCurrentAssets": 6396500000, "longTermInvestments": 3400000, "propertyPlantEquipment": 7088700000, "goodWill": 971900000, "intangibleAssets": 18900000, "otherAssets": 428500000, "totalAssets": 14907900000, "accountsPayable": 2746100000, "shortLongTermDebt": 273400000, "otherCurrentLiab": 113400000, "longTermDebt": 3565100000, "otherLiab": 346500000, "deferredLongTermLiab": 215000000, "totalCurrentLiabilities": 6360400000, "totalLiab": 11176600000, "commonStock": 63400000, "retainedEarnings": 2366500000, "treasuryStock": 94200000, "capitalSurplus": 1207200000, "otherStockholderEquity": 94200000, "totalStockholderEquity": 3731300000, "netTangibleAssets": 2740500000}, {"maxAge": 1, "endDate": "2019-03-31", "cash": 371000000, "netReceivables": 2335100000, "inventory": 2849800000, "otherCurrentAssets": 1440500000, "totalCurrentAssets": 7125500000, "longTermInvestments": 5200000, "propertyPlantEquipment": 5315000000, "goodWill": 925200000, "intangibleAssets": 30300000, "otherAssets": 447200000, "totalAssets": 13848400000, "accountsPayable": 2767300000, "shortLongTermDebt": 456200000, "otherCurrentLiab": 292200000, "longTermDebt": 3937800000, "otherLiab": 555000000, "deferredLongTermLiab": 223800000, "totalCurrentLiabilities": 6086500000, "totalLiab": 10599500000, "commonStock": 63400000, "retainedEarnings": 1983800000, "treasuryStock": -5500000, "capitalSurplus": 1207200000, "otherStockholderEquity": -5500000, "totalStockholderEquity": 3248900000, "netTangibleAssets": 2293400000}, {"maxAge": 1, "endDate": "2018-03-31", "cash": 626500000, "netReceivables": 1890500000, "inventory": 2830500000, "otherCurrentAssets": 646400000, "totalCurrentAssets": 5993900000, "longTermInvestments": 7800000, "propertyPlantEquipment": 6783900000, "goodWill": 951300000, "intangibleAssets": 21700000, "otherAssets": 430800000, "totalAssets": 14189400000, "accountsPayable": 2631400000, "shortLongTermDebt": 596900000, "otherCurrentLiab": 400200000, "longTermDebt": 4261600000, "otherLiab": 461400000, "deferredLongTermLiab": 251800000, "totalCurrentLiabilities": 6302900000, "totalLiab": 11051000000, "commonStock": 63400000, "retainedEarnings": 2336300000, "treasuryStock": -468500000, "capitalSurplus": 1207200000, "otherStockholderEquity": -468500000, "totalStockholderEquity": 3138400000, "netTangibleAssets": 2165400000}, {"maxAge": 1, "endDate": "2017-03-31", "cash": 619100000, "netReceivables": 1542900000, "inventory": 2383400000, "otherCurrentAssets": 576700000, "totalCurrentAssets": 5206400000, "longTermInvestments": 10200000, "propertyPlantEquipment": 6710600000, "goodWill": 826100000, "intangibleAssets": 26300000, "otherAssets": 509700000, "totalAssets": 13289300000, "accountsPayable": 2450100000, "shortLongTermDebt": 384300000, "otherCurrentLiab": 273900000, "longTermDebt": 4593500000, "otherLiab": 426100000, "deferredLongTermLiab": 272800000, "totalCurrentLiabilities": 5242700000, "totalLiab": 10301400000, "commonStock": 63400000, "retainedEarnings": 2343000000, "treasuryStock": -625700000, "capitalSurplus": 1207200000, "otherStockholderEquity": -625700000, "totalStockholderEquity": 2987900000, "netTangibleAssets": 2135500000}], "maxAge": 86400}, "earningsTrend": {"trend": [{"maxAge": 1, "period": "0q", "endDate": "2018-06-30", "growth": {}, "earningsEstimate": {"avg": 0.0, "low": 0.0, "high": 0.0, "yearAgoEps": -14.92, "numberOfAnalysts": 0, "growth": {}}, "revenueEstimate": {"avg": 3790000000, "low": 3226000000, "high": 3226000000, "numberOfAnalysts": 1, "yearAgoRevenue": 3148400000, "growth": 0.204}, "epsTrend": {"current": 0.0, "7daysAgo": 2.7, "30daysAgo": 2.7, "60daysAgo": 2.7, "90daysAgo": 2.7}, "epsRevisions": {"upLast7days": 0, "upLast30days": 0, "downLast30days": 0, "downLast90days": {}}}, {"maxAge": 1, "period": "+1q", "endDate": "2018-09-30", "growth": {}, "earningsEstimate": {"avg": 0.0, "low": 0.0, "high": 0.0, "yearAgoEps": 2.05, "numberOfAnalysts": 0, "growth": {}}, "revenueEstimate": {"avg": 3698800000, "low": 3624000000, "high": 3790000000, "numberOfAnalysts": 2, "yearAgoRevenue": 3420700000, "growth": 0.081}, "epsTrend": {"current": 0.0, "7daysAgo": 0.0, "30daysAgo": 0.0, "60daysAgo": 0.0, "90daysAgo": 0.0}, "epsRevisions": {"upLast7days": 0, "upLast30days": 0, "downLast30days": 0, "downLast90days": {}}}, {"maxAge": 1, "period": "0y", "endDate": "2019-03-31", "growth": {}, "earningsEstimate": {"avg": 0.0, "low": 0.0, "high": 0.0, "yearAgoEps": {}, "numberOfAnalysts": 0, "growth": {}}, "revenueEstimate": {"avg": 15830000000, "low": 15682000000, "high": 15978000000, "numberOfAnalysts": 2, "yearAgoRevenue": 13997000000, "growth": 0.131}, "epsTrend": {"current": 0.0, "7daysAgo": 57.25, "30daysAgo": 57.25, "60daysAgo": 57.25, "90daysAgo": 57.25}, "epsRevisions": {"upLast7days": 0, "upLast30days": 0, "downLast30days": 0, "downLast90days": {}}}, {"maxAge": 1, "period": "+1y", "endDate": "2020-03-31", "growth": {}, "earningsEstimate": {"avg": 0.0, "low": 0.0, "high": 0.0, "yearAgoEps": {}, "numberOfAnalysts": 0, "growth": {}}, "revenueEstimate": {"avg": 17458000000, "low": 17321000000, "high": 17595000000, "numberOfAnalysts": 2, "yearAgoRevenue": 15830000000, "growth": 0.103}, "epsTrend": {"current": 0.0, "7daysAgo": 106.15, "30daysAgo": 106.15, "60daysAgo": 106.15, "90daysAgo": 106.15}, "epsRevisions": {"upLast7days": 0, "upLast30days": 0, "downLast30days": 0, "downLast90days": {}}}, {"maxAge": 1, "period": "+5y", "endDate": null, "growth": 0.937, "earningsEstimate": {"avg": {}, "low": {}, "high": {}, "yearAgoEps": {}, "numberOfAnalysts": {}, "growth": {}}, "revenueEstimate": {"avg": {}, "low": {}, "high": {}, "numberOfAnalysts": {}, "yearAgoRevenue": {}, "growth": {}}, "epsTrend": {"current": {}, "7daysAgo": {}, "30daysAgo": {}, "60daysAgo": {}, "90daysAgo": {}}, "epsRevisions": {"upLast7days": {}, "upLast30days": {}, "downLast30days": {}, "downLast90days": {}}}, {"maxAge": 1, "period": "-5y", "endDate": null, "growth": {}, "earningsEstimate": {"avg": {}, "low": {}, "high": {}, "yearAgoEps": {}, "numberOfAnalysts": {}, "growth": {}}, "revenueEstimate": {"avg": {}, "low": {}, "high": {}, "numberOfAnalysts": {}, "yearAgoRevenue": {}, "growth": {}}, "epsTrend": {"current": {}, "7daysAgo": {}, "30daysAgo": {}, "60daysAgo": {}, "90daysAgo": {}}, "epsRevisions": {"upLast7days": {}, "upLast30days": {}, "downLast30days": {}, "downLast90days": {}}}], "maxAge": 1}, "financialData": {"maxAge": 86400, "currentPrice": 1028.2, "targetHighPrice": 2052.0, "targetLowPrice": 1686.0, "targetMeanPrice": 1869.0, "targetMedianPrice": 1869.0, "recommendationKey": "none", "numberOfAnalystOpinions": 2, "grossProfits": 6540200000, "financialCurrency": "INR"}}}