{"DYNAMIND.BO": {"recommendationTrend": {"trend": [{"period": "0m", "strongBuy": 0, "buy": 0, "hold": 0, "sell": 0, "strongSell": 0}, {"period": "-1m", "strongBuy": 0, "buy": 0, "hold": 0, "sell": 0, "strongSell": 0}, {"period": "-2m", "strongBuy": 0, "buy": 0, "hold": 0, "sell": 0, "strongSell": 0}, {"period": "-3m", "strongBuy": 0, "buy": 0, "hold": 0, "sell": 0, "strongSell": 0}], "maxAge": 86400}, "cashflowStatementHistory": {"cashflowStatements": [{"maxAge": 1, "endDate": "2020-03-31", "netIncome": 10148000, "depreciation": 10214000, "changeToNetincome": -805000, "changeToAccountReceivables": -18231000, "changeToLiabilities": 5693000, "changeToInventory": 33922000, "changeToOperatingActivities": -11257000, "totalCashFromOperatingActivities": 29708000, "capitalExpenditures": -3184000, "investments": -22228000, "otherCashflowsFromInvestingActivities": 1798000, "totalCashflowsFromInvestingActivities": -23614000, "dividendsPaid": -4543000, "netBorrowings": -6319000, "otherCashflowsFromFinancingActivities": -4288000, "totalCashFromFinancingActivities": -15150000, "changeInCash": -9056000}, {"maxAge": 1, "endDate": "2019-03-31", "netIncome": 40675000, "depreciation": 10790000, "changeToNetincome": 3610000, "changeToAccountReceivables": 64733000, "changeToLiabilities": -34038000, "changeToInventory": -23318000, "changeToOperatingActivities": 24072000, "totalCashFromOperatingActivities": 86551000, "capitalExpenditures": -1014000, "investments": 1117000, "otherCashflowsFromInvestingActivities": 2918000, "totalCashflowsFromInvestingActivities": 3021000, "dividendsPaid": -4543000, "netBorrowings": -68779000, "otherCashflowsFromFinancingActivities": -6983000, "totalCashFromFinancingActivities": -80305000, "changeInCash": 9267000}, {"maxAge": 1, "endDate": "2018-03-31", "netIncome": 30513000, "depreciation": 9976000, "changeToNetincome": 3213000, "changeToAccountReceivables": -50586000, "changeToLiabilities": 40250000, "changeToInventory": -29499000, "changeToOperatingActivities": -14677000, "totalCashFromOperatingActivities": -10791000, "capitalExpenditures": -29442000, "investments": -5596000, "otherCashflowsFromInvestingActivities": 1743000, "totalCashflowsFromInvestingActivities": -33295000, "dividendsPaid": -3032000, "netBorrowings": 52945000, "otherCashflowsFromFinancingActivities": -5783000, "totalCashFromFinancingActivities": 44130000, "changeInCash": 44000}, {"maxAge": 1, "endDate": "2017-03-31", "netIncome": 17696000, "depreciation": 8600000, "changeToNetincome": 2454000, "changeToAccountReceivables": -39058000, "changeToLiabilities": -3221000, "changeToInventory": -23099000, "changeToOperatingActivities": 12749000, "totalCashFromOperatingActivities": -23871000, "capitalExpenditures": -4205000, "investments": -6000000, "otherCashflowsFromInvestingActivities": 371000, "totalCashflowsFromInvestingActivities": -9834000, "dividendsPaid": -3055000, "netBorrowings": 21956000, "otherCashflowsFromFinancingActivities": -4370000, "totalCashFromFinancingActivities": 14531000, "changeInCash": -19174000}], "maxAge": 86400}, "institutionOwnership": {"ownershipList": [], "maxAge": 1}, "balanceSheetHistoryQuarterly": {"balanceSheetStatements": [{"maxAge": 1, "endDate": "2020-06-30", "totalStockholderEquity": 452770000, "netTangibleAssets": 452753000}, {"maxAge": 1, "endDate": "2020-03-31", "cash": 1012000, "netReceivables": 133600000, "inventory": 141722000, "otherCurrentAssets": 23610000, "totalCurrentAssets": 301172000, "longTermInvestments": 34643000, "propertyPlantEquipment": 227142000, "intangibleAssets": 17000, "otherAssets": 1642000, "totalAssets": 564616000, "accountsPayable": 72361000, "shortLongTermDebt": 5369000, "otherCurrentLiab": 777000, "longTermDebt": 10272000, "otherLiab": 8596000, "totalCurrentLiabilities": 92978000, "totalLiab": 111846000, "commonStock": 30285000, "retainedEarnings": 240451000, "treasuryStock": 164174000, "capitalSurplus": 17860000, "otherStockholderEquity": 164174000, "totalStockholderEquity": 452770000, "netTangibleAssets": 452753000}, {"maxAge": 1, "endDate": "2019-12-31", "totalStockholderEquity": 455626000, "netTangibleAssets": 455597000}, {"maxAge": 1, "endDate": "2019-09-30", "cash": 30987000, "shortTermInvestments": 1953000, "netReceivables": 172130000, "inventory": 138216000, "otherCurrentAssets": 15687000, "totalCurrentAssets": 358973000, "longTermInvestments": 15894000, "propertyPlantEquipment": 229832000, "intangibleAssets": 29000, "totalAssets": 604728000, "accountsPayable": 87285000, "shortLongTermDebt": 10588000, "otherCurrentLiab": 946000, "longTermDebt": 11225000, "otherLiab": 8666000, "totalCurrentLiabilities": 129211000, "totalLiab": 149102000, "commonStock": 30285000, "treasuryStock": 425341000, "otherStockholderEquity": 425341000, "totalStockholderEquity": 455626000, "netTangibleAssets": 455597000}], "maxAge": 86400}, "earningsHistory": {"history": [{"maxAge": 1, "epsActual": {}, "epsEstimate": {}, "epsDifference": {}, "surprisePercent": {}, "quarter": {}, "period": "-4q"}, {"maxAge": 1, "epsActual": {}, "epsEstimate": {}, "epsDifference": {}, "surprisePercent": {}, "quarter": {}, "period": "-3q"}, {"maxAge": 1, "epsActual": {}, "epsEstimate": {}, "epsDifference": {}, "surprisePercent": {}, "quarter": {}, "period": "-2q"}, {"maxAge": 1, "epsActual": {}, "epsEstimate": {}, "epsDifference": {}, "surprisePercent": {}, "quarter": {}, "period": "-1q"}], "maxAge": 86400}, "indexTrend": {"maxAge": 1, "symbol": "SP5", "peRatio": 19.7411, "pegRatio": 1.34172, "estimates": [{"period": "0q", "growth": 0.549}, {"period": "+1q", "growth": 0.431}, {"period": "0y", "growth": 0.305}, {"period": "+1y", "growth": 0.109}, {"period": "+5y", "growth": 0.120859005}, {"period": "-5y"}]}, "industryTrend": {"maxAge": 1, "symbol": null, "estimates": []}, "insiderTransactions": {"transactions": [{"maxAge": 1, "shares": 2218, "filerUrl": "", "transactionText": "", "filerName": "Ornet Intermediates Ltd.", "filerRelation": "Promoter", "moneyText": "", "startDate": "2018-08-24", "ownership": "D"}, {"maxAge": 1, "shares": 5000, "filerUrl": "", "transactionText": "", "filerName": "Ornet Intermediates Ltd.", "filerRelation": "Promoter", "moneyText": "", "startDate": "2018-04-24", "ownership": "D"}, {"maxAge": 1, "shares": 3073, "filerUrl": "", "transactionText": "", "filerName": "Ornet Intermediates Ltd.", "filerRelation": "Promoter", "moneyText": "", "startDate": "2018-02-12", "ownership": "D"}, {"maxAge": 1, "shares": 1676, "filerUrl": "", "transactionText": "", "filerName": "Ornet Intermediates Ltd.", "filerRelation": "Promoter", "moneyText": "", "startDate": "2017-11-14", "ownership": "D"}, {"maxAge": 1, "shares": 8748, "filerUrl": "", "transactionText": "", "filerName": "Ornet Intermediates Ltd.", "filerRelation": "Promoter", "moneyText": "", "startDate": "2017-11-08", "ownership": "D"}, {"maxAge": 1, "shares": 12471, "filerUrl": "", "transactionText": "", "filerName": "Ornet Intermediates Ltd.", "filerRelation": "Promoter", "moneyText": "", "startDate": "2017-11-01", "ownership": "D"}, {"maxAge": 1, "shares": 13442, "filerUrl": "", "transactionText": "", "filerName": "Ornet Intermediates Ltd.", "filerRelation": "Promoter", "moneyText": "", "startDate": "2017-10-27", "ownership": "D"}, {"maxAge": 1, "shares": 18786, "filerUrl": "", "transactionText": "", "filerName": "Ornet Intermediates Ltd.", "filerRelation": "Promoter", "moneyText": "", "startDate": "2016-09-28", "ownership": "D"}, {"maxAge": 1, "shares": 48400, "filerUrl": "", "transactionText": "", "filerName": "Mamlatdarna (Harin Dhanvantrai)", "filerRelation": "Executive Chairman", "moneyText": "", "startDate": "2014-12-31", "ownership": "D"}, {"maxAge": 1, "shares": 330000, "filerUrl": "", "transactionText": "", "filerName": "Mamlatdarna (Harin Dhanvantrai)", "filerRelation": "Promoter", "moneyText": "", "startDate": "2014-12-31", "ownership": "D"}], "maxAge": 1}, "quoteType": {"exchange": "BSE", "quoteType": "EQUITY", "symbol": "DYNAMIND.BO", "underlyingSymbol": "DYNAMIND.BO", "shortName": "DYNAMIC INDUSTRIES LTD.", "longName": "Dynamic Industries Limited", "firstTradeDateEpochUtc": "2002-02-05 09:15:00", "timeZoneFullName": "Asia/Kolkata", "timeZoneShortName": "IST", "uuid": "cbae367a-f56d-3582-b321-a7c7c0386983", "gmtOffSetMilliseconds": 19800000, "maxAge": 1}, "incomeStatementHistory": {"incomeStatementHistory": [{"maxAge": 1, "endDate": "2020-03-31", "totalRevenue": 562912000, "costOfRevenue": 449576000, "grossProfit": 113336000, "researchDevelopment": {}, "sellingGeneralAdministrative": 34925000, "nonRecurring": {}, "otherOperatingExpenses": 56320000, "totalOperatingExpenses": 551059000, "operatingIncome": 11853000, "totalOtherIncomeExpenseNet": 3214000, "ebit": 11853000, "interestExpense": -2707000, "incomeBeforeTax": 15067000, "incomeTaxExpense": 4919000, "minorityInterest": {}, "netIncomeFromContinuingOps": 10148000, "discontinuedOperations": {}, "extraordinaryItems": {}, "effectOfAccountingCharges": {}, "otherItems": {}, "netIncome": 10148000, "netIncomeApplicableToCommonShares": 10148000}, {"maxAge": 1, "endDate": "2019-03-31", "totalRevenue": 652861000, "costOfRevenue": 480247000, "grossProfit": 172614000, "researchDevelopment": {}, "sellingGeneralAdministrative": 34766000, "nonRecurring": {}, "otherOperatingExpenses": 73455000, "totalOperatingExpenses": 599285000, "operatingIncome": 53576000, "totalOtherIncomeExpenseNet": 2980000, "ebit": 53576000, "interestExpense": -5033000, "incomeBeforeTax": 56556000, "incomeTaxExpense": 15881000, "minorityInterest": {}, "netIncomeFromContinuingOps": 40675000, "discontinuedOperations": {}, "extraordinaryItems": {}, "effectOfAccountingCharges": {}, "otherItems": {}, "netIncome": 40675000, "netIncomeApplicableToCommonShares": 40675000}, {"maxAge": 1, "endDate": "2018-03-31", "totalRevenue": 585315000, "costOfRevenue": 428066000, "grossProfit": 157249000, "researchDevelopment": {}, "sellingGeneralAdministrative": 32724000, "nonRecurring": {}, "otherOperatingExpenses": 70261000, "totalOperatingExpenses": 541046000, "operatingIncome": 44269000, "totalOtherIncomeExpenseNet": -802000, "ebit": 44269000, "interestExpense": -4387000, "incomeBeforeTax": 43467000, "incomeTaxExpense": 12954000, "minorityInterest": {}, "netIncomeFromContinuingOps": 30513000, "discontinuedOperations": {}, "extraordinaryItems": {}, "effectOfAccountingCharges": {}, "otherItems": {}, "netIncome": 30513000, "netIncomeApplicableToCommonShares": 30513000}, {"maxAge": 1, "endDate": "2017-03-31", "totalRevenue": 462845000, "costOfRevenue": 338860000, "grossProfit": 123985000, "researchDevelopment": {}, "sellingGeneralAdministrative": 27816000, "nonRecurring": {}, "otherOperatingExpenses": 58036000, "totalOperatingExpenses": 433320000, "operatingIncome": 29525000, "totalOtherIncomeExpenseNet": -3961000, "ebit": 29525000, "interestExpense": -2950000, "incomeBeforeTax": 25564000, "incomeTaxExpense": 7868000, "minorityInterest": {}, "netIncomeFromContinuingOps": 17696000, "discontinuedOperations": {}, "extraordinaryItems": {}, "effectOfAccountingCharges": {}, "otherItems": {}, "netIncome": 17696000, "netIncomeApplicableToCommonShares": 17696000}], "maxAge": 86400}, "fundOwnership": {"ownershipList": [], "maxAge": 1}, "summaryDetail": {"maxAge": 1, "priceHint": 2, "previousClose": 54.5, "open": 55.5, "dayLow": 55.0, "dayHigh": 65.4, "regularMarketPreviousClose": 54.5, "regularMarketOpen": 55.5, "regularMarketDayLow": 55.0, "regularMarketDayHigh": 65.4, "trailingPE": 255.8233, "volume": 32020, "regularMarketVolume": 32020, "averageVolume": 6551, "averageVolume10days": 1061, "averageDailyVolume10Day": 1061, "bid": 0.0, "ask": 63.7, "bidSize": 0, "askSize": 0, "marketCap": 192915456, "fiftyTwoWeekLow": 27.5, "fiftyTwoWeekHigh": 65.4, "fiftyDayAverage": 46.14394, "twoHundredDayAverage": 42.35037, "trailingAnnualDividendRate": 1.5, "trailingAnnualDividendYield": 0.027522936, "currency": "INR", "fromCurrency": null, "lastMarket": null, "algorithm": null, "tradeable": false}, "sectorTrend": {"maxAge": 1, "symbol": null, "estimates": []}, "incomeStatementHistoryQuarterly": {"incomeStatementHistory": [{"maxAge": 1, "endDate": "2020-06-30", "totalRevenue": 39392000, "costOfRevenue": 26412000, "grossProfit": 12980000, "researchDevelopment": {}, "sellingGeneralAdministrative": 7967000, "nonRecurring": {}, "otherOperatingExpenses": 7398000, "totalOperatingExpenses": 44028000, "operatingIncome": -4636000, "totalOtherIncomeExpenseNet": 237000, "ebit": -4636000, "interestExpense": -601000, "incomeBeforeTax": -4399000, "incomeTaxExpense": 60000, "minorityInterest": {}, "netIncomeFromContinuingOps": -4459000, "discontinuedOperations": {}, "extraordinaryItems": {}, "effectOfAccountingCharges": {}, "otherItems": {}, "netIncome": -4459000, "netIncomeApplicableToCommonShares": -4459000}, {"maxAge": 1, "endDate": "2020-03-31", "totalRevenue": 132935000, "costOfRevenue": 115018000, "grossProfit": 17917000, "researchDevelopment": {}, "sellingGeneralAdministrative": 9403000, "nonRecurring": {}, "otherOperatingExpenses": 12451000, "totalOperatingExpenses": 139358000, "operatingIncome": -6423000, "totalOtherIncomeExpenseNet": -318000, "ebit": -6423000, "interestExpense": -318000, "incomeBeforeTax": -6741000, "incomeTaxExpense": -1029000, "minorityInterest": {}, "netIncomeFromContinuingOps": -5712000, "discontinuedOperations": {}, "extraordinaryItems": {}, "effectOfAccountingCharges": {}, "otherItems": {}, "netIncome": -5712000, "netIncomeApplicableToCommonShares": -5712000}, {"maxAge": 1, "endDate": "2019-12-31", "totalRevenue": 82619000, "costOfRevenue": 61952000, "grossProfit": 20667000, "researchDevelopment": {}, "sellingGeneralAdministrative": 8716000, "nonRecurring": {}, "otherOperatingExpenses": 10005000, "totalOperatingExpenses": 83314000, "operatingIncome": -695000, "totalOtherIncomeExpenseNet": 2895000, "ebit": -695000, "interestExpense": -711000, "incomeBeforeTax": 2200000, "incomeTaxExpense": -917000, "minorityInterest": {}, "netIncomeFromContinuingOps": 3117000, "discontinuedOperations": {}, "extraordinaryItems": {}, "effectOfAccountingCharges": {}, "otherItems": {}, "netIncome": 3117000, "netIncomeApplicableToCommonShares": 3117000}, {"maxAge": 1, "endDate": "2019-09-30", "totalRevenue": 198792000, "costOfRevenue": 158845000, "grossProfit": 39947000, "researchDevelopment": {}, "sellingGeneralAdministrative": 8892000, "nonRecurring": {}, "otherOperatingExpenses": 17957000, "totalOperatingExpenses": 188235000, "operatingIncome": 10557000, "totalOtherIncomeExpenseNet": 1198000, "ebit": 10557000, "interestExpense": -857000, "incomeBeforeTax": 11755000, "incomeTaxExpense": 3949000, "minorityInterest": {}, "netIncomeFromContinuingOps": 7806000, "discontinuedOperations": {}, "extraordinaryItems": {}, "effectOfAccountingCharges": {}, "otherItems": {}, "netIncome": 7806000, "netIncomeApplicableToCommonShares": 7806000}], "maxAge": 86400}, "cashflowStatementHistoryQuarterly": {"cashflowStatements": [{"maxAge": 1, "endDate": "2020-06-30", "netIncome": -4459000, "changeToLiabilities": 0}, {"maxAge": 1, "endDate": "2020-03-31", "netIncome": -5712000, "changeToLiabilities": 0}, {"maxAge": 1, "endDate": "2019-12-31", "netIncome": 3117000, "changeToLiabilities": 0}, {"maxAge": 1, "endDate": "2019-09-30", "netIncome": 7806000, "changeToLiabilities": 0}], "maxAge": 86400}, "insiderHolders": {"holders": [{"maxAge": 1, "name": "Mamlatdarna (Harin Dhanvantrai)", "relation": "Executive Chairman", "url": "", "transactionDescription": "Gift", "latestTransDate": "2014-12-31", "positionDirect": 333780, "positionDirectDate": "2014-12-31"}, {"maxAge": 1, "name": "Ornet Intermediates Ltd.", "relation": "Promoter", "url": "", "transactionDescription": "Sale", "latestTransDate": "2018-08-24", "positionDirect": 75110, "positionDirectDate": "2018-08-24"}], "maxAge": 1}, "earnings": {"maxAge": 86400, "earningsChart": {"quarterly": [], "earningsDate": []}, "financialsChart": {"yearly": [{"date": 2017, "revenue": 462845000, "earnings": 17696000}, {"date": 2018, "revenue": 585315000, "earnings": 30513000}, {"date": 2019, "revenue": 652861000, "earnings": 40675000}, {"date": 2020, "revenue": 562912000, "earnings": 10148000}], "quarterly": [{"date": "3Q2019", "revenue": 198792000, "earnings": 7806000}, {"date": "4Q2019", "revenue": 82619000, "earnings": 3117000}, {"date": "1Q2020", "revenue": 132935000, "earnings": -5712000}, {"date": "2Q2020", "revenue": 39392000, "earnings": -4459000}]}, "financialCurrency": "INR"}, "calendarEvents": {"maxAge": 1, "earnings": {"earningsDate": []}}, "upgradeDowngradeHistory": {"history": [], "maxAge": 86400}, "price": {"maxAge": 1, "regularMarketChangePercent": 0.16880736, "regularMarketChange": 9.200001, "regularMarketTime": "2021-04-30 15:50:13", "priceHint": 2, "regularMarketPrice": 63.7, "regularMarketDayHigh": 65.4, "regularMarketDayLow": 55.0, "regularMarketVolume": 32020, "averageDailyVolume10Day": 1061, "averageDailyVolume3Month": 6551, "regularMarketPreviousClose": 54.5, "regularMarketSource": "FREE_REALTIME", "regularMarketOpen": 55.5, "exchange": "BSE", "exchangeName": "BSE", "exchangeDataDelayedBy": 0, "marketState": "CLOSED", "quoteType": "EQUITY", "symbol": "DYNAMIND.BO", "underlyingSymbol": null, "shortName": "DYNAMIC INDUSTRIES LTD.", "longName": "Dynamic Industries Limited", "currency": "INR", "quoteSourceName": "Delayed Quote", "currencySymbol": "\u20b9", "fromCurrency": null, "lastMarket": null, "marketCap": 192915456}, "balanceSheetHistory": {"balanceSheetStatements": [{"maxAge": 1, "endDate": "2020-03-31", "cash": 1012000, "netReceivables": 133600000, "inventory": 141722000, "otherCurrentAssets": 23610000, "totalCurrentAssets": 301172000, "longTermInvestments": 34643000, "propertyPlantEquipment": 227142000, "intangibleAssets": 17000, "otherAssets": 1642000, "totalAssets": 564616000, "accountsPayable": 72361000, "shortLongTermDebt": 5369000, "otherCurrentLiab": 777000, "longTermDebt": 10272000, "otherLiab": 8596000, "totalCurrentLiabilities": 92978000, "totalLiab": 111846000, "commonStock": 30285000, "retainedEarnings": 240451000, "treasuryStock": 164174000, "capitalSurplus": 17860000, "otherStockholderEquity": 164174000, "totalStockholderEquity": 452770000, "netTangibleAssets": 452753000}, {"maxAge": 1, "endDate": "2019-03-31", "cash": 10198000, "netReceivables": 115632000, "inventory": 175644000, "otherCurrentAssets": 11502000, "totalCurrentAssets": 314322000, "longTermInvestments": 11729000, "propertyPlantEquipment": 234172000, "intangibleAssets": 41000, "otherAssets": 1642000, "totalAssets": 561906000, "accountsPayable": 66668000, "shortLongTermDebt": 5447000, "otherCurrentLiab": 2368000, "longTermDebt": 15642000, "otherLiab": 8066000, "totalCurrentLiabilities": 89958000, "totalLiab": 113666000, "commonStock": 30285000, "retainedEarnings": 400095000, "treasuryStock": 417955000, "capitalSurplus": 17860000, "otherStockholderEquity": 417955000, "totalStockholderEquity": 448240000, "netTangibleAssets": 448199000}, {"maxAge": 1, "endDate": "2018-03-31", "cash": 2411000, "netReceivables": 179496000, "inventory": 152324000, "otherCurrentAssets": 37914000, "totalCurrentAssets": 373776000, "longTermInvestments": 11596000, "propertyPlantEquipment": 243971000, "intangibleAssets": 45000, "otherAssets": 1531000, "totalAssets": 630919000, "accountsPayable": 100758000, "shortLongTermDebt": 5073000, "otherCurrentLiab": 2821000, "longTermDebt": 22742000, "otherLiab": 8160000, "totalCurrentLiabilities": 186413000, "totalLiab": 217315000, "commonStock": 30285000, "retainedEarnings": 365459000, "capitalSurplus": 17860000, "totalStockholderEquity": 413604000, "netTangibleAssets": 413559000}, {"maxAge": 1, "endDate": "2017-03-31", "cash": 2454000, "netReceivables": 128997000, "inventory": 122825000, "otherCurrentAssets": 22313000, "totalCurrentAssets": 277501000, "longTermInvestments": 6000000, "propertyPlantEquipment": 224554000, "intangibleAssets": 16000, "otherAssets": 2630000, "totalAssets": 510701000, "accountsPayable": 60508000, "shortLongTermDebt": 1887000, "otherCurrentLiab": 7737000, "longTermDebt": 2541000, "otherLiab": 6329000, "totalCurrentLiabilities": 118824000, "totalLiab": 127694000, "commonStock": 30285000, "retainedEarnings": 334862000, "capitalSurplus": 17860000, "totalStockholderEquity": 383007000, "netTangibleAssets": 382991000}], "maxAge": 86400}, "earningsTrend": {"trend": [{"maxAge": 1, "period": "0q", "endDate": null, "growth": {}, "earningsEstimate": {"avg": 0.0, "low": 0.0, "high": 0.0, "yearAgoEps": {}, "numberOfAnalysts": 0, "growth": {}}, "revenueEstimate": {"avg": 0, "low": 0, "high": 0, "numberOfAnalysts": 0, "yearAgoRevenue": {}, "growth": {}}, "epsTrend": {"current": 0.0, "7daysAgo": 0.0, "30daysAgo": 0.0, "60daysAgo": 0.0, "90daysAgo": 0.0}, "epsRevisions": {"upLast7days": 0, "upLast30days": 0, "downLast30days": 0, "downLast90days": {}}}, {"maxAge": 1, "period": "+1q", "endDate": null, "growth": {}, "earningsEstimate": {"avg": 0.0, "low": 0.0, "high": 0.0, "yearAgoEps": {}, "numberOfAnalysts": 0, "growth": {}}, "revenueEstimate": {"avg": 0, "low": 0, "high": 0, "numberOfAnalysts": 0, "yearAgoRevenue": {}, "growth": {}}, "epsTrend": {"current": 0.0, "7daysAgo": 0.0, "30daysAgo": 0.0, "60daysAgo": 0.0, "90daysAgo": 0.0}, "epsRevisions": {"upLast7days": 0, "upLast30days": 0, "downLast30days": 0, "downLast90days": {}}}, {"maxAge": 1, "period": "0y", "endDate": null, "growth": {}, "earningsEstimate": {"avg": 0.0, "low": 0.0, "high": 0.0, "yearAgoEps": {}, "numberOfAnalysts": 0, "growth": {}}, "revenueEstimate": {"avg": 0, "low": 0, "high": 0, "numberOfAnalysts": 0, "yearAgoRevenue": {}, "growth": {}}, "epsTrend": {"current": 0.0, "7daysAgo": 0.0, "30daysAgo": 0.0, "60daysAgo": 0.0, "90daysAgo": 0.0}, "epsRevisions": {"upLast7days": 0, "upLast30days": 0, "downLast30days": 0, "downLast90days": {}}}, {"maxAge": 1, "period": "+1y", "endDate": null, "growth": {}, "earningsEstimate": {"avg": 0.0, "low": 0.0, "high": 0.0, "yearAgoEps": {}, "numberOfAnalysts": 0, "growth": {}}, "revenueEstimate": {"avg": 0, "low": 0, "high": 0, "numberOfAnalysts": 0, "yearAgoRevenue": {}, "growth": {}}, "epsTrend": {"current": 0.0, "7daysAgo": 0.0, "30daysAgo": 0.0, "60daysAgo": 0.0, "90daysAgo": 0.0}, "epsRevisions": {"upLast7days": 0, "upLast30days": 0, "downLast30days": 0, "downLast90days": {}}}, {"maxAge": 1, "period": "+5y", "endDate": null, "growth": {}, "earningsEstimate": {"avg": {}, "low": {}, "high": {}, "yearAgoEps": {}, "numberOfAnalysts": {}, "growth": {}}, "revenueEstimate": {"avg": {}, "low": {}, "high": {}, "numberOfAnalysts": {}, "yearAgoRevenue": {}, "growth": {}}, "epsTrend": {"current": {}, "7daysAgo": {}, "30daysAgo": {}, "60daysAgo": {}, "90daysAgo": {}}, "epsRevisions": {"upLast7days": {}, "upLast30days": {}, "downLast30days": {}, "downLast90days": {}}}, {"maxAge": 1, "period": "-5y", "endDate": null, "growth": {}, "earningsEstimate": {"avg": {}, "low": {}, "high": {}, "yearAgoEps": {}, "numberOfAnalysts": {}, "growth": {}}, "revenueEstimate": {"avg": {}, "low": {}, "high": {}, "numberOfAnalysts": {}, "yearAgoRevenue": {}, "growth": {}}, "epsTrend": {"current": {}, "7daysAgo": {}, "30daysAgo": {}, "60daysAgo": {}, "90daysAgo": {}}, "epsRevisions": {"upLast7days": {}, "upLast30days": {}, "downLast30days": {}, "downLast90days": {}}}], "maxAge": 1}, "financialData": {"maxAge": 86400, "currentPrice": 63.7, "targetHighPrice": 81.0, "targetLowPrice": 81.0, "targetMeanPrice": 81.0, "targetMedianPrice": 81.0, "recommendationKey": "none", "numberOfAnalystOpinions": 1, "grossProfits": 113336000, "financialCurrency": "INR"}}}