{"EASEMYTRIP.NS": {"assetProfile": {"address1": "Building No. - 223", "address2": "Patparganj Industrial Area", "city": "New Delhi", "zip": "110092", "country": "India", "phone": "91 11 4313 1313", "website": "http://www.easemytrip.com", "industry": "Travel Services", "sector": "Consumer Cyclical", "longBusinessSummary": "Easy Trip Planners Limited operates as an online travel agency in India. It offers a range of travel-related products and services, including airline tickets, hotel and holiday packages, rail tickets, bus tickets, and taxis, as well as value added services, such as travel insurance, visa processing, and tickets for activities and attractions. The company was founded in 2008 and is based in New Delhi, India.", "companyOfficers": [{"maxAge": 1, "name": "Mr. Nishant  Pitti", "age": 34, "title": "Co-Founder, CEO & Whole-Time Director", "yearBorn": 1986, "exercisedValue": 0, "unexercisedValue": 0}, {"maxAge": 1, "name": "Mr. Prashant  Pitti", "age": 36, "title": "Founder & Whole-Time Director", "yearBorn": 1984, "exercisedValue": 0, "unexercisedValue": 0}, {"maxAge": 1, "name": "Mr. Rikant  Pittie", "age": 32, "title": "Co-Founder & Whole-Time Director", "yearBorn": 1988, "exercisedValue": 0, "unexercisedValue": 0}, {"maxAge": 1, "name": "Mr. Abani Kant Jha", "title": "Chief Financial Officer", "exercisedValue": 0, "unexercisedValue": 0}, {"maxAge": 1, "name": "Mr. Aditya  Chawla", "title": "Head of Operations", "exercisedValue": 0, "unexercisedValue": 0}, {"maxAge": 1, "name": "Ms. Preeti  Sharma", "title": "Company Sec. & Compliance Officer", "exercisedValue": 0, "unexercisedValue": 0}, {"maxAge": 1, "name": "Ms. Nutan  Gupta", "title": "Pres of Alliances", "exercisedValue": 0, "unexercisedValue": 0}, {"maxAge": 1, "name": "Mr. Sankalp  Kaul", "title": "Product Head of IT", "exercisedValue": 0, "unexercisedValue": 0}], "maxAge": 86400}, "cashflowStatementHistory": {"cashflowStatements": [{"maxAge": 1, "endDate": "2020-03-31", "netIncome": 329830000, "depreciation": 6580000, "changeToNetincome": -169090000, "changeToAccountReceivables": -106080000, "changeToLiabilities": 206410000, "changeToOperatingActivities": 6470000, "totalCashFromOperatingActivities": 274610000, "capitalExpenditures": -30820000, "investments": -668220000, "otherCashflowsFromInvestingActivities": 78000000, "totalCashflowsFromInvestingActivities": -545180000, "netBorrowings": 65830000, "otherCashflowsFromFinancingActivities": -1870000, "totalCashFromFinancingActivities": 63960000, "changeInCash": -206610000}, {"maxAge": 1, "endDate": "2019-03-31", "netIncome": 239930000, "depreciation": 4440000, "changeToNetincome": -292160000, "changeToAccountReceivables": 34830000, "changeToLiabilities": 678940000, "changeToInventory": 31470000, "changeToOperatingActivities": 4160000, "totalCashFromOperatingActivities": 701810000, "capitalExpenditures": -10910000, "investments": -500460000, "otherCashflowsFromInvestingActivities": 51550000, "totalCashflowsFromInvestingActivities": -420480000, "netBorrowings": 65830000, "otherCashflowsFromFinancingActivities": -17310000, "totalCashFromFinancingActivities": -17310000, "changeInCash": 264020000}, {"maxAge": 1, "endDate": "2018-03-31", "netIncome": 300000, "depreciation": 2330000, "changeToNetincome": 270970000, "changeToAccountReceivables": -614380000, "changeToLiabilities": 493190000, "changeToInventory": -28650000, "changeToOperatingActivities": 4140000, "totalCashFromOperatingActivities": 128000000, "capitalExpenditures": -1560000, "investments": -2340000, "otherCashflowsFromInvestingActivities": 50960000, "totalCashflowsFromInvestingActivities": 47060000, "netBorrowings": -103700000, "otherCashflowsFromFinancingActivities": -18420000, "totalCashFromFinancingActivities": -122120000, "changeInCash": 52940000}, {"maxAge": 1, "endDate": "2017-03-31", "netIncome": 201110000, "depreciation": 4130000, "changeToNetincome": 151150000, "changeToAccountReceivables": -989630000, "changeToLiabilities": 460240000, "changeToInventory": 44170000, "changeToOperatingActivities": 3280000, "totalCashFromOperatingActivities": -125430000, "capitalExpenditures": -920000, "investments": 36790000, "otherCashflowsFromInvestingActivities": 3750000, "totalCashflowsFromInvestingActivities": 27620000, "netBorrowings": 33000000, "otherCashflowsFromFinancingActivities": -2570000, "totalCashFromFinancingActivities": 95860000, "changeInCash": -1940000, "issuanceOfStock": 65430000}], "maxAge": 86400}, "institutionOwnership": {"ownershipList": [], "maxAge": 1}, "majorHoldersBreakdown": {"maxAge": 1, "insidersPercentHeld": 0.74897003, "institutionsPercentHeld": 0.03536, "institutionsFloatPercentHeld": 0.14086, "institutionsCount": 3}, "balanceSheetHistoryQuarterly": {"balanceSheetStatements": [{"maxAge": 1, "endDate": "2020-03-31", "cash": 134140000, "shortTermInvestments": 1177950000, "netReceivables": 853580000, "otherCurrentAssets": 354830000, "totalCurrentAssets": 2531390000, "propertyPlantEquipment": 77580000, "goodWill": 15960000, "intangibleAssets": 4590000, "otherAssets": 269320000, "deferredLongTermAssetCharges": 30590000, "totalAssets": 2898840000, "accountsPayable": 266390000, "otherCurrentLiab": 1049000000, "otherLiab": 404350000, "totalCurrentLiabilities": 1481980000, "totalLiab": 1886330000, "commonStock": 217290000, "retainedEarnings": 793210000, "treasuryStock": 2010000, "otherStockholderEquity": 2010000, "totalStockholderEquity": 1012510000, "netTangibleAssets": 991960000}, {"maxAge": 1, "endDate": "2019-12-31", "cash": 134140000, "shortTermInvestments": 1177950000, "netReceivables": 853580000, "otherCurrentAssets": 354830000, "totalCurrentAssets": 2531390000, "propertyPlantEquipment": 77580000, "goodWill": 15960000, "intangibleAssets": 4590000, "otherAssets": 269320000, "deferredLongTermAssetCharges": 30590000, "totalAssets": 2898840000, "accountsPayable": 266390000, "otherCurrentLiab": 1049000000, "otherLiab": 404350000, "totalCurrentLiabilities": 1481980000, "totalLiab": 1886330000, "commonStock": 217290000, "retainedEarnings": 793210000, "treasuryStock": 2010000, "otherStockholderEquity": 2010000, "totalStockholderEquity": 1012510000, "netTangibleAssets": 991960000}, {"maxAge": 1, "endDate": "2019-09-30", "cash": 314290000, "shortTermInvestments": 608130000, "netReceivables": 1138870000, "otherCurrentAssets": 381740000, "totalCurrentAssets": 2444040000, "longTermInvestments": 80560000, "propertyPlantEquipment": 79060000, "goodWill": 15960000, "intangibleAssets": 1340000, "otherAssets": 53100000, "deferredLongTermAssetCharges": 27690000, "totalAssets": 2674060000, "accountsPayable": 263440000, "otherCurrentLiab": 917880000, "otherLiab": 238340000, "totalCurrentLiabilities": 1552830000, "totalLiab": 1794430000, "commonStock": 217290000, "retainedEarnings": 659900000, "treasuryStock": 2440000, "otherStockholderEquity": 2440000, "totalStockholderEquity": 879630000, "netTangibleAssets": 862330000}, {"maxAge": 1, "endDate": "2019-06-30", "cash": 314290000, "shortTermInvestments": 608130000, "netReceivables": 1138870000, "otherCurrentAssets": 381740000, "totalCurrentAssets": 2444040000, "longTermInvestments": 80560000, "propertyPlantEquipment": 79060000, "goodWill": 15960000, "intangibleAssets": 1340000, "otherAssets": 53100000, "deferredLongTermAssetCharges": 27690000, "totalAssets": 2674060000, "accountsPayable": 263440000, "otherCurrentLiab": 917880000, "otherLiab": 238340000, "totalCurrentLiabilities": 1552830000, "totalLiab": 1794430000, "commonStock": 217290000, "retainedEarnings": 659900000, "treasuryStock": 2440000, "otherStockholderEquity": 2440000, "totalStockholderEquity": 879630000, "netTangibleAssets": 862330000}], "maxAge": 86400}, "indexTrend": {"maxAge": 1, "symbol": "SP5", "peRatio": 19.7411, "pegRatio": 1.34172, "estimates": [{"period": "0q", "growth": 0.549}, {"period": "+1q", "growth": 0.431}, {"period": "0y", "growth": 0.305}, {"period": "+1y", "growth": 0.109}, {"period": "+5y", "growth": 0.120865}, {"period": "-5y"}]}, "defaultKeyStatistics": {"maxAge": 1, "priceHint": 2, "enterpriseValue": 19105593344, "profitMargins": 0.23333, "sharesOutstanding": 108645000, "heldPercentInsiders": 0.74897003, "heldPercentInstitutions": 0.03536, "category": null, "bookValue": 9.319, "priceToBook": 20.109453, "fundFamily": null, "legalType": null, "lastFiscalYearEnd": "2020-03-31 05:30:00", "nextFiscalYearEnd": "2022-03-31 05:30:00", "mostRecentQuarter": "2020-03-31 05:30:00", "netIncomeToCommon": 329830016, "trailingEps": 3.036, "lastSplitFactor": null, "enterpriseToRevenue": 13.516, "enterpriseToEbitda": 131.094}, "summaryProfile": {"address1": "Building No. - 223", "address2": "Patparganj Industrial Area", "city": "New Delhi", "zip": "110092", "country": "India", "phone": "91 11 4313 1313", "website": "http://www.easemytrip.com", "industry": "Travel Services", "sector": "Consumer Cyclical", "longBusinessSummary": "Easy Trip Planners Limited operates as an online travel agency in India. It offers a range of travel-related products and services, including airline tickets, hotel and holiday packages, rail tickets, bus tickets, and taxis, as well as value added services, such as travel insurance, visa processing, and tickets for activities and attractions. The company was founded in 2008 and is based in New Delhi, India.", "companyOfficers": [], "maxAge": 86400}, "netSharePurchaseActivity": {"maxAge": 1, "period": "6m", "buyInfoCount": 0, "buyInfoShares": 0, "sellInfoCount": 0, "netInfoCount": 0, "netInfoShares": 0, "netPercentInsiderShares": 0.0, "totalInsiderShares": 81371848}, "quoteType": {"exchange": "NSI", "quoteType": "EQUITY", "symbol": "EASEMYTRIP.NS", "underlyingSymbol": "EASEMYTRIP.NS", "shortName": "Easy Trip Planners Ltd", "longName": "Easy Trip Planners Limited", "firstTradeDateEpochUtc": "2021-03-19 09:15:00", "timeZoneFullName": "Asia/Kolkata", "timeZoneShortName": "IST", "uuid": "48c95ffa-85f4-30c6-9538-fdde5e4b2a49", "gmtOffSetMilliseconds": 19800000, "maxAge": 1}, "incomeStatementHistory": {"incomeStatementHistory": [{"maxAge": 1, "endDate": "2020-03-31", "totalRevenue": 1413600000, "costOfRevenue": 370730000, "grossProfit": 1042870000, "researchDevelopment": {}, "sellingGeneralAdministrative": 271670000, "nonRecurring": {}, "otherOperatingExpenses": 622840000, "totalOperatingExpenses": 1272310000, "operatingIncome": 141290000, "totalOtherIncomeExpenseNet": 317530000, "ebit": 141290000, "interestExpense": -29700000, "incomeBeforeTax": 458820000, "incomeTaxExpense": 128990000, "minorityInterest": {}, "netIncomeFromContinuingOps": 329830000, "discontinuedOperations": {}, "extraordinaryItems": {}, "effectOfAccountingCharges": {}, "otherItems": {}, "netIncome": 329830000, "netIncomeApplicableToCommonShares": 329830000}, {"maxAge": 1, "endDate": "2019-03-31", "totalRevenue": 1011070000, "costOfRevenue": 242290000, "grossProfit": 768780000, "researchDevelopment": {}, "sellingGeneralAdministrative": 307250000, "nonRecurring": {}, "otherOperatingExpenses": 422150000, "totalOperatingExpenses": 976330000, "operatingIncome": 34740000, "totalOtherIncomeExpenseNet": 377030000, "ebit": 34740000, "interestExpense": -31350000, "incomeBeforeTax": 411770000, "incomeTaxExpense": 118380000, "minorityInterest": {}, "netIncomeFromContinuingOps": 293390000, "discontinuedOperations": -53460000, "extraordinaryItems": {}, "effectOfAccountingCharges": {}, "otherItems": {}, "netIncome": 239930000, "netIncomeApplicableToCommonShares": 239930000}, {"maxAge": 1, "endDate": "2018-03-31", "totalRevenue": 1001080000, "costOfRevenue": 169630000, "grossProfit": 831450000, "researchDevelopment": {}, "sellingGeneralAdministrative": 254350000, "nonRecurring": {}, "otherOperatingExpenses": 574030000, "totalOperatingExpenses": 1000440000, "operatingIncome": 640000, "totalOtherIncomeExpenseNet": 104620000, "ebit": 640000, "interestExpense": -14320000, "incomeBeforeTax": 105260000, "incomeTaxExpense": 39130000, "minorityInterest": {}, "netIncomeFromContinuingOps": 66130000, "discontinuedOperations": -65830000, "extraordinaryItems": {}, "effectOfAccountingCharges": {}, "otherItems": {}, "netIncome": 300000, "netIncomeApplicableToCommonShares": 300000}, {"maxAge": 1, "endDate": "2017-03-31", "totalRevenue": 1028890000, "costOfRevenue": 122790000, "grossProfit": 906100000, "researchDevelopment": {}, "sellingGeneralAdministrative": 152820000, "nonRecurring": {}, "otherOperatingExpenses": 472670000, "totalOperatingExpenses": 752530000, "operatingIncome": 276360000, "totalOtherIncomeExpenseNet": 3360000, "ebit": 276360000, "interestExpense": -6180000, "incomeBeforeTax": 279720000, "incomeTaxExpense": 96360000, "minorityInterest": {}, "netIncomeFromContinuingOps": 183360000, "discontinuedOperations": 17750000, "extraordinaryItems": {}, "effectOfAccountingCharges": {}, "otherItems": {}, "netIncome": 201110000, "netIncomeApplicableToCommonShares": 201110000}], "maxAge": 86400}, "fundOwnership": {"ownershipList": [], "maxAge": 1}, "summaryDetail": {"maxAge": 1, "priceHint": 2, "previousClose": 187.7, "open": 185.0, "dayLow": 184.0, "dayHigh": 192.75, "regularMarketPreviousClose": 187.7, "regularMarketOpen": 185.0, "regularMarketDayLow": 184.0, "regularMarketDayHigh": 192.75, "dividendRate": 4.0, "dividendYield": 0.0208, "exDividendDate": "2021-04-27 05:30:00", "payoutRatio": 0.0, "trailingPE": 61.725952, "volume": 785520, "regularMarketVolume": 785520, "averageVolume": 9183655, "averageVolume10days": 5113524, "averageDailyVolume10Day": 5113524, "bid": 0.0, "ask": 0.0, "marketCap": 20354637824, "fiftyTwoWeekLow": 166.95, "fiftyTwoWeekHigh": 234.0, "priceToSalesTrailing12Months": 14.39915, "fiftyDayAverage": 200.07, "twoHundredDayAverage": 200.07, "currency": "INR", "fromCurrency": null, "lastMarket": null, "algorithm": null, "tradeable": false}, "incomeStatementHistoryQuarterly": {"incomeStatementHistory": [{"maxAge": 1, "endDate": "2020-03-31", "totalRevenue": 373250000, "costOfRevenue": 108150000, "grossProfit": 265100000, "researchDevelopment": {}, "sellingGeneralAdministrative": 64610000, "nonRecurring": {}, "otherOperatingExpenses": 176015000, "totalOperatingExpenses": 350585000, "operatingIncome": 22665000, "totalOtherIncomeExpenseNet": 69570000, "ebit": 22665000, "interestExpense": -3350000, "incomeBeforeTax": 92235000, "incomeTaxExpense": 26685000, "minorityInterest": {}, "netIncomeFromContinuingOps": 65550000, "discontinuedOperations": {}, "extraordinaryItems": {}, "effectOfAccountingCharges": {}, "otherItems": {}, "netIncome": 65550000, "netIncomeApplicableToCommonShares": 65550000}, {"maxAge": 1, "endDate": "2019-12-31", "totalRevenue": 373250000, "costOfRevenue": 108150000, "grossProfit": 265100000, "researchDevelopment": {}, "sellingGeneralAdministrative": 64610000, "nonRecurring": {}, "otherOperatingExpenses": 176015000, "totalOperatingExpenses": 350585000, "operatingIncome": 22665000, "totalOtherIncomeExpenseNet": 69570000, "ebit": 22665000, "interestExpense": -3350000, "incomeBeforeTax": 92235000, "incomeTaxExpense": 26685000, "minorityInterest": {}, "netIncomeFromContinuingOps": 65550000, "discontinuedOperations": {}, "extraordinaryItems": {}, "effectOfAccountingCharges": {}, "otherItems": {}, "netIncome": 65550000, "netIncomeApplicableToCommonShares": 65550000}, {"maxAge": 1, "endDate": "2019-09-30", "totalRevenue": 333550000, "costOfRevenue": 77215000, "grossProfit": 256335000, "researchDevelopment": {}, "sellingGeneralAdministrative": 71225000, "nonRecurring": {}, "otherOperatingExpenses": 135405000, "totalOperatingExpenses": 285570000, "operatingIncome": 47980000, "totalOtherIncomeExpenseNet": 89195000, "ebit": 47980000, "interestExpense": -11500000, "incomeBeforeTax": 137175000, "incomeTaxExpense": 37810000, "minorityInterest": {}, "netIncomeFromContinuingOps": 99365000, "discontinuedOperations": {}, "extraordinaryItems": {}, "effectOfAccountingCharges": {}, "otherItems": {}, "netIncome": 99365000, "netIncomeApplicableToCommonShares": 99365000}, {"maxAge": 1, "endDate": "2019-06-30", "totalRevenue": 333550000, "costOfRevenue": 77215000, "grossProfit": 256335000, "researchDevelopment": {}, "sellingGeneralAdministrative": 71225000, "nonRecurring": {}, "otherOperatingExpenses": 135405000, "totalOperatingExpenses": 285570000, "operatingIncome": 47980000, "totalOtherIncomeExpenseNet": 89195000, "ebit": 47980000, "interestExpense": -11500000, "incomeBeforeTax": 137175000, "incomeTaxExpense": 37810000, "minorityInterest": {}, "netIncomeFromContinuingOps": 99365000, "discontinuedOperations": {}, "extraordinaryItems": {}, "effectOfAccountingCharges": {}, "otherItems": {}, "netIncome": 99365000, "netIncomeApplicableToCommonShares": 99365000}], "maxAge": 86400}, "cashflowStatementHistoryQuarterly": {"cashflowStatements": [{"maxAge": 1, "endDate": "2020-03-31", "netIncome": 65550000, "depreciation": 1665000, "changeToNetincome": -28710000, "changeToAccountReceivables": -80000, "changeToLiabilities": 124185000, "changeToOperatingActivities": 305000, "totalCashFromOperatingActivities": 163060000, "capitalExpenditures": -3895000, "investments": -289905000, "otherCashflowsFromInvestingActivities": 8935000, "totalCashflowsFromInvestingActivities": -285670000, "netBorrowings": 33330000, "otherCashflowsFromFinancingActivities": -795000, "totalCashFromFinancingActivities": 32535000, "changeInCash": -90075000}, {"maxAge": 1, "endDate": "2019-12-31", "netIncome": 65550000, "depreciation": 1665000, "changeToNetincome": -28710000, "changeToAccountReceivables": -80000, "changeToLiabilities": 124185000, "changeToOperatingActivities": 305000, "totalCashFromOperatingActivities": 163060000, "capitalExpenditures": -3895000, "investments": -289905000, "otherCashflowsFromInvestingActivities": 8935000, "totalCashflowsFromInvestingActivities": -285670000, "netBorrowings": 33330000, "otherCashflowsFromFinancingActivities": -795000, "totalCashFromFinancingActivities": 32535000, "changeInCash": -90075000}, {"maxAge": 1, "endDate": "2019-09-30", "netIncome": 99365000, "depreciation": 1625000, "changeToNetincome": -55835000, "changeToAccountReceivables": -52960000, "changeToLiabilities": -20980000, "changeToOperatingActivities": 2930000, "totalCashFromOperatingActivities": -25755000, "capitalExpenditures": -11515000, "investments": -44205000, "otherCashflowsFromInvestingActivities": 30065000, "totalCashflowsFromInvestingActivities": 13080000, "netBorrowings": -415000, "otherCashflowsFromFinancingActivities": -140000, "totalCashFromFinancingActivities": -555000, "changeInCash": -13230000}, {"maxAge": 1, "endDate": "2019-06-30", "netIncome": 99365000, "depreciation": 1625000, "changeToNetincome": -55835000, "changeToAccountReceivables": -52960000, "changeToLiabilities": -20980000, "changeToOperatingActivities": 2930000, "totalCashFromOperatingActivities": -25755000, "capitalExpenditures": -11515000, "investments": -44205000, "otherCashflowsFromInvestingActivities": 30065000, "totalCashflowsFromInvestingActivities": 13080000, "netBorrowings": -415000, "otherCashflowsFromFinancingActivities": -140000, "totalCashFromFinancingActivities": -555000, "changeInCash": -13230000}], "maxAge": 86400}, "insiderHolders": {"holders": [], "maxAge": 1}, "calendarEvents": {"maxAge": 1, "earnings": {"earningsDate": []}, "exDividendDate": "2021-04-27 05:30:00"}, "upgradeDowngradeHistory": {"history": [], "maxAge": 86400}, "price": {"maxAge": 1, "regularMarketChangePercent": -0.0015983115, "regularMarketChange": -0.30000305, "regularMarketTime": "2021-04-30 15:29:58", "priceHint": 2, "regularMarketPrice": 187.4, "regularMarketDayHigh": 192.75, "regularMarketDayLow": 184.0, "regularMarketVolume": 785520, "averageDailyVolume10Day": 5113524, "averageDailyVolume3Month": 9183655, "regularMarketPreviousClose": 187.7, "regularMarketSource": "FREE_REALTIME", "regularMarketOpen": 185.0, "exchange": "NSI", "exchangeName": "NSE", "exchangeDataDelayedBy": 15, "marketState": "CLOSED", "quoteType": "EQUITY", "symbol": "EASEMYTRIP.NS", "underlyingSymbol": null, "shortName": "Easy Trip Planners Ltd", "longName": "Easy Trip Planners Limited", "currency": "INR", "quoteSourceName": "Delayed Quote", "currencySymbol": "\u20b9", "fromCurrency": null, "lastMarket": null, "marketCap": 20354637824}, "balanceSheetHistory": {"balanceSheetStatements": [{"maxAge": 1, "endDate": "2020-03-31", "cash": 134140000, "shortTermInvestments": 1177950000, "netReceivables": 853580000, "otherCurrentAssets": 354830000, "totalCurrentAssets": 2531390000, "propertyPlantEquipment": 77580000, "goodWill": 15960000, "intangibleAssets": 4590000, "otherAssets": 269320000, "deferredLongTermAssetCharges": 30590000, "totalAssets": 2898840000, "accountsPayable": 266390000, "otherCurrentLiab": 1049000000, "otherLiab": 404350000, "totalCurrentLiabilities": 1481980000, "totalLiab": 1886330000, "commonStock": 217290000, "retainedEarnings": 793210000, "treasuryStock": 2010000, "otherStockholderEquity": 2010000, "totalStockholderEquity": 1012510000, "netTangibleAssets": 991960000}, {"maxAge": 1, "endDate": "2019-03-31", "cash": 340750000, "shortTermInvestments": 519720000, "netReceivables": 972610000, "otherCurrentAssets": 414450000, "totalCurrentAssets": 2248360000, "propertyPlantEquipment": 71490000, "intangibleAssets": 340000, "otherAssets": 110690000, "deferredLongTermAssetCharges": 27190000, "totalAssets": 2430880000, "accountsPayable": 298460000, "otherCurrentLiab": 917130000, "otherLiab": 347060000, "totalCurrentLiabilities": 1404500000, "totalLiab": 1751560000, "commonStock": 217290000, "retainedEarnings": 462030000, "totalStockholderEquity": 679320000, "netTangibleAssets": 678980000}, {"maxAge": 1, "endDate": "2018-03-31", "cash": 76730000, "shortTermInvestments": 13180000, "netReceivables": 619670000, "inventory": 31470000, "otherCurrentAssets": 534340000, "totalCurrentAssets": 1558020000, "longTermInvestments": 26080000, "propertyPlantEquipment": 62910000, "intangibleAssets": 450000, "otherAssets": 155430000, "deferredLongTermAssetCharges": 47630000, "totalAssets": 1802890000, "accountsPayable": 158910000, "otherCurrentLiab": 1020350000, "otherLiab": 10280000, "totalCurrentLiabilities": 1353040000, "totalLiab": 1363320000, "commonStock": 72430000, "retainedEarnings": 367140000, "totalStockholderEquity": 439570000, "netTangibleAssets": 439120000}, {"maxAge": 1, "endDate": "2017-03-31", "cash": 23790000, "shortTermInvestments": 16910000, "netReceivables": 557590000, "inventory": 2820000, "otherCurrentAssets": 368920000, "totalCurrentAssets": 1292820000, "propertyPlantEquipment": 64200000, "intangibleAssets": 180000, "otherAssets": 116660000, "totalAssets": 1473860000, "accountsPayable": 98210000, "otherCurrentLiab": 656600000, "otherLiab": 169440000, "deferredLongTermLiab": 2630000, "totalCurrentLiabilities": 866690000, "totalLiab": 1036130000, "commonStock": 1260000, "retainedEarnings": 365300000, "capitalSurplus": 71170000, "totalStockholderEquity": 437730000, "netTangibleAssets": 437550000}], "maxAge": 86400}, "financialData": {"maxAge": 86400, "currentPrice": 187.4, "recommendationKey": "none", "totalCash": 1322080000, "totalCashPerShare": 12.169, "ebitda": 145740000, "totalDebt": 67600000, "quickRatio": 1.379, "currentRatio": 1.708, "totalRevenue": 1413600000, "debtToEquity": 6.676, "revenuePerShare": 13.011, "returnOnAssets": 0.03314, "returnOnEquity": 0.38991, "grossProfits": 1042870000, "freeCashflow": 234453744, "operatingCashflow": 274609984, "grossMargins": 0.73774004, "ebitdaMargins": 0.1031, "operatingMargins": 0.09995, "profitMargins": 0.23333, "financialCurrency": "INR"}}}