{"EASTSILK.NS": {"assetProfile": {"address1": "19, R. N. Mukherjee Road", "city": "Kolkata", "zip": "700001", "country": "India", "phone": "91 33 2243 0817", "fax": "91 33 2248 2486", "website": "http://www.easternsilk.com", "industry": "Textile Manufacturing", "sector": "Consumer Cyclical", "longBusinessSummary": "Eastern Silk Industries Limited manufactures and sells textile and allied products in India. It provides silk yarns, fabrics and made-ups, home furnishings, scarves, laces, and belts, as well as fashion, handloom, embroidered, and double width fabrics. The company also exports its products to the United States, Europe, Australia, the Middle East, Canada, Japan, New Zealand, Scandinavian, and EFFTA countries. Eastern Silk Industries Limited was incorporated in 1946 and is based in Kolkata, India.", "companyOfficers": [{"maxAge": 1, "name": "Mr. Sundeep  Shah", "age": 57, "title": "Chairman & MD", "yearBorn": 1963, "fiscalYear": 2020, "totalPay": 1717355, "exercisedValue": 0, "unexercisedValue": 0}, {"maxAge": 1, "name": "Ms. Megha  Shah", "age": 33, "title": "Exec. Director", "yearBorn": 1987, "fiscalYear": 2020, "totalPay": 1277409, "exercisedValue": 0, "unexercisedValue": 0}, {"maxAge": 1, "name": "Mr. Varun  Shah", "age": 32, "title": "Pres", "yearBorn": 1988, "exercisedValue": 0, "unexercisedValue": 0}, {"maxAge": 1, "name": "Mr. Prateek  Chhawchharia", "title": "Chief Financial Officer", "exercisedValue": 0, "unexercisedValue": 0}, {"maxAge": 1, "name": "Mr. Mahesh  Jhawar", "title": "Company Sec. & Compliance Officer", "exercisedValue": 0, "unexercisedValue": 0}], "compensationAsOfEpochDate": "2020-12-31 05:30:00", "maxAge": 86400}, "cashflowStatementHistory": {"cashflowStatements": [{"maxAge": 1, "endDate": "2020-03-31", "netIncome": 10528000, "depreciation": 57449000, "changeToNetincome": 103638000, "changeToAccountReceivables": -6076000, "changeToLiabilities": -3159000, "changeToInventory": 122177000, "changeToOperatingActivities": -258432000, "totalCashFromOperatingActivities": 26125000, "capitalExpenditures": -10082000, "otherCashflowsFromInvestingActivities": 1029000, "totalCashflowsFromInvestingActivities": -6864000, "netBorrowings": -19530000, "totalCashFromFinancingActivities": -19530000, "changeInCash": -269000}, {"maxAge": 1, "endDate": "2019-03-31", "netIncome": -96280000, "depreciation": 71790000, "changeToNetincome": -6302000, "changeToAccountReceivables": -63680000, "changeToLiabilities": -6998000, "changeToInventory": 130249000, "changeToOperatingActivities": 24604000, "totalCashFromOperatingActivities": 53383000, "capitalExpenditures": -20387000, "otherCashflowsFromInvestingActivities": 2039000, "totalCashflowsFromInvestingActivities": -17867000, "netBorrowings": -34500000, "totalCashFromFinancingActivities": -34500000, "changeInCash": 1016000}, {"maxAge": 1, "endDate": "2018-03-31", "netIncome": 210348000, "depreciation": 87605000, "changeToNetincome": 273024000, "changeToAccountReceivables": -67361000, "changeToLiabilities": 7951000, "changeToInventory": -3994000, "changeToOperatingActivities": 187406000, "totalCashFromOperatingActivities": 694979000, "capitalExpenditures": -4785000, "otherCashflowsFromInvestingActivities": 2777000, "totalCashflowsFromInvestingActivities": -1620000, "netBorrowings": -721683000, "totalCashFromFinancingActivities": -721683000, "changeInCash": -28324000}, {"maxAge": 1, "endDate": "2017-03-31", "netIncome": 440633000, "depreciation": 106620000, "changeToNetincome": 641621000, "changeToAccountReceivables": 34537000, "changeToLiabilities": 2139000, "changeToInventory": 8657000, "changeToOperatingActivities": 217018000, "totalCashFromOperatingActivities": 1451225000, "capitalExpenditures": -14524000, "otherCashflowsFromInvestingActivities": 1969000, "totalCashflowsFromInvestingActivities": -11818000, "netBorrowings": -1555804000, "totalCashFromFinancingActivities": -1555804000, "changeInCash": -116395000}], "maxAge": 86400}, "institutionOwnership": {"ownershipList": [], "maxAge": 1}, "majorHoldersBreakdown": {"maxAge": 1, "insidersPercentHeld": 0.61806, "institutionsPercentHeld": 0.0, "institutionsFloatPercentHeld": 0.0, "institutionsCount": 0}, "balanceSheetHistoryQuarterly": {"balanceSheetStatements": [{"maxAge": 1, "endDate": "2020-12-31", "totalStockholderEquity": -232678000, "netTangibleAssets": -232678000}, {"maxAge": 1, "endDate": "2020-09-30", "cash": 82775000, "netReceivables": 187519000, "inventory": 404998000, "otherCurrentAssets": 98516000, "totalCurrentAssets": 773808000, "longTermInvestments": 344000, "propertyPlantEquipment": 479266000, "otherAssets": 467763000, "deferredLongTermAssetCharges": 457298000, "totalAssets": 1721181000, "accountsPayable": 57026000, "otherCurrentLiab": 384447000, "longTermDebt": 140000000, "otherLiab": 8000000, "totalCurrentLiabilities": 1805859000, "totalLiab": 1953859000, "commonStock": 157905000, "treasuryStock": -390583000, "otherStockholderEquity": -390583000, "totalStockholderEquity": -232678000, "netTangibleAssets": -232678000}, {"maxAge": 1, "endDate": "2020-06-30", "totalStockholderEquity": -232636000, "netTangibleAssets": -232636000}, {"maxAge": 1, "endDate": "2020-03-31", "cash": 33031000, "shortTermInvestments": 39726000, "netReceivables": 220343000, "inventory": 374625000, "otherCurrentAssets": 89355000, "totalCurrentAssets": 757080000, "longTermInvestments": 259000, "propertyPlantEquipment": 502682000, "otherAssets": 467763000, "deferredLongTermAssetCharges": 457298000, "totalAssets": 1727784000, "accountsPayable": 54038000, "otherCurrentLiab": 390901000, "longTermDebt": 140000000, "otherLiab": 8000000, "totalCurrentLiabilities": 1812420000, "totalLiab": 1960420000, "commonStock": 157905000, "retainedEarnings": -1996978000, "treasuryStock": 463562000, "capitalSurplus": 1142875000, "otherStockholderEquity": 463562000, "totalStockholderEquity": -232636000, "netTangibleAssets": -232636000}], "maxAge": 86400}, "indexTrend": {"maxAge": 1, "symbol": "SP5", "peRatio": 19.7411, "pegRatio": 1.34172, "estimates": [{"period": "0q", "growth": 0.549}, {"period": "+1q", "growth": 0.431}, {"period": "0y", "growth": 0.305}, {"period": "+1y", "growth": 0.109}, {"period": "+5y", "growth": 0.120865}, {"period": "-5y"}]}, "defaultKeyStatistics": {"maxAge": 1, "priceHint": 4, "enterpriseValue": 1597371904, "profitMargins": 0.06342, "floatShares": 27938257, "sharesOutstanding": 78952600, "heldPercentInsiders": 0.61806, "heldPercentInstitutions": 0.0, "beta": 2.102329, "category": null, "bookValue": -2.903, "fundFamily": null, "legalType": null, "lastFiscalYearEnd": "2020-03-31 05:30:00", "nextFiscalYearEnd": "2022-03-31 05:30:00", "mostRecentQuarter": "2020-12-31 05:30:00", "netIncomeToCommon": 52529000, "trailingEps": 0.695, "lastSplitFactor": "5:1", "lastSplitDate": "2008-06-27 05:30:00", "enterpriseToRevenue": 1.928, "enterpriseToEbitda": 16.312}, "summaryProfile": {"address1": "19, R. N. Mukherjee Road", "city": "Kolkata", "zip": "700001", "country": "India", "phone": "91 33 2243 0817", "fax": "91 33 2248 2486", "website": "http://www.easternsilk.com", "industry": "Textile Manufacturing", "sector": "Consumer Cyclical", "longBusinessSummary": "Eastern Silk Industries Limited manufactures and sells textile and allied products in India. It provides silk yarns, fabrics and made-ups, home furnishings, scarves, laces, and belts, as well as fashion, handloom, embroidered, and double width fabrics. The company also exports its products to the United States, Europe, Australia, the Middle East, Canada, Japan, New Zealand, Scandinavian, and EFFTA countries. Eastern Silk Industries Limited was incorporated in 1946 and is based in Kolkata, India.", "companyOfficers": [], "maxAge": 86400}, "netSharePurchaseActivity": {"maxAge": 1, "period": "6m", "buyInfoCount": 0, "buyInfoShares": 0, "sellInfoCount": 0, "netInfoCount": 0, "netInfoShares": 0, "netPercentInsiderShares": 0.0, "totalInsiderShares": 48438952}, "quoteType": {"exchange": "NSI", "quoteType": "EQUITY", "symbol": "EASTSILK.NS", "underlyingSymbol": "EASTSILK.NS", "shortName": "EASTERN SILK IND", "longName": "Eastern Silk Industries Limited", "firstTradeDateEpochUtc": "2002-07-01 09:15:00", "timeZoneFullName": "Asia/Kolkata", "timeZoneShortName": "IST", "uuid": "b05938b1-3be0-32a9-ae54-7bfdb8ec57ac", "gmtOffSetMilliseconds": 19800000, "maxAge": 1}, "incomeStatementHistory": {"incomeStatementHistory": [{"maxAge": 1, "endDate": "2020-03-31", "totalRevenue": 1031751000, "costOfRevenue": 533169000, "grossProfit": 498582000, "researchDevelopment": {}, "sellingGeneralAdministrative": 82711000, "nonRecurring": {}, "otherOperatingExpenses": 383296000, "totalOperatingExpenses": 1056625000, "operatingIncome": -24874000, "totalOtherIncomeExpenseNet": 35407000, "ebit": -24874000, "interestExpense": -11200000, "incomeBeforeTax": 10533000, "incomeTaxExpense": 5000, "minorityInterest": {}, "netIncomeFromContinuingOps": 10528000, "discontinuedOperations": {}, "extraordinaryItems": {}, "effectOfAccountingCharges": {}, "otherItems": {}, "netIncome": 10528000, "netIncomeApplicableToCommonShares": 10528000}, {"maxAge": 1, "endDate": "2019-03-31", "totalRevenue": 652358000, "costOfRevenue": 359057000, "grossProfit": 293301000, "researchDevelopment": {}, "sellingGeneralAdministrative": 79693000, "nonRecurring": {}, "otherOperatingExpenses": 230238000, "totalOperatingExpenses": 740778000, "operatingIncome": -88420000, "totalOtherIncomeExpenseNet": -7741000, "ebit": -88420000, "interestExpense": -11200000, "incomeBeforeTax": -96161000, "incomeTaxExpense": 119000, "minorityInterest": {}, "netIncomeFromContinuingOps": -96280000, "discontinuedOperations": {}, "extraordinaryItems": {}, "effectOfAccountingCharges": {}, "otherItems": {}, "netIncome": -96280000, "netIncomeApplicableToCommonShares": -96280000}, {"maxAge": 1, "endDate": "2018-03-31", "totalRevenue": 514932000, "costOfRevenue": 216747000, "grossProfit": 298185000, "researchDevelopment": {}, "sellingGeneralAdministrative": 85382000, "nonRecurring": {}, "otherOperatingExpenses": 499860000, "totalOperatingExpenses": 889594000, "operatingIncome": -374662000, "totalOtherIncomeExpenseNet": 585013000, "ebit": -374662000, "interestExpense": -11200000, "incomeBeforeTax": 210351000, "incomeTaxExpense": 3000, "minorityInterest": {}, "netIncomeFromContinuingOps": 210348000, "discontinuedOperations": {}, "extraordinaryItems": {}, "effectOfAccountingCharges": {}, "otherItems": {}, "netIncome": 210348000, "netIncomeApplicableToCommonShares": 210348000}, {"maxAge": 1, "endDate": "2017-03-31", "totalRevenue": 634229000, "costOfRevenue": 298213000, "grossProfit": 336016000, "researchDevelopment": {}, "sellingGeneralAdministrative": 90589000, "nonRecurring": {}, "otherOperatingExpenses": 881898000, "totalOperatingExpenses": 1377320000, "operatingIncome": -743091000, "totalOtherIncomeExpenseNet": 1184469000, "ebit": -743091000, "interestExpense": -12035000, "incomeBeforeTax": 441378000, "incomeTaxExpense": 745000, "minorityInterest": {}, "netIncomeFromContinuingOps": 440633000, "discontinuedOperations": {}, "extraordinaryItems": {}, "effectOfAccountingCharges": {}, "otherItems": {}, "netIncome": 440633000, "netIncomeApplicableToCommonShares": 440633000}], "maxAge": 86400}, "fundOwnership": {"ownershipList": [], "maxAge": 1}, "summaryDetail": {"maxAge": 1, "priceHint": 4, "previousClose": 2.7, "open": 2.7, "dayLow": 2.6, "dayHigh": 2.75, "regularMarketPreviousClose": 2.7, "regularMarketOpen": 2.7, "regularMarketDayLow": 2.6, "regularMarketDayHigh": 2.75, "exDividendDate": "2010-09-08 05:30:00", "payoutRatio": 0.0, "beta": 2.102329, "trailingPE": 3.8848922, "volume": 45555, "regularMarketVolume": 45555, "averageVolume": 8472, "averageVolume10days": 8094, "averageDailyVolume10Day": 8094, "bid": 0.0, "ask": 0.0, "bidSize": 0, "askSize": 0, "marketCap": 205276688, "fiftyTwoWeekLow": 0.6, "fiftyTwoWeekHigh": 2.75, "priceToSalesTrailing12Months": 0.24782681, "fiftyDayAverage": 1.6439394, "twoHundredDayAverage": 1.4028777, "currency": "INR", "fromCurrency": null, "lastMarket": null, "algorithm": null, "tradeable": false}, "incomeStatementHistoryQuarterly": {"incomeStatementHistory": [{"maxAge": 1, "endDate": "2020-12-31", "totalRevenue": 339861000, "costOfRevenue": 204920000, "grossProfit": 134941000, "researchDevelopment": {}, "sellingGeneralAdministrative": 8269000, "nonRecurring": {}, "otherOperatingExpenses": 71055000, "totalOperatingExpenses": 295454000, "operatingIncome": 44407000, "totalOtherIncomeExpenseNet": 4184000, "ebit": 44407000, "interestExpense": {}, "incomeBeforeTax": 48591000, "incomeTaxExpense": 0, "minorityInterest": {}, "netIncomeFromContinuingOps": 48591000, "discontinuedOperations": {}, "extraordinaryItems": {}, "effectOfAccountingCharges": {}, "otherItems": {}, "netIncome": 48591000, "netIncomeApplicableToCommonShares": 48591000}, {"maxAge": 1, "endDate": "2020-09-30", "totalRevenue": 230218000, "costOfRevenue": 128552000, "grossProfit": 101666000, "researchDevelopment": {}, "sellingGeneralAdministrative": 18426000, "nonRecurring": {}, "otherOperatingExpenses": 50814000, "totalOperatingExpenses": 208049000, "operatingIncome": 22169000, "totalOtherIncomeExpenseNet": 2681000, "ebit": 22169000, "interestExpense": {}, "incomeBeforeTax": 24850000, "incomeTaxExpense": 0, "minorityInterest": {}, "netIncomeFromContinuingOps": 24850000, "discontinuedOperations": {}, "extraordinaryItems": {}, "effectOfAccountingCharges": {}, "otherItems": {}, "netIncome": 24850000, "netIncomeApplicableToCommonShares": 24850000}, {"maxAge": 1, "endDate": "2020-06-30", "totalRevenue": 58375000, "costOfRevenue": 40289000, "grossProfit": 18086000, "researchDevelopment": {}, "sellingGeneralAdministrative": 4232000, "nonRecurring": {}, "otherOperatingExpenses": 26918000, "totalOperatingExpenses": 85054000, "operatingIncome": -26679000, "totalOtherIncomeExpenseNet": 1874000, "ebit": -26679000, "interestExpense": {}, "incomeBeforeTax": -24805000, "incomeTaxExpense": 6000, "minorityInterest": {}, "netIncomeFromContinuingOps": -24811000, "discontinuedOperations": {}, "extraordinaryItems": {}, "effectOfAccountingCharges": {}, "otherItems": {}, "netIncome": -24811000, "netIncomeApplicableToCommonShares": -24811000}, {"maxAge": 1, "endDate": "2020-03-31", "totalRevenue": 199853000, "costOfRevenue": 72232000, "grossProfit": 127621000, "researchDevelopment": {}, "sellingGeneralAdministrative": 19293000, "nonRecurring": {}, "otherOperatingExpenses": 81944000, "totalOperatingExpenses": 188083000, "operatingIncome": 11770000, "totalOtherIncomeExpenseNet": -7871000, "ebit": 11770000, "interestExpense": -11200000, "incomeBeforeTax": 3899000, "incomeTaxExpense": 0, "minorityInterest": {}, "netIncomeFromContinuingOps": 3899000, "discontinuedOperations": {}, "extraordinaryItems": {}, "effectOfAccountingCharges": {}, "otherItems": {}, "netIncome": 3899000, "netIncomeApplicableToCommonShares": 3899000}], "maxAge": 86400}, "cashflowStatementHistoryQuarterly": {"cashflowStatements": [{"maxAge": 1, "endDate": "2020-12-31", "netIncome": 48591000, "changeToLiabilities": 0}, {"maxAge": 1, "endDate": "2020-09-30", "netIncome": 24850000, "changeToLiabilities": 0}, {"maxAge": 1, "endDate": "2020-06-30", "netIncome": -24811000, "changeToLiabilities": 0}, {"maxAge": 1, "endDate": "2020-03-31", "netIncome": 3899000, "changeToLiabilities": 0}], "maxAge": 86400}, "insiderHolders": {"holders": [], "maxAge": 1}, "calendarEvents": {"maxAge": 1, "earnings": {"earningsDate": []}, "exDividendDate": "2010-09-08 05:30:00"}, "upgradeDowngradeHistory": {"history": [], "maxAge": 86400}, "price": {"maxAge": 1, "regularMarketChangePercent": 0.0, "regularMarketChange": 0.0, "regularMarketTime": "2021-04-30 15:28:05", "priceHint": 4, "regularMarketPrice": 2.7, "regularMarketDayHigh": 2.75, "regularMarketDayLow": 2.6, "regularMarketVolume": 45555, "averageDailyVolume10Day": 8094, "averageDailyVolume3Month": 8472, "regularMarketPreviousClose": 2.7, "regularMarketSource": "FREE_REALTIME", "regularMarketOpen": 2.7, "exchange": "NSI", "exchangeName": "NSE", "exchangeDataDelayedBy": 15, "marketState": "CLOSED", "quoteType": "EQUITY", "symbol": "EASTSILK.NS", "underlyingSymbol": null, "shortName": "EASTERN SILK IND", "longName": "Eastern Silk Industries Limited", "currency": "INR", "quoteSourceName": "Delayed Quote", "currencySymbol": "\u20b9", "fromCurrency": null, "lastMarket": null, "marketCap": 205276688}, "balanceSheetHistory": {"balanceSheetStatements": [{"maxAge": 1, "endDate": "2020-03-31", "cash": 33031000, "shortTermInvestments": 39726000, "netReceivables": 220343000, "inventory": 374625000, "otherCurrentAssets": 89355000, "totalCurrentAssets": 757080000, "longTermInvestments": 259000, "propertyPlantEquipment": 502682000, "otherAssets": 467763000, "deferredLongTermAssetCharges": 457298000, "totalAssets": 1727784000, "accountsPayable": 54038000, "otherCurrentLiab": 390901000, "longTermDebt": 140000000, "otherLiab": 8000000, "totalCurrentLiabilities": 1812420000, "totalLiab": 1960420000, "commonStock": 157905000, "retainedEarnings": -1996978000, "treasuryStock": 463562000, "capitalSurplus": 1142875000, "otherStockholderEquity": 463562000, "totalStockholderEquity": -232636000, "netTangibleAssets": -232636000}, {"maxAge": 1, "endDate": "2019-03-31", "cash": 33300000, "shortTermInvestments": 39676000, "netReceivables": 320815000, "inventory": 496802000, "otherCurrentAssets": 101181000, "totalCurrentAssets": 991774000, "longTermInvestments": 281000, "propertyPlantEquipment": 552646000, "otherAssets": 472848000, "deferredLongTermAssetCharges": 457298000, "totalAssets": 2017549000, "accountsPayable": 57197000, "otherCurrentLiab": 676822000, "longTermDebt": 140000000, "otherLiab": 6345000, "totalCurrentLiabilities": 2109265000, "totalLiab": 2255610000, "commonStock": 157905000, "retainedEarnings": -2007506000, "treasuryStock": 468665000, "capitalSurplus": 1142875000, "otherStockholderEquity": 468665000, "totalStockholderEquity": -238061000, "netTangibleAssets": -238061000}, {"maxAge": 1, "endDate": "2018-03-31", "cash": 32284000, "shortTermInvestments": 39651000, "netReceivables": 252027000, "inventory": 627051000, "otherCurrentAssets": 85594000, "totalCurrentAssets": 1036607000, "longTermInvestments": 207000, "propertyPlantEquipment": 605651000, "otherAssets": 469945000, "deferredLongTermAssetCharges": 457298000, "totalAssets": 2112410000, "accountsPayable": 64195000, "otherCurrentLiab": 635031000, "longTermDebt": 140000000, "otherLiab": 3360000, "totalCurrentLiabilities": 2110388000, "totalLiab": 2253748000, "commonStock": 157905000, "retainedEarnings": -1911226000, "treasuryStock": 469108000, "capitalSurplus": 1142875000, "otherStockholderEquity": 469108000, "totalStockholderEquity": -141338000, "netTangibleAssets": -141338000}, {"maxAge": 1, "endDate": "2017-03-31", "cash": 60607000, "shortTermInvestments": 94413000, "netReceivables": 459803000, "inventory": 623057000, "otherCurrentAssets": 69474000, "totalCurrentAssets": 1307354000, "longTermInvestments": 181000, "propertyPlantEquipment": 689099000, "otherAssets": 465456000, "deferredLongTermAssetCharges": 457298000, "totalAssets": 2462090000, "accountsPayable": 56244000, "otherCurrentLiab": 486426000, "longTermDebt": 140000000, "otherLiab": 3911000, "totalCurrentLiabilities": 2671771000, "totalLiab": 2815682000, "commonStock": 157905000, "retainedEarnings": -2121574000, "treasuryStock": 467202000, "capitalSurplus": 1142875000, "otherStockholderEquity": 467202000, "totalStockholderEquity": -353592000, "netTangibleAssets": -353592000}], "maxAge": 86400}, "financialData": {"maxAge": 86400, "currentPrice": 2.7, "recommendationKey": "none", "totalCash": 82775000, "totalCashPerShare": 1.056, "ebitda": 97924496, "totalDebt": 1468541056, "totalRevenue": 828307008, "revenuePerShare": 10.952, "grossProfits": 498582000, "revenueGrowth": -0.285, "grossMargins": 0.46155998, "ebitdaMargins": 0.118219994, "operatingMargins": 0.06238, "profitMargins": 0.06342, "financialCurrency": "INR"}}}