{"EASTSILK.BO": {"recommendationTrend": {"trend": [{"period": "0m", "strongBuy": 0, "buy": 0, "hold": 0, "sell": 0, "strongSell": 0}, {"period": "-1m", "strongBuy": 0, "buy": 0, "hold": 0, "sell": 0, "strongSell": 0}, {"period": "-2m", "strongBuy": 0, "buy": 0, "hold": 0, "sell": 0, "strongSell": 0}, {"period": "-3m", "strongBuy": 0, "buy": 0, "hold": 0, "sell": 0, "strongSell": 0}], "maxAge": 86400}, "cashflowStatementHistory": {"cashflowStatements": [{"maxAge": 1, "endDate": "2020-03-31", "netIncome": 10528000, "depreciation": 57449000, "changeToNetincome": 103638000, "changeToAccountReceivables": -6076000, "changeToLiabilities": -3159000, "changeToInventory": 122177000, "changeToOperatingActivities": -258432000, "totalCashFromOperatingActivities": 26125000, "capitalExpenditures": -10082000, "otherCashflowsFromInvestingActivities": 1029000, "totalCashflowsFromInvestingActivities": -6864000, "netBorrowings": -19530000, "totalCashFromFinancingActivities": -19530000, "changeInCash": -269000}, {"maxAge": 1, "endDate": "2019-03-31", "netIncome": -96280000, "depreciation": 71790000, "changeToNetincome": -6302000, "changeToAccountReceivables": -63680000, "changeToLiabilities": -6998000, "changeToInventory": 130249000, "changeToOperatingActivities": 24604000, "totalCashFromOperatingActivities": 53383000, "capitalExpenditures": -20387000, "otherCashflowsFromInvestingActivities": 2039000, "totalCashflowsFromInvestingActivities": -17867000, "netBorrowings": -34500000, "totalCashFromFinancingActivities": -34500000, "changeInCash": 1016000}, {"maxAge": 1, "endDate": "2018-03-31", "netIncome": 210348000, "depreciation": 87605000, "changeToNetincome": 273024000, "changeToAccountReceivables": -67361000, "changeToLiabilities": 7951000, "changeToInventory": -3994000, "changeToOperatingActivities": 187406000, "totalCashFromOperatingActivities": 694979000, "capitalExpenditures": -4785000, "otherCashflowsFromInvestingActivities": 2777000, "totalCashflowsFromInvestingActivities": -1620000, "netBorrowings": -721683000, "totalCashFromFinancingActivities": -721683000, "changeInCash": -28324000}, {"maxAge": 1, "endDate": "2017-03-31", "netIncome": 440633000, "depreciation": 106620000, "changeToNetincome": 641621000, "changeToAccountReceivables": 34537000, "changeToLiabilities": 2139000, "changeToInventory": 8657000, "changeToOperatingActivities": 217018000, "totalCashFromOperatingActivities": 1451225000, "capitalExpenditures": -14524000, "otherCashflowsFromInvestingActivities": 1969000, "totalCashflowsFromInvestingActivities": -11818000, "netBorrowings": -1555804000, "totalCashFromFinancingActivities": -1555804000, "changeInCash": -116395000}], "maxAge": 86400}, "institutionOwnership": {"maxAge": 1, "ownershipList": []}, "balanceSheetHistoryQuarterly": {"balanceSheetStatements": [{"maxAge": 1, "endDate": "2020-06-30", "totalStockholderEquity": -232636000, "netTangibleAssets": -232636000}, {"maxAge": 1, "endDate": "2020-03-31", "cash": 33031000, "shortTermInvestments": 39726000, "netReceivables": 220343000, "inventory": 374625000, "otherCurrentAssets": 89355000, "totalCurrentAssets": 757080000, "longTermInvestments": 259000, "propertyPlantEquipment": 502682000, "otherAssets": 467763000, "deferredLongTermAssetCharges": 457298000, "totalAssets": 1727784000, "accountsPayable": 54038000, "otherCurrentLiab": 390901000, "longTermDebt": 140000000, "otherLiab": 8000000, "totalCurrentLiabilities": 1812420000, "totalLiab": 1960420000, "commonStock": 157905000, "retainedEarnings": -1996978000, "treasuryStock": 463562000, "capitalSurplus": 1142875000, "otherStockholderEquity": 463562000, "totalStockholderEquity": -232636000, "netTangibleAssets": -232636000}, {"maxAge": 1, "endDate": "2019-12-31", "totalStockholderEquity": -221581000, "netTangibleAssets": -221581000}, {"maxAge": 1, "endDate": "2019-09-30", "cash": 81270000, "netReceivables": 361803000, "inventory": 484466000, "otherCurrentAssets": 141786000, "totalCurrentAssets": 1069325000, "longTermInvestments": 294000, "propertyPlantEquipment": 530999000, "otherAssets": 465779000, "deferredLongTermAssetCharges": 457298000, "totalAssets": 2066397000, "accountsPayable": 78276000, "otherCurrentLiab": 704813000, "longTermDebt": 140000000, "otherLiab": 6345000, "totalCurrentLiabilities": 2141633000, "totalLiab": 2287978000, "commonStock": 157905000, "treasuryStock": -379486000, "otherStockholderEquity": -379486000, "totalStockholderEquity": -221581000, "netTangibleAssets": -221581000}], "maxAge": 86400}, "earningsHistory": {"history": [{"maxAge": 1, "epsActual": {}, "epsEstimate": {}, "epsDifference": {}, "surprisePercent": {}, "quarter": {}, "period": "-4q"}, {"maxAge": 1, "epsActual": {}, "epsEstimate": {}, "epsDifference": {}, "surprisePercent": {}, "quarter": {}, "period": "-3q"}, {"maxAge": 1, "epsActual": {}, "epsEstimate": {}, "epsDifference": {}, "surprisePercent": {}, "quarter": {}, "period": "-2q"}, {"maxAge": 1, "epsActual": {}, "epsEstimate": {}, "epsDifference": {}, "surprisePercent": {}, "quarter": {}, "period": "-1q"}], "maxAge": 86400}, "indexTrend": {"maxAge": 1, "symbol": "SP5", "peRatio": 19.7411, "pegRatio": 1.34172, "estimates": [{"period": "0q", "growth": 0.549}, {"period": "+1q", "growth": 0.431}, {"period": "0y", "growth": 0.305}, {"period": "+1y", "growth": 0.109}, {"period": "+5y", "growth": 0.120865}, {"period": "-5y"}]}, "industryTrend": {"maxAge": 1, "symbol": null, "estimates": []}, "quoteType": {"exchange": "BSE", "quoteType": "EQUITY", "symbol": "EASTSILK.BO", "underlyingSymbol": "EASTSILK.BO", "shortName": "EASTERN SILK INDUSTRIES LTD.", "longName": "Eastern Silk Industries Limited", "firstTradeDateEpochUtc": "2000-01-03 09:15:00", "timeZoneFullName": "Asia/Kolkata", "timeZoneShortName": "IST", "uuid": "e8b5c72c-4f9c-37f3-85a1-7ad71c1c05bc", "messageBoardId": null, "gmtOffSetMilliseconds": 19800000, "maxAge": 1}, "incomeStatementHistory": {"incomeStatementHistory": [{"maxAge": 1, "endDate": "2020-03-31", "totalRevenue": 1031751000, "costOfRevenue": 533169000, "grossProfit": 498582000, "researchDevelopment": {}, "sellingGeneralAdministrative": 82711000, "nonRecurring": {}, "otherOperatingExpenses": 383296000, "totalOperatingExpenses": 1056625000, "operatingIncome": -24874000, "totalOtherIncomeExpenseNet": 35407000, "ebit": -24874000, "interestExpense": -11200000, "incomeBeforeTax": 10533000, "incomeTaxExpense": 5000, "minorityInterest": {}, "netIncomeFromContinuingOps": 10528000, "discontinuedOperations": {}, "extraordinaryItems": {}, "effectOfAccountingCharges": {}, "otherItems": {}, "netIncome": 10528000, "netIncomeApplicableToCommonShares": 10528000}, {"maxAge": 1, "endDate": "2019-03-31", "totalRevenue": 652358000, "costOfRevenue": 359057000, "grossProfit": 293301000, "researchDevelopment": {}, "sellingGeneralAdministrative": 79693000, "nonRecurring": {}, "otherOperatingExpenses": 230238000, "totalOperatingExpenses": 740778000, "operatingIncome": -88420000, "totalOtherIncomeExpenseNet": -7741000, "ebit": -88420000, "interestExpense": -11200000, "incomeBeforeTax": -96161000, "incomeTaxExpense": 119000, "minorityInterest": {}, "netIncomeFromContinuingOps": -96280000, "discontinuedOperations": {}, "extraordinaryItems": {}, "effectOfAccountingCharges": {}, "otherItems": {}, "netIncome": -96280000, "netIncomeApplicableToCommonShares": -96280000}, {"maxAge": 1, "endDate": "2018-03-31", "totalRevenue": 514932000, "costOfRevenue": 216747000, "grossProfit": 298185000, "researchDevelopment": {}, "sellingGeneralAdministrative": 85382000, "nonRecurring": {}, "otherOperatingExpenses": 499860000, "totalOperatingExpenses": 889594000, "operatingIncome": -374662000, "totalOtherIncomeExpenseNet": 585013000, "ebit": -374662000, "interestExpense": -11200000, "incomeBeforeTax": 210351000, "incomeTaxExpense": 3000, "minorityInterest": {}, "netIncomeFromContinuingOps": 210348000, "discontinuedOperations": {}, "extraordinaryItems": {}, "effectOfAccountingCharges": {}, "otherItems": {}, "netIncome": 210348000, "netIncomeApplicableToCommonShares": 210348000}, {"maxAge": 1, "endDate": "2017-03-31", "totalRevenue": 634229000, "costOfRevenue": 298213000, "grossProfit": 336016000, "researchDevelopment": {}, "sellingGeneralAdministrative": 90589000, "nonRecurring": {}, "otherOperatingExpenses": 881898000, "totalOperatingExpenses": 1377320000, "operatingIncome": -743091000, "totalOtherIncomeExpenseNet": 1184469000, "ebit": -743091000, "interestExpense": -12035000, "incomeBeforeTax": 441378000, "incomeTaxExpense": 745000, "minorityInterest": {}, "netIncomeFromContinuingOps": 440633000, "discontinuedOperations": {}, "extraordinaryItems": {}, "effectOfAccountingCharges": {}, "otherItems": {}, "netIncome": 440633000, "netIncomeApplicableToCommonShares": 440633000}], "maxAge": 86400}, "fundOwnership": {"maxAge": 1, "ownershipList": []}, "summaryDetail": {"maxAge": 1, "priceHint": 4, "previousClose": 2.6, "open": 2.5, "dayLow": 2.5, "dayHigh": 2.73, "regularMarketPreviousClose": 2.6, "regularMarketOpen": 2.5, "regularMarketDayLow": 2.5, "regularMarketDayHigh": 2.73, "volume": 18031, "regularMarketVolume": 18031, "averageVolume": 15408, "averageVolume10days": 0, "averageDailyVolume10Day": 0, "bid": 2.63, "ask": 2.72, "marketCap": 207645344, "fiftyTwoWeekLow": 0.56, "fiftyTwoWeekHigh": 2.73, "fiftyDayAverage": 1.7988235, "twoHundredDayAverage": 1.3132353, "currency": "INR", "fromCurrency": null, "toCurrency": null, "lastMarket": null, "algorithm": null, "tradeable": false}, "sectorTrend": {"maxAge": 1, "symbol": null, "estimates": []}, "incomeStatementHistoryQuarterly": {"incomeStatementHistory": [{"maxAge": 1, "endDate": "2020-06-30", "totalRevenue": 58375000, "costOfRevenue": 40289000, "grossProfit": 18086000, "researchDevelopment": {}, "sellingGeneralAdministrative": 4232000, "nonRecurring": {}, "otherOperatingExpenses": 26918000, "totalOperatingExpenses": 85054000, "operatingIncome": -26679000, "totalOtherIncomeExpenseNet": 1874000, "ebit": -26679000, "interestExpense": {}, "incomeBeforeTax": -24805000, "incomeTaxExpense": 6000, "minorityInterest": {}, "netIncomeFromContinuingOps": -24811000, "discontinuedOperations": {}, "extraordinaryItems": {}, "effectOfAccountingCharges": {}, "otherItems": {}, "netIncome": -24811000, "netIncomeApplicableToCommonShares": -24811000}, {"maxAge": 1, "endDate": "2020-03-31", "totalRevenue": 199853000, "costOfRevenue": 72232000, "grossProfit": 127621000, "researchDevelopment": {}, "sellingGeneralAdministrative": 19293000, "nonRecurring": {}, "otherOperatingExpenses": 81944000, "totalOperatingExpenses": 188083000, "operatingIncome": 11770000, "totalOtherIncomeExpenseNet": -7871000, "ebit": 11770000, "interestExpense": -11200000, "incomeBeforeTax": 3899000, "incomeTaxExpense": 0, "minorityInterest": {}, "netIncomeFromContinuingOps": 3899000, "discontinuedOperations": {}, "extraordinaryItems": {}, "effectOfAccountingCharges": {}, "otherItems": {}, "netIncome": 3899000, "netIncomeApplicableToCommonShares": 3899000}, {"maxAge": 1, "endDate": "2019-12-31", "totalRevenue": 475642000, "costOfRevenue": 252277000, "grossProfit": 223365000, "researchDevelopment": {}, "sellingGeneralAdministrative": 32763000, "nonRecurring": {}, "otherOperatingExpenses": 188052000, "totalOperatingExpenses": 487351000, "operatingIncome": -11709000, "totalOtherIncomeExpenseNet": 1877000, "ebit": -11709000, "interestExpense": -11200000, "incomeBeforeTax": -9832000, "incomeTaxExpense": 5000, "minorityInterest": {}, "netIncomeFromContinuingOps": -9837000, "discontinuedOperations": {}, "extraordinaryItems": {}, "effectOfAccountingCharges": {}, "otherItems": {}, "netIncome": -9837000, "netIncomeApplicableToCommonShares": -9837000}, {"maxAge": 1, "endDate": "2019-09-30", "totalRevenue": 196934000, "costOfRevenue": 121461000, "grossProfit": 75473000, "researchDevelopment": {}, "sellingGeneralAdministrative": 13806000, "nonRecurring": {}, "otherOperatingExpenses": 60244000, "totalOperatingExpenses": 209603000, "operatingIncome": -12669000, "totalOtherIncomeExpenseNet": 39583000, "ebit": -12669000, "interestExpense": -11200000, "incomeBeforeTax": 26914000, "incomeTaxExpense": 0, "minorityInterest": {}, "netIncomeFromContinuingOps": 26914000, "discontinuedOperations": {}, "extraordinaryItems": {}, "effectOfAccountingCharges": {}, "otherItems": {}, "netIncome": 26914000, "netIncomeApplicableToCommonShares": 26914000}], "maxAge": 86400}, "cashflowStatementHistoryQuarterly": {"cashflowStatements": [{"maxAge": 1, "endDate": "2020-06-30", "netIncome": -24811000, "changeToLiabilities": 0}, {"maxAge": 1, "endDate": "2020-03-31", "netIncome": 3899000, "changeToLiabilities": 0}, {"maxAge": 1, "endDate": "2019-12-31", "netIncome": -9837000, "changeToLiabilities": 0}, {"maxAge": 1, "endDate": "2019-09-30", "netIncome": 26914000, "changeToLiabilities": 0}], "maxAge": 86400}, "insiderHolders": {"holders": [], "maxAge": 1}, "earnings": {"maxAge": 86400, "earningsChart": {"quarterly": [], "earningsDate": []}, "financialsChart": {"yearly": [{"date": 2017, "revenue": 634229000, "earnings": 440633000}, {"date": 2018, "revenue": 514932000, "earnings": 210348000}, {"date": 2019, "revenue": 652358000, "earnings": -96280000}, {"date": 2020, "revenue": 1031751000, "earnings": 10528000}], "quarterly": [{"date": "3Q2019", "revenue": 196934000, "earnings": 26914000}, {"date": "4Q2019", "revenue": 475642000, "earnings": -9837000}, {"date": "1Q2020", "revenue": 199853000, "earnings": 3899000}, {"date": "2Q2020", "revenue": 58375000, "earnings": -24811000}]}, "financialCurrency": "INR"}, "calendarEvents": {"maxAge": 1, "earnings": {"earningsDate": []}}, "price": {"maxAge": 1, "regularMarketChangePercent": 0.011538543, "regularMarketChange": 0.03000021, "regularMarketTime": "2021-04-30 15:04:58", "priceHint": 4, "regularMarketPrice": 2.63, "regularMarketDayHigh": 2.73, "regularMarketDayLow": 2.5, "regularMarketVolume": 18031, "averageDailyVolume10Day": 0, "averageDailyVolume3Month": 15408, "regularMarketPreviousClose": 2.6, "regularMarketSource": "FREE_REALTIME", "regularMarketOpen": 2.5, "exchange": "BSE", "exchangeName": "BSE", "exchangeDataDelayedBy": 0, "marketState": "CLOSED", "quoteType": "EQUITY", "symbol": "EASTSILK.BO", "underlyingSymbol": null, "shortName": "EASTERN SILK INDUSTRIES LTD.", "longName": "Eastern Silk Industries Limited", "currency": "INR", "quoteSourceName": "Delayed Quote", "currencySymbol": "\u20b9", "fromCurrency": null, "toCurrency": null, "lastMarket": null, "marketCap": 207645344}, "balanceSheetHistory": {"balanceSheetStatements": [{"maxAge": 1, "endDate": "2020-03-31", "cash": 33031000, "shortTermInvestments": 39726000, "netReceivables": 220343000, "inventory": 374625000, "otherCurrentAssets": 89355000, "totalCurrentAssets": 757080000, "longTermInvestments": 259000, "propertyPlantEquipment": 502682000, "otherAssets": 467763000, "deferredLongTermAssetCharges": 457298000, "totalAssets": 1727784000, "accountsPayable": 54038000, "otherCurrentLiab": 390901000, "longTermDebt": 140000000, "otherLiab": 8000000, "totalCurrentLiabilities": 1812420000, "totalLiab": 1960420000, "commonStock": 157905000, "retainedEarnings": -1996978000, "treasuryStock": 463562000, "capitalSurplus": 1142875000, "otherStockholderEquity": 463562000, "totalStockholderEquity": -232636000, "netTangibleAssets": -232636000}, {"maxAge": 1, "endDate": "2019-03-31", "cash": 33300000, "shortTermInvestments": 39676000, "netReceivables": 320815000, "inventory": 496802000, "otherCurrentAssets": 101181000, "totalCurrentAssets": 991774000, "longTermInvestments": 281000, "propertyPlantEquipment": 552646000, "otherAssets": 472848000, "deferredLongTermAssetCharges": 457298000, "totalAssets": 2017549000, "accountsPayable": 57197000, "otherCurrentLiab": 676822000, "longTermDebt": 140000000, "otherLiab": 6345000, "totalCurrentLiabilities": 2109265000, "totalLiab": 2255610000, "commonStock": 157905000, "retainedEarnings": -2007506000, "treasuryStock": 468665000, "capitalSurplus": 1142875000, "otherStockholderEquity": 468665000, "totalStockholderEquity": -238061000, "netTangibleAssets": -238061000}, {"maxAge": 1, "endDate": "2018-03-31", "cash": 32284000, "shortTermInvestments": 39651000, "netReceivables": 252027000, "inventory": 627051000, "otherCurrentAssets": 85594000, "totalCurrentAssets": 1036607000, "longTermInvestments": 207000, "propertyPlantEquipment": 605651000, "otherAssets": 469945000, "deferredLongTermAssetCharges": 457298000, "totalAssets": 2112410000, "accountsPayable": 64195000, "otherCurrentLiab": 635031000, "longTermDebt": 140000000, "otherLiab": 3360000, "totalCurrentLiabilities": 2110388000, "totalLiab": 2253748000, "commonStock": 157905000, "retainedEarnings": -1911226000, "treasuryStock": 469108000, "capitalSurplus": 1142875000, "otherStockholderEquity": 469108000, "totalStockholderEquity": -141338000, "netTangibleAssets": -141338000}, {"maxAge": 1, "endDate": "2017-03-31", "cash": 60607000, "shortTermInvestments": 94413000, "netReceivables": 459803000, "inventory": 623057000, "otherCurrentAssets": 69474000, "totalCurrentAssets": 1307354000, "longTermInvestments": 181000, "propertyPlantEquipment": 689099000, "otherAssets": 465456000, "deferredLongTermAssetCharges": 457298000, "totalAssets": 2462090000, "accountsPayable": 56244000, "otherCurrentLiab": 486426000, "longTermDebt": 140000000, "otherLiab": 3911000, "totalCurrentLiabilities": 2671771000, "totalLiab": 2815682000, "commonStock": 157905000, "retainedEarnings": -2121574000, "treasuryStock": 467202000, "capitalSurplus": 1142875000, "otherStockholderEquity": 467202000, "totalStockholderEquity": -353592000, "netTangibleAssets": -353592000}], "maxAge": 86400}, "earningsTrend": {"trend": [{"maxAge": 1, "period": "0q", "endDate": null, "growth": {}, "earningsEstimate": {"avg": 0.0, "low": 0.0, "high": 0.0, "yearAgoEps": {}, "numberOfAnalysts": 0, "growth": {}}, "revenueEstimate": {"avg": 0, "low": 0, "high": 0, "numberOfAnalysts": 0, "yearAgoRevenue": {}, "growth": {}}, "epsTrend": {"current": 0.0, "7daysAgo": 0.0, "30daysAgo": 0.0, "60daysAgo": 0.0, "90daysAgo": 0.0}, "epsRevisions": {"upLast7days": 0, "upLast30days": 0, "downLast30days": 0, "downLast90days": {}}}, {"maxAge": 1, "period": "+1q", "endDate": null, "growth": {}, "earningsEstimate": {"avg": 0.0, "low": 0.0, "high": 0.0, "yearAgoEps": {}, "numberOfAnalysts": 0, "growth": {}}, "revenueEstimate": {"avg": 0, "low": 0, "high": 0, "numberOfAnalysts": 0, "yearAgoRevenue": {}, "growth": {}}, "epsTrend": {"current": 0.0, "7daysAgo": 0.0, "30daysAgo": 0.0, "60daysAgo": 0.0, "90daysAgo": 0.0}, "epsRevisions": {"upLast7days": 0, "upLast30days": 0, "downLast30days": 0, "downLast90days": {}}}, {"maxAge": 1, "period": "0y", "endDate": null, "growth": {}, "earningsEstimate": {"avg": 0.0, "low": 0.0, "high": 0.0, "yearAgoEps": {}, "numberOfAnalysts": 0, "growth": {}}, "revenueEstimate": {"avg": 0, "low": 0, "high": 0, "numberOfAnalysts": 0, "yearAgoRevenue": {}, "growth": {}}, "epsTrend": {"current": 0.0, "7daysAgo": 0.0, "30daysAgo": 0.0, "60daysAgo": 0.0, "90daysAgo": 0.0}, "epsRevisions": {"upLast7days": 0, "upLast30days": 0, "downLast30days": 0, "downLast90days": {}}}, {"maxAge": 1, "period": "+1y", "endDate": null, "growth": {}, "earningsEstimate": {"avg": 0.0, "low": 0.0, "high": 0.0, "yearAgoEps": {}, "numberOfAnalysts": 0, "growth": {}}, "revenueEstimate": {"avg": 0, "low": 0, "high": 0, "numberOfAnalysts": 0, "yearAgoRevenue": {}, "growth": {}}, "epsTrend": {"current": 0.0, "7daysAgo": 0.0, "30daysAgo": 0.0, "60daysAgo": 0.0, "90daysAgo": 0.0}, "epsRevisions": {"upLast7days": 0, "upLast30days": 0, "downLast30days": 0, "downLast90days": {}}}, {"maxAge": 1, "period": "+5y", "endDate": null, "growth": {}, "earningsEstimate": {"avg": {}, "low": {}, "high": {}, "yearAgoEps": {}, "numberOfAnalysts": {}, "growth": {}}, "revenueEstimate": {"avg": {}, "low": {}, "high": {}, "numberOfAnalysts": {}, "yearAgoRevenue": {}, "growth": {}}, "epsTrend": {"current": {}, "7daysAgo": {}, "30daysAgo": {}, "60daysAgo": {}, "90daysAgo": {}}, "epsRevisions": {"upLast7days": {}, "upLast30days": {}, "downLast30days": {}, "downLast90days": {}}}, {"maxAge": 1, "period": "-5y", "endDate": null, "growth": {}, "earningsEstimate": {"avg": {}, "low": {}, "high": {}, "yearAgoEps": {}, "numberOfAnalysts": {}, "growth": {}}, "revenueEstimate": {"avg": {}, "low": {}, "high": {}, "numberOfAnalysts": {}, "yearAgoRevenue": {}, "growth": {}}, "epsTrend": {"current": {}, "7daysAgo": {}, "30daysAgo": {}, "60daysAgo": {}, "90daysAgo": {}}, "epsRevisions": {"upLast7days": {}, "upLast30days": {}, "downLast30days": {}, "downLast90days": {}}}], "maxAge": 1}, "financialData": {"maxAge": 86400, "currentPrice": 2.63, "recommendationKey": "none", "grossProfits": 498582000, "financialCurrency": "INR"}}}