{"EASUNREYRL.NS": {"assetProfile": {"address1": "No. 98, Sipcot Industrial Complex", "city": "Hosur", "zip": "635126", "country": "India", "phone": "91 43 4440 1600", "fax": "91 43 4427 6397", "website": "http://www.easunreyrolle.com", "industry": "Specialty Industrial Machinery", "sector": "Industrials", "longBusinessSummary": "Easun Reyrolle Limited, together with its subsidiaries, provides a range of power transmission and distribution products, systems, solutions, and services in India and internationally. The company offers protection, control, and automation products, including protective relays, control and protection systems, automation products, power system recorders, phaser measurement units, wide area monitoring solutions, substation automation systems for EHV/HV/MV substations, network management products, and power distribution automation products for industries. It also provides measurement and metering solutions, such as GPRS modems, data concentrator units, device management and data acquisition systems, and meter data management systems; and medium voltage switchgears comprising air and solid insulated vacuum switchgear, ring main units, and cycloalipathic CTs and PTs, as well as MV vacuum contacting and MV switchgear retrofitting services. In addition, the company undertakes turnkey substation projects consisting of green field substation, substations augmentation and modernization, transmission line, and rural electrification projects. It serves utilities, public sector companies, power generation companies, state transmission utilities, and DISCOMS, as well as various industries, such as petrochemicals, metals, paper, chemicals, cement, automotive, pharma, etc. Easun Reyrolle Limited was incorporated in 1974 and is based in Hosur, India.", "companyOfficers": [{"maxAge": 1, "name": "Mr. Raj Hari Eswaran", "age": 51, "title": "MD & Exec. Director", "yearBorn": 1969, "fiscalYear": 2019, "totalPay": 4800000, "exercisedValue": 0, "unexercisedValue": 0}, {"maxAge": 1, "name": "Mr. A.  Kamatchinathan", "title": "Chief Financial Officer", "fiscalYear": 2019, "totalPay": 0, "exercisedValue": 0, "unexercisedValue": 0}, {"maxAge": 1, "name": "Mr. P. S. Srinivasaraghavan", "title": "Company Sec. & Compliance Officer", "fiscalYear": 2019, "totalPay": 0, "exercisedValue": 0, "unexercisedValue": 0}, {"maxAge": 1, "name": "Mr. S.  Ravichander", "title": "Exec. VP and Member of Exec. Management Board", "fiscalYear": 2011, "exercisedValue": 0, "unexercisedValue": 0}, {"maxAge": 1, "name": "Mr. Premnath  Gopalakrishnan", "title": "Pres of Power Products, Automation & Smart Grid and Member of Exec. Management Board", "fiscalYear": 2011, "exercisedValue": 0, "unexercisedValue": 0}], "compensationAsOfEpochDate": "2019-12-31 05:30:00", "maxAge": 86400}, "cashflowStatementHistory": {"cashflowStatements": [{"maxAge": 1, "endDate": "2019-03-31", "netIncome": -102678000, "depreciation": 49286000, "changeToNetincome": 102374000, "changeToAccountReceivables": 85208000, "changeToLiabilities": -128553000, "changeToInventory": -14486000, "changeToOperatingActivities": -32717000, "totalCashFromOperatingActivities": 97635000, "capitalExpenditures": -125699000, "otherCashflowsFromInvestingActivities": 5048000, "totalCashflowsFromInvestingActivities": -120228000, "netBorrowings": -27908000, "totalCashFromFinancingActivities": -27908000, "changeInCash": -50501000}, {"maxAge": 1, "endDate": "2018-03-31", "netIncome": -156003000, "depreciation": 53315000, "changeToNetincome": -57744000, "changeToAccountReceivables": -36737000, "changeToLiabilities": -177983000, "changeToInventory": 27008000, "changeToOperatingActivities": 116625000, "totalCashFromOperatingActivities": -116638000, "capitalExpenditures": -74759000, "investments": -41099000, "otherCashflowsFromInvestingActivities": 14682000, "totalCashflowsFromInvestingActivities": -101176000, "netBorrowings": 304803000, "otherCashflowsFromFinancingActivities": -24011000, "totalCashFromFinancingActivities": 280792000, "changeInCash": 62978000}, {"maxAge": 1, "endDate": "2017-03-31", "netIncome": -210392000, "depreciation": 57034000, "changeToNetincome": 209671000, "changeToAccountReceivables": 344203000, "changeToLiabilities": -499567000, "changeToInventory": 7408000, "changeToOperatingActivities": -266979000, "totalCashFromOperatingActivities": -358035000, "capitalExpenditures": -108384000, "investments": 32314000, "otherCashflowsFromInvestingActivities": 1406000, "totalCashflowsFromInvestingActivities": -74664000, "netBorrowings": 556260000, "otherCashflowsFromFinancingActivities": -132966000, "totalCashFromFinancingActivities": 423294000, "changeInCash": -9405000}, {"maxAge": 1, "endDate": "2016-03-31", "netIncome": -483922000, "depreciation": 194242000, "changeToNetincome": 739957000, "changeToAccountReceivables": 417572000, "changeToLiabilities": -718302000, "changeToInventory": 7659000, "changeToOperatingActivities": -285645000, "totalCashFromOperatingActivities": -128439000, "capitalExpenditures": -7768000, "investments": 32314000, "otherCashflowsFromInvestingActivities": 126174000, "totalCashflowsFromInvestingActivities": 100892000, "netBorrowings": 293374000, "otherCashflowsFromFinancingActivities": -271094000, "totalCashFromFinancingActivities": 22280000, "changeInCash": -5267000}], "maxAge": 86400}, "institutionOwnership": {"ownershipList": [], "maxAge": 1}, "majorHoldersBreakdown": {"maxAge": 1, "insidersPercentHeld": 0.43042, "institutionsPercentHeld": 0.04871, "institutionsFloatPercentHeld": 0.08552, "institutionsCount": 1}, "balanceSheetHistoryQuarterly": {"balanceSheetStatements": [{"maxAge": 1, "endDate": "2016-03-31", "cash": 63187000, "shortTermInvestments": 3906000, "netReceivables": 2764774000, "inventory": 634353000, "otherCurrentAssets": 126266000, "totalCurrentAssets": 3593402000, "propertyPlantEquipment": 1002555000, "goodWill": 230892000, "intangibleAssets": 630921000, "otherAssets": 291805000, "totalAssets": 5749575000, "accountsPayable": 1319341000, "shortLongTermDebt": 414725000, "otherCurrentLiab": 271400000, "longTermDebt": 419296000, "otherLiab": 4968000, "deferredLongTermLiab": 150455000, "totalCurrentLiabilities": 4091248000, "totalLiab": 4515512000, "commonStock": 61588000, "retainedEarnings": -617348000, "treasuryStock": 239246000, "capitalSurplus": 1550577000, "otherStockholderEquity": 239246000, "totalStockholderEquity": 1234063000, "netTangibleAssets": 372250000}, {"maxAge": 1, "endDate": "2015-12-31", "totalStockholderEquity": 1468400000, "netTangibleAssets": 1468400000}, {"maxAge": 1, "endDate": "2015-09-30", "cash": 20800000, "netReceivables": 3750100000, "inventory": 678500000, "totalCurrentAssets": 4449400000, "propertyPlantEquipment": 2072700000, "otherAssets": 190600000, "totalAssets": 6712700000, "accountsPayable": 1971600000, "otherCurrentLiab": 898400000, "longTermDebt": 830000000, "otherLiab": 13100000, "totalCurrentLiabilities": 4401200000, "totalLiab": 5244300000, "commonStock": 61600000, "treasuryStock": 1406800000, "otherStockholderEquity": 1406800000, "totalStockholderEquity": 1468400000, "netTangibleAssets": 1468400000}, {"maxAge": 1, "endDate": "2015-06-30", "cash": 20800000, "netReceivables": 3750100000, "inventory": 678500000, "totalCurrentAssets": 4449400000, "propertyPlantEquipment": 2072700000, "otherAssets": 190600000, "totalAssets": 6712700000, "accountsPayable": 1971600000, "otherCurrentLiab": 898400000, "longTermDebt": 830000000, "otherLiab": 13100000, "totalCurrentLiabilities": 4401200000, "totalLiab": 5244300000, "commonStock": 61600000, "treasuryStock": 1406800000, "otherStockholderEquity": 1406800000, "totalStockholderEquity": 1468400000, "netTangibleAssets": 1468400000}], "maxAge": 86400}, "indexTrend": {"maxAge": 1, "symbol": "SP5", "peRatio": 19.7411, "pegRatio": 1.34172, "estimates": [{"period": "0q", "growth": 0.549}, {"period": "+1q", "growth": 0.431}, {"period": "0y", "growth": 0.305}, {"period": "+1y", "growth": 0.109}, {"period": "+5y", "growth": 0.120865}, {"period": "-5y"}]}, "defaultKeyStatistics": {"maxAge": 1, "priceHint": 4, "enterpriseValue": 2638272512, "profitMargins": -0.11828, "floatShares": 18319742, "sharesOutstanding": 30794100, "heldPercentInsiders": 0.43042, "heldPercentInstitutions": 0.04871, "beta": 1.386477, "category": null, "bookValue": 45.742, "priceToBook": 0.049188927, "fundFamily": null, "legalType": null, "lastFiscalYearEnd": "2019-03-31 05:30:00", "nextFiscalYearEnd": "2021-03-31 05:30:00", "mostRecentQuarter": "2016-03-31 05:30:00", "netIncomeToCommon": -102678000, "trailingEps": -3.334, "lastSplitFactor": "5:1", "lastSplitDate": "2007-07-31 05:30:00", "enterpriseToRevenue": 3.039, "enterpriseToEbitda": 4796.859}, "summaryProfile": {"address1": "No. 98, Sipcot Industrial Complex", "city": "Hosur", "zip": "635126", "country": "India", "phone": "91 43 4440 1600", "fax": "91 43 4427 6397", "website": "http://www.easunreyrolle.com", "industry": "Specialty Industrial Machinery", "sector": "Industrials", "longBusinessSummary": "Easun Reyrolle Limited, together with its subsidiaries, provides a range of power transmission and distribution products, systems, solutions, and services in India and internationally. The company offers protection, control, and automation products, including protective relays, control and protection systems, automation products, power system recorders, phaser measurement units, wide area monitoring solutions, substation automation systems for EHV/HV/MV substations, network management products, and power distribution automation products for industries. It also provides measurement and metering solutions, such as GPRS modems, data concentrator units, device management and data acquisition systems, and meter data management systems; and medium voltage switchgears comprising air and solid insulated vacuum switchgear, ring main units, and cycloalipathic CTs and PTs, as well as MV vacuum contacting and MV switchgear retrofitting services. In addition, the company undertakes turnkey substation projects consisting of green field substation, substations augmentation and modernization, transmission line, and rural electrification projects. It serves utilities, public sector companies, power generation companies, state transmission utilities, and DISCOMS, as well as various industries, such as petrochemicals, metals, paper, chemicals, cement, automotive, pharma, etc. Easun Reyrolle Limited was incorporated in 1974 and is based in Hosur, India.", "companyOfficers": [], "maxAge": 86400}, "netSharePurchaseActivity": {"maxAge": 1, "period": "6m", "buyInfoCount": 0, "buyInfoShares": 0, "sellInfoCount": 0, "netInfoCount": 0, "netInfoShares": 0, "netPercentInsiderShares": 0.0, "totalInsiderShares": 13254414}, "insiderTransactions": {"transactions": [{"maxAge": 1, "shares": 67947, "filerUrl": "", "transactionText": "", "filerName": "Sowraj Investments Pvt Ltd", "filerRelation": "Promoter", "moneyText": "", "startDate": "2017-02-27", "ownership": "D"}, {"maxAge": 1, "shares": 4019641, "filerUrl": "", "transactionText": "", "filerName": "Sowraj Investments Pvt Ltd", "filerRelation": "Promoter", "moneyText": "", "startDate": "2017-02-22", "ownership": "D"}, {"maxAge": 1, "shares": 905550, "filerUrl": "", "transactionText": "", "filerName": "ICICI Prudential Infrastructure Fund", "filerRelation": "Investment Management Company", "moneyText": "", "startDate": "2014-06-30", "ownership": "D"}, {"maxAge": 1, "shares": 61023, "filerUrl": "", "transactionText": "", "filerName": "ICICI Prudential Infrastructure Fund", "filerRelation": "Investment Management Company", "moneyText": "", "startDate": "2014-06-27", "ownership": "D"}, {"maxAge": 1, "shares": 800000, "filerUrl": "", "transactionText": "", "filerName": "IDFC Premier Equity Fund", "filerRelation": "Investment Advisor", "moneyText": "", "startDate": "2013-10-03", "ownership": "D"}, {"maxAge": 1, "shares": 725000, "filerUrl": "", "transactionText": "", "filerName": "Power Ventures Holdings (India) Pvt Ltd", "filerRelation": "Institution- Corporation", "moneyText": "", "startDate": "2013-09-30", "ownership": "D"}, {"maxAge": 1, "shares": 2336, "filerUrl": "", "transactionText": "", "filerName": "Ronson Traders Ltd", "filerRelation": "Promoter", "moneyText": "", "startDate": "2013-02-13", "ownership": "D"}, {"maxAge": 1, "shares": 5290, "filerUrl": "", "transactionText": "", "filerName": "Sundaram Mutual Fund", "filerRelation": "Investment Advisor", "moneyText": "", "startDate": "2013-02-07", "ownership": "D"}, {"maxAge": 1, "shares": 54, "filerUrl": "", "transactionText": "", "filerName": "Ronson Traders Ltd", "filerRelation": "Promoter", "moneyText": "", "startDate": "2013-01-17", "ownership": "D"}, {"maxAge": 1, "shares": 730, "filerUrl": "", "transactionText": "", "filerName": "Ronson Traders Ltd", "filerRelation": "Promoter", "moneyText": "", "startDate": "2013-01-16", "ownership": "D"}, {"maxAge": 1, "shares": 2740, "filerUrl": "", "transactionText": "", "filerName": "Ronson Traders Ltd", "filerRelation": "Promoter", "moneyText": "", "startDate": "2013-01-15", "ownership": "D"}, {"maxAge": 1, "shares": 3183, "filerUrl": "", "transactionText": "", "filerName": "Ronson Traders Ltd", "filerRelation": "Promoter", "moneyText": "", "startDate": "2013-01-07", "ownership": "D"}, {"maxAge": 1, "shares": 640, "filerUrl": "", "transactionText": "", "filerName": "Ronson Traders Ltd", "filerRelation": "Promoter", "moneyText": "", "startDate": "2013-01-03", "ownership": "D"}, {"maxAge": 1, "shares": 51, "filerUrl": "", "transactionText": "", "filerName": "Ronson Traders Ltd", "filerRelation": "Promoter", "moneyText": "", "startDate": "2013-01-02", "ownership": "D"}, {"maxAge": 1, "shares": 849, "filerUrl": "", "transactionText": "", "filerName": "Ronson Traders Ltd", "filerRelation": "Promoter", "moneyText": "", "startDate": "2013-01-01", "ownership": "D"}, {"maxAge": 1, "shares": 1792, "filerUrl": "", "transactionText": "", "filerName": "Ronson Traders Ltd", "filerRelation": "Promoter", "moneyText": "", "startDate": "2012-12-31", "ownership": "D"}, {"maxAge": 1, "shares": 79, "filerUrl": "", "transactionText": "", "filerName": "Ronson Traders Ltd", "filerRelation": "Promoter", "moneyText": "", "startDate": "2012-12-26", "ownership": "D"}, {"maxAge": 1, "shares": 228000, "filerUrl": "", "transactionText": "", "filerName": "Sowraj Investments Pvt Ltd", "filerRelation": "Promoter", "moneyText": "", "startDate": "2011-09-30", "ownership": "D"}, {"maxAge": 1, "shares": 25219, "filerUrl": "", "transactionText": "", "filerName": "Sowraj Investments Pvt Ltd", "filerRelation": "Promoter", "moneyText": "", "startDate": "2011-09-29", "ownership": "D"}, {"maxAge": 1, "shares": 28709, "filerUrl": "", "transactionText": "", "filerName": "Sowraj Investments Pvt Ltd", "filerRelation": "Promoter", "moneyText": "", "startDate": "2011-09-27", "ownership": "D"}, {"maxAge": 1, "shares": 29235, "filerUrl": "", "transactionText": "", "filerName": "Sowraj Investments Pvt Ltd", "filerRelation": "Promoter", "moneyText": "", "startDate": "2011-09-22", "ownership": "D"}, {"maxAge": 1, "shares": 49656, "filerUrl": "", "transactionText": "", "filerName": "Sowraj Investments Pvt Ltd", "filerRelation": "Promoter", "moneyText": "", "startDate": "2011-09-16", "ownership": "D"}, {"maxAge": 1, "shares": 97441, "filerUrl": "", "transactionText": "", "filerName": "Sowraj Investments Pvt Ltd", "filerRelation": "Promoter", "moneyText": "", "startDate": "2011-09-12", "ownership": "D"}, {"maxAge": 1, "shares": 40290, "filerUrl": "", "transactionText": "", "filerName": "Sowraj Investments Pvt Ltd", "filerRelation": "Promoter", "moneyText": "", "startDate": "2009-09-30", "ownership": "D"}], "maxAge": 1}, "quoteType": {"exchange": "NSI", "quoteType": "EQUITY", "symbol": "EASUNREYRL.NS", "underlyingSymbol": "EASUNREYRL.NS", "shortName": "EASUN REYROLLE LTD", "longName": "Easun Reyrolle Limited", "firstTradeDateEpochUtc": "2002-01-01 09:15:00", "timeZoneFullName": "Asia/Kolkata", "timeZoneShortName": "IST", "uuid": "bef54c43-5b9f-3604-a598-3b5495ed4f5c", "gmtOffSetMilliseconds": 19800000, "maxAge": 1}, "incomeStatementHistory": {"incomeStatementHistory": [{"maxAge": 1, "endDate": "2019-03-31", "totalRevenue": 868123000, "costOfRevenue": 260767000, "grossProfit": 607356000, "researchDevelopment": {}, "sellingGeneralAdministrative": 353386000, "nonRecurring": {}, "otherOperatingExpenses": 114219000, "totalOperatingExpenses": 916859000, "operatingIncome": -48736000, "totalOtherIncomeExpenseNet": -54637000, "ebit": -48736000, "interestExpense": -63777000, "incomeBeforeTax": -103373000, "incomeTaxExpense": 234000, "minorityInterest": -28107000, "netIncomeFromContinuingOps": -103607000, "discontinuedOperations": {}, "extraordinaryItems": {}, "effectOfAccountingCharges": {}, "otherItems": {}, "netIncome": -102678000, "netIncomeApplicableToCommonShares": -102678000}, {"maxAge": 1, "endDate": "2018-03-31", "totalRevenue": 778662000, "costOfRevenue": 287247000, "grossProfit": 491415000, "researchDevelopment": {}, "sellingGeneralAdministrative": 330251000, "nonRecurring": {}, "otherOperatingExpenses": 122663000, "totalOperatingExpenses": 908357000, "operatingIncome": -129695000, "totalOtherIncomeExpenseNet": -26308000, "ebit": -129695000, "interestExpense": -15773000, "incomeBeforeTax": -156003000, "incomeTaxExpense": 0, "minorityInterest": -25558000, "netIncomeFromContinuingOps": -156003000, "discontinuedOperations": {}, "extraordinaryItems": {}, "effectOfAccountingCharges": {}, "otherItems": {}, "netIncome": -156003000, "netIncomeApplicableToCommonShares": -156003000}, {"maxAge": 1, "endDate": "2017-03-31", "totalRevenue": 897978000, "costOfRevenue": 356226000, "grossProfit": 541752000, "researchDevelopment": {}, "sellingGeneralAdministrative": 309048000, "nonRecurring": {}, "otherOperatingExpenses": 138021000, "totalOperatingExpenses": 972397000, "operatingIncome": -74419000, "totalOtherIncomeExpenseNet": -135973000, "ebit": -74419000, "interestExpense": -119064000, "incomeBeforeTax": -210392000, "incomeTaxExpense": 0, "minorityInterest": -162160000, "netIncomeFromContinuingOps": -210392000, "discontinuedOperations": {}, "extraordinaryItems": {}, "effectOfAccountingCharges": {}, "otherItems": {}, "netIncome": -210392000, "netIncomeApplicableToCommonShares": -210392000}, {"maxAge": 1, "endDate": "2016-03-31", "totalRevenue": 980482000, "costOfRevenue": 401649000, "grossProfit": 578833000, "researchDevelopment": {}, "sellingGeneralAdministrative": 305433000, "nonRecurring": {}, "otherOperatingExpenses": 213010000, "totalOperatingExpenses": 1114334000, "operatingIncome": -133852000, "totalOtherIncomeExpenseNet": -350070000, "ebit": -133852000, "interestExpense": -250583000, "incomeBeforeTax": -483922000, "incomeTaxExpense": 0, "minorityInterest": -162160000, "netIncomeFromContinuingOps": -483922000, "discontinuedOperations": {}, "extraordinaryItems": {}, "effectOfAccountingCharges": {}, "otherItems": {}, "netIncome": -483922000, "netIncomeApplicableToCommonShares": -483922000}], "maxAge": 86400}, "fundOwnership": {"ownershipList": [], "maxAge": 1}, "summaryDetail": {"maxAge": 1, "priceHint": 4, "previousClose": 2.15, "open": 2.2, "dayLow": 2.05, "dayHigh": 2.25, "regularMarketPreviousClose": 2.15, "regularMarketOpen": 2.2, "regularMarketDayLow": 2.05, "regularMarketDayHigh": 2.25, "exDividendDate": "2012-09-13 05:30:00", "payoutRatio": 0.0, "beta": 1.386477, "volume": 7726, "regularMarketVolume": 7726, "averageVolume": 8402, "averageVolume10days": 1301, "averageDailyVolume10Day": 1301, "bid": 0.0, "ask": 0.0, "bidSize": 0, "askSize": 0, "marketCap": 84111072, "fiftyTwoWeekLow": 1.6, "fiftyTwoWeekHigh": 3.75, "priceToSalesTrailing12Months": 0.09688842, "fiftyDayAverage": 2.5136364, "twoHundredDayAverage": 2.385, "currency": "INR", "fromCurrency": null, "lastMarket": null, "algorithm": null, "tradeable": false}, "incomeStatementHistoryQuarterly": {"incomeStatementHistory": [{"maxAge": 1, "endDate": "2016-03-31", "totalRevenue": 195282000, "costOfRevenue": 31149000, "grossProfit": 164133000, "researchDevelopment": {}, "sellingGeneralAdministrative": 4433000, "nonRecurring": {}, "otherOperatingExpenses": 51024000, "totalOperatingExpenses": 225848000, "operatingIncome": -30566000, "totalOtherIncomeExpenseNet": -107756000, "ebit": -30566000, "interestExpense": -67583000, "incomeBeforeTax": -138322000, "incomeTaxExpense": 0, "minorityInterest": {}, "netIncomeFromContinuingOps": -138322000, "discontinuedOperations": {}, "extraordinaryItems": {}, "effectOfAccountingCharges": {}, "otherItems": {}, "netIncome": -142022000, "netIncomeApplicableToCommonShares": -142022000}, {"maxAge": 1, "endDate": "2015-12-31", "totalRevenue": 213600000, "costOfRevenue": 119100000, "grossProfit": 94500000, "researchDevelopment": {}, "sellingGeneralAdministrative": 100400000, "nonRecurring": {}, "otherOperatingExpenses": 85300000, "totalOperatingExpenses": 321700000, "operatingIncome": -108100000, "totalOtherIncomeExpenseNet": -73600000, "ebit": -108100000, "interestExpense": -53200000, "incomeBeforeTax": -181700000, "incomeTaxExpense": 0, "minorityInterest": {}, "netIncomeFromContinuingOps": -181700000, "discontinuedOperations": {}, "extraordinaryItems": {}, "effectOfAccountingCharges": {}, "otherItems": {}, "netIncome": -182000000, "netIncomeApplicableToCommonShares": -182000000}, {"maxAge": 1, "endDate": "2015-09-30", "totalRevenue": 285800000, "costOfRevenue": 125700000, "grossProfit": 160100000, "researchDevelopment": {}, "sellingGeneralAdministrative": 100300000, "nonRecurring": {}, "otherOperatingExpenses": 38350000, "totalOperatingExpenses": 283400000, "operatingIncome": 2400000, "totalOtherIncomeExpenseNet": -84350000, "ebit": 2400000, "interestExpense": -64900000, "incomeBeforeTax": -81950000, "incomeTaxExpense": 0, "minorityInterest": {}, "netIncomeFromContinuingOps": -81950000, "discontinuedOperations": {}, "extraordinaryItems": {}, "effectOfAccountingCharges": {}, "otherItems": {}, "netIncome": -79950000, "netIncomeApplicableToCommonShares": -79950000}, {"maxAge": 1, "endDate": "2015-06-30", "totalRevenue": 285800000, "costOfRevenue": 125700000, "grossProfit": 160100000, "researchDevelopment": {}, "sellingGeneralAdministrative": 100300000, "nonRecurring": {}, "otherOperatingExpenses": 38350000, "totalOperatingExpenses": 283400000, "operatingIncome": 2400000, "totalOtherIncomeExpenseNet": -84350000, "ebit": 2400000, "interestExpense": -64900000, "incomeBeforeTax": -81950000, "incomeTaxExpense": 0, "minorityInterest": {}, "netIncomeFromContinuingOps": -81950000, "discontinuedOperations": {}, "extraordinaryItems": {}, "effectOfAccountingCharges": {}, "otherItems": {}, "netIncome": -79950000, "netIncomeApplicableToCommonShares": -79950000}], "maxAge": 86400}, "cashflowStatementHistoryQuarterly": {"cashflowStatements": [{"maxAge": 1, "endDate": "2016-03-31", "netIncome": -142022000, "changeToLiabilities": 0}, {"maxAge": 1, "endDate": "2015-12-31", "netIncome": -182000000, "changeToLiabilities": 0}, {"maxAge": 1, "endDate": "2015-09-30", "netIncome": -79950000, "changeToLiabilities": 0}, {"maxAge": 1, "endDate": "2015-06-30", "netIncome": -79950000, "changeToLiabilities": 0}], "maxAge": 86400}, "insiderHolders": {"holders": [{"maxAge": 1, "name": "ICICI Prudential Infrastructure Fund", "relation": "Investment Management Company", "url": "", "transactionDescription": "Acquisition", "latestTransDate": "2014-06-30", "positionDirect": 2500300, "positionDirectDate": "2014-06-30"}, {"maxAge": 1, "name": "IDFC Premier Equity Fund", "relation": "Investment Advisor", "url": "", "transactionDescription": "Acquisition", "latestTransDate": "2013-10-03", "positionDirect": 1840000, "positionDirectDate": "2013-10-03"}, {"maxAge": 1, "name": "Power Ventures Holdings (India) Pvt Ltd", "relation": "Institution- Corporation", "url": "", "transactionDescription": "Sale", "latestTransDate": "2013-09-30", "positionDirect": 913088, "positionDirectDate": "2013-09-30"}, {"maxAge": 1, "name": "Ronson Traders Ltd", "relation": "Promoter", "url": "", "transactionDescription": "Acquisition", "latestTransDate": "2013-02-13", "positionDirect": 75001, "positionDirectDate": "2013-02-13"}, {"maxAge": 1, "name": "Sowraj Investments Pvt Ltd", "relation": "Promoter", "url": "", "transactionDescription": "Sale", "latestTransDate": "2017-02-27", "positionDirect": 5409954, "positionDirectDate": "2017-02-27"}, {"maxAge": 1, "name": "Sundaram Mutual Fund", "relation": "Investment Advisor", "url": "", "transactionDescription": "Acquisition", "latestTransDate": "2013-02-07", "positionDirect": 1041437, "positionDirectDate": "2013-02-07"}], "maxAge": 1}, "calendarEvents": {"maxAge": 1, "earnings": {"earningsDate": []}, "exDividendDate": "2012-09-13 05:30:00"}, "upgradeDowngradeHistory": {"history": [], "maxAge": 86400}, "price": {"maxAge": 1, "regularMarketChangePercent": 0.046511583, "regularMarketChange": 0.099999905, "regularMarketTime": "2021-04-30 15:25:22", "priceHint": 4, "regularMarketPrice": 2.25, "regularMarketDayHigh": 2.25, "regularMarketDayLow": 2.05, "regularMarketVolume": 7726, "averageDailyVolume10Day": 1301, "averageDailyVolume3Month": 8402, "regularMarketPreviousClose": 2.15, "regularMarketSource": "FREE_REALTIME", "regularMarketOpen": 2.2, "exchange": "NSI", "exchangeName": "NSE", "exchangeDataDelayedBy": 15, "marketState": "CLOSED", "quoteType": "EQUITY", "symbol": "EASUNREYRL.NS", "underlyingSymbol": null, "shortName": "EASUN REYROLLE LTD", "longName": "Easun Reyrolle Limited", "currency": "INR", "quoteSourceName": "Delayed Quote", "currencySymbol": "\u20b9", "fromCurrency": null, "lastMarket": null, "marketCap": 84111072}, "balanceSheetHistory": {"balanceSheetStatements": [{"maxAge": 1, "endDate": "2019-03-31", "cash": 35621000, "shortTermInvestments": 80603000, "netReceivables": 2464802000, "inventory": 974423000, "otherCurrentAssets": 146169000, "totalCurrentAssets": 3703936000, "propertyPlantEquipment": 1067184000, "goodWill": 119411000, "intangibleAssets": 785611000, "otherAssets": 168496000, "totalAssets": 5844638000, "accountsPayable": 415865000, "shortLongTermDebt": 432321000, "otherCurrentLiab": 190774000, "longTermDebt": 104143000, "otherLiab": 65604000, "minorityInterest": -28107000, "totalCurrentLiabilities": 4294415000, "totalLiab": 4464162000, "commonStock": 61588000, "retainedEarnings": -687791000, "treasuryStock": 484209000, "capitalSurplus": 1550577000, "otherStockholderEquity": 484209000, "totalStockholderEquity": 1408583000, "netTangibleAssets": 503561000}, {"maxAge": 1, "endDate": "2018-03-31", "cash": 86122000, "shortTermInvestments": 42919000, "netReceivables": 2553197000, "inventory": 959937000, "otherCurrentAssets": 117959000, "totalCurrentAssets": 3761667000, "propertyPlantEquipment": 1113666000, "goodWill": 119411000, "intangibleAssets": 802382000, "otherAssets": 172756000, "totalAssets": 5969882000, "accountsPayable": 602216000, "shortLongTermDebt": 412375000, "otherCurrentLiab": 420854000, "longTermDebt": 48000000, "otherLiab": 10589000, "minorityInterest": -25558000, "totalCurrentLiabilities": 4476912000, "totalLiab": 4535501000, "commonStock": 61588000, "retainedEarnings": -585113000, "treasuryStock": 432887000, "capitalSurplus": 1550577000, "otherStockholderEquity": 432887000, "totalStockholderEquity": 1459939000, "netTangibleAssets": 538146000}, {"maxAge": 1, "endDate": "2017-03-31", "cash": 23144000, "shortTermInvestments": 992000, "netReceivables": 2503254000, "inventory": 626945000, "otherCurrentAssets": 135484000, "totalCurrentAssets": 3290253000, "propertyPlantEquipment": 1309312000, "goodWill": 119411000, "intangibleAssets": 844172000, "otherAssets": 235463000, "totalAssets": 5798611000, "accountsPayable": 775199000, "shortLongTermDebt": 410813000, "otherCurrentLiab": 198728000, "longTermDebt": 21381000, "otherLiab": 6819000, "minorityInterest": -162160000, "totalCurrentLiabilities": 4321284000, "totalLiab": 4349484000, "commonStock": 61588000, "retainedEarnings": -427609000, "treasuryStock": 426731000, "capitalSurplus": 1550577000, "otherStockholderEquity": 426731000, "totalStockholderEquity": 1611287000, "netTangibleAssets": 647704000}, {"maxAge": 1, "endDate": "2016-03-31", "cash": 63187000, "shortTermInvestments": 3906000, "netReceivables": 2764774000, "inventory": 634353000, "otherCurrentAssets": 126266000, "totalCurrentAssets": 3593402000, "propertyPlantEquipment": 1002556000, "goodWill": 230892000, "intangibleAssets": 629712000, "otherAssets": 293014000, "totalAssets": 5749576000, "accountsPayable": 1319341000, "shortLongTermDebt": 414725000, "otherCurrentLiab": 271401000, "longTermDebt": 419296000, "otherLiab": 4968000, "deferredLongTermLiab": 151665000, "totalCurrentLiabilities": 4091249000, "totalLiab": 4515513000, "commonStock": 61588000, "retainedEarnings": -617348000, "treasuryStock": 239246000, "capitalSurplus": 1550577000, "otherStockholderEquity": 239246000, "totalStockholderEquity": 1234063000, "netTangibleAssets": 373459000}], "maxAge": 86400}, "financialData": {"maxAge": 86400, "currentPrice": 2.25, "recommendationKey": "none", "totalCash": 67093000, "totalCashPerShare": 2.179, "ebitda": 550000, "totalDebt": 2639158016, "quickRatio": 0.601, "currentRatio": 0.863, "totalRevenue": 868123008, "debtToEquity": 213.859, "revenuePerShare": 28.191, "returnOnAssets": -0.0051599997, "returnOnEquity": -0.07361, "grossProfits": 607356000, "freeCashflow": -81010624, "operatingCashflow": 97635000, "grossMargins": 0.69962, "ebitdaMargins": 0.00063, "operatingMargins": -0.05614, "profitMargins": -0.11828, "financialCurrency": "INR"}}}