{"ECOBOAR.BO": {"cashflowStatementHistory": {"cashflowStatements": [{"maxAge": 1, "endDate": "2020-03-31", "netIncome": 150663000, "depreciation": 9482000, "changeToNetincome": -141080000, "changeToAccountReceivables": 6305000, "changeToLiabilities": -50593000, "changeToInventory": -45270000, "changeToOperatingActivities": 2140000, "totalCashFromOperatingActivities": -68353000, "capitalExpenditures": -346000, "totalCashflowsFromInvestingActivities": 92096000, "netBorrowings": -94393000, "otherCashflowsFromFinancingActivities": 64048000, "totalCashFromFinancingActivities": -30345000, "changeInCash": -6602000}, {"maxAge": 1, "endDate": "2019-03-31", "netIncome": -72024000, "depreciation": 10695000, "changeToNetincome": 48704000, "changeToAccountReceivables": -39278000, "changeToLiabilities": 46960000, "changeToInventory": 15376000, "changeToOperatingActivities": -6619000, "totalCashFromOperatingActivities": 3814000, "capitalExpenditures": -70000, "totalCashflowsFromInvestingActivities": 17000000, "netBorrowings": -42958000, "otherCashflowsFromFinancingActivities": 26913000, "totalCashFromFinancingActivities": -16045000, "changeInCash": 4769000}, {"maxAge": 1, "endDate": "2018-03-31", "netIncome": -138732000, "depreciation": 12268000, "changeToNetincome": 70861000, "changeToAccountReceivables": 9097000, "changeToLiabilities": 48712000, "changeToInventory": 17650000, "changeToOperatingActivities": -10783000, "totalCashFromOperatingActivities": 9073000, "capitalExpenditures": -32000, "totalCashflowsFromInvestingActivities": 28348000, "netBorrowings": -5154000, "otherCashflowsFromFinancingActivities": -31955000, "totalCashFromFinancingActivities": -37109000, "changeInCash": 312000}, {"maxAge": 1, "endDate": "2017-03-31", "netIncome": -103568000, "depreciation": 14719000, "changeToNetincome": 62151000, "changeToAccountReceivables": 2857000, "changeToLiabilities": 20070000, "changeToInventory": 15249000, "changeToOperatingActivities": -1439000, "totalCashFromOperatingActivities": 10039000, "capitalExpenditures": -818000, "totalCashflowsFromInvestingActivities": 613000, "netBorrowings": 4456000, "otherCashflowsFromFinancingActivities": -15983000, "totalCashFromFinancingActivities": -11527000, "changeInCash": -875000}], "maxAge": 86400}, "institutionOwnership": {"ownershipList": [], "maxAge": 1}, "balanceSheetHistoryQuarterly": {"balanceSheetStatements": [{"maxAge": 1, "endDate": "2020-06-30", "totalStockholderEquity": 36677000, "netTangibleAssets": 36677000}, {"maxAge": 1, "endDate": "2020-03-31", "cash": 1531000, "netReceivables": 41531000, "inventory": 178816000, "otherCurrentAssets": 120833000, "totalCurrentAssets": 342965000, "propertyPlantEquipment": 260817000, "otherAssets": 12562000, "totalAssets": 616344000, "accountsPayable": 94323000, "otherCurrentLiab": 54085000, "longTermDebt": 300200000, "otherLiab": 9386000, "totalCurrentLiabilities": 270081000, "totalLiab": 579667000, "commonStock": 178320000, "retainedEarnings": -659750000, "treasuryStock": 256229000, "capitalSurplus": 261878000, "otherStockholderEquity": 256229000, "totalStockholderEquity": 36677000, "netTangibleAssets": 36677000}, {"maxAge": 1, "endDate": "2019-12-31", "cash": 9419000, "netReceivables": 101277000, "inventory": 135647000, "totalCurrentAssets": 246343000, "propertyPlantEquipment": 369567000, "otherAssets": 12244000, "totalAssets": 628154000, "accountsPayable": 91669000, "otherCurrentLiab": 106505000, "longTermDebt": 293203000, "otherLiab": 9875000, "totalCurrentLiabilities": 290825000, "totalLiab": 593903000, "commonStock": 178320000, "treasuryStock": -144069000, "otherStockholderEquity": -144069000, "totalStockholderEquity": 34251000, "netTangibleAssets": 34251000}, {"maxAge": 1, "endDate": "2019-09-30", "cash": 2446000, "netReceivables": 84645000, "inventory": 140401000, "otherCurrentAssets": 2022000, "totalCurrentAssets": 229514000, "propertyPlantEquipment": 371768000, "otherAssets": 12006000, "totalAssets": 613288000, "accountsPayable": 89742000, "otherCurrentLiab": 133545000, "longTermDebt": 236253000, "otherLiab": 9790000, "totalCurrentLiabilities": 422004000, "totalLiab": 668047000, "commonStock": 178320000, "treasuryStock": -233079000, "otherStockholderEquity": -233079000, "totalStockholderEquity": -54759000, "netTangibleAssets": -54759000}], "maxAge": 86400}, "indexTrend": {"maxAge": 1, "symbol": "SP5", "peRatio": 19.7411, "pegRatio": 1.34172, "estimates": [{"period": "0q", "growth": 0.549}, {"period": "+1q", "growth": 0.431}, {"period": "0y", "growth": 0.305}, {"period": "+1y", "growth": 0.109}, {"period": "+5y", "growth": 0.120859005}, {"period": "-5y"}]}, "quoteType": {"exchange": "BSE", "quoteType": "EQUITY", "symbol": "ECOBOAR.BO", "underlyingSymbol": "ECOBOAR.BO", "shortName": "ECOBOARD INDUSTRIES LTD.", "longName": "Ecoboard Industries Limited", "firstTradeDateEpochUtc": "2000-06-06 09:15:00", "timeZoneFullName": "Asia/Kolkata", "timeZoneShortName": "IST", "uuid": "a34cf16d-e6c8-30c0-895c-93e9bbaf0896", "gmtOffSetMilliseconds": 19800000, "maxAge": 1}, "incomeStatementHistory": {"incomeStatementHistory": [{"maxAge": 1, "endDate": "2020-03-31", "totalRevenue": 120373000, "costOfRevenue": 49626000, "grossProfit": 70747000, "researchDevelopment": {}, "sellingGeneralAdministrative": 17766000, "nonRecurring": {}, "otherOperatingExpenses": 24317000, "totalOperatingExpenses": 142640000, "operatingIncome": -22267000, "totalOtherIncomeExpenseNet": 172930000, "ebit": -22267000, "interestExpense": -11851000, "incomeBeforeTax": 150663000, "incomeTaxExpense": 0, "minorityInterest": {}, "netIncomeFromContinuingOps": 150663000, "discontinuedOperations": {}, "extraordinaryItems": {}, "effectOfAccountingCharges": {}, "otherItems": {}, "netIncome": 150663000, "netIncomeApplicableToCommonShares": 150663000}, {"maxAge": 1, "endDate": "2019-03-31", "totalRevenue": 203820000, "costOfRevenue": 175648000, "grossProfit": 28172000, "researchDevelopment": {}, "sellingGeneralAdministrative": 17034000, "nonRecurring": {}, "otherOperatingExpenses": 46065000, "totalOperatingExpenses": 249743000, "operatingIncome": -45923000, "totalOtherIncomeExpenseNet": -26101000, "ebit": -45923000, "interestExpense": -40968000, "incomeBeforeTax": -72024000, "incomeTaxExpense": 0, "minorityInterest": {}, "netIncomeFromContinuingOps": -72024000, "discontinuedOperations": {}, "extraordinaryItems": {}, "effectOfAccountingCharges": {}, "otherItems": {}, "netIncome": -72024000, "netIncomeApplicableToCommonShares": -72024000}, {"maxAge": 1, "endDate": "2018-03-31", "totalRevenue": 88321000, "costOfRevenue": 77959000, "grossProfit": 10362000, "researchDevelopment": {}, "sellingGeneralAdministrative": 21081000, "nonRecurring": {}, "otherOperatingExpenses": 53472000, "totalOperatingExpenses": 164780000, "operatingIncome": -76459000, "totalOtherIncomeExpenseNet": -62273000, "ebit": -76459000, "interestExpense": -44991000, "incomeBeforeTax": -138732000, "incomeTaxExpense": 0, "minorityInterest": {}, "netIncomeFromContinuingOps": -138732000, "discontinuedOperations": {}, "extraordinaryItems": {}, "effectOfAccountingCharges": {}, "otherItems": {}, "netIncome": -138732000, "netIncomeApplicableToCommonShares": -138732000}, {"maxAge": 1, "endDate": "2017-03-31", "totalRevenue": 163384000, "costOfRevenue": 140778000, "grossProfit": 22606000, "researchDevelopment": {}, "sellingGeneralAdministrative": 72011000, "nonRecurring": {}, "otherOperatingExpenses": 53472000, "totalOperatingExpenses": 227508000, "operatingIncome": -64124000, "totalOtherIncomeExpenseNet": -39444000, "ebit": -64124000, "interestExpense": -42306000, "incomeBeforeTax": -103568000, "incomeTaxExpense": 0, "minorityInterest": {}, "netIncomeFromContinuingOps": -103568000, "discontinuedOperations": {}, "extraordinaryItems": {}, "effectOfAccountingCharges": {}, "otherItems": {}, "netIncome": -103568000, "netIncomeApplicableToCommonShares": -103568000}], "maxAge": 86400}, "fundOwnership": {"ownershipList": [], "maxAge": 1}, "summaryDetail": {"maxAge": 1, "priceHint": 4, "previousClose": 3.75, "open": 3.93, "dayLow": 3.75, "dayHigh": 3.93, "regularMarketPreviousClose": 3.75, "regularMarketOpen": 3.93, "regularMarketDayLow": 3.75, "regularMarketDayHigh": 3.93, "trailingPE": 0.46205026, "volume": 3372, "regularMarketVolume": 3372, "averageVolume": 5653, "averageVolume10days": 2547, "averageDailyVolume10Day": 2547, "bid": 3.75, "ask": 3.9, "bidSize": 0, "askSize": 0, "marketCap": 66870000, "fiftyTwoWeekLow": 2.55, "fiftyTwoWeekHigh": 7.08, "fiftyDayAverage": 5.616667, "twoHundredDayAverage": 3.9097795, "currency": "INR", "fromCurrency": null, "lastMarket": null, "algorithm": null, "tradeable": false}, "incomeStatementHistoryQuarterly": {"incomeStatementHistory": [{"maxAge": 1, "endDate": "2020-06-30", "totalRevenue": 6204000, "costOfRevenue": 5264000, "grossProfit": 940000, "researchDevelopment": {}, "sellingGeneralAdministrative": 2478000, "nonRecurring": {}, "otherOperatingExpenses": 5942000, "totalOperatingExpenses": 16041000, "operatingIncome": -9837000, "totalOtherIncomeExpenseNet": -4168000, "ebit": -9837000, "interestExpense": -4393000, "incomeBeforeTax": -14005000, "incomeTaxExpense": 0, "minorityInterest": {}, "netIncomeFromContinuingOps": -14005000, "discontinuedOperations": {}, "extraordinaryItems": {}, "effectOfAccountingCharges": {}, "otherItems": {}, "netIncome": -14005000, "netIncomeApplicableToCommonShares": -14005000}, {"maxAge": 1, "endDate": "2020-03-31", "totalRevenue": 44271000, "costOfRevenue": 339000, "grossProfit": 43932000, "researchDevelopment": {}, "sellingGeneralAdministrative": 5111000, "nonRecurring": {}, "otherOperatingExpenses": -12594000, "totalOperatingExpenses": 36657000, "operatingIncome": 7614000, "totalOtherIncomeExpenseNet": -5380000, "ebit": 7614000, "interestExpense": -4393000, "incomeBeforeTax": 2234000, "incomeTaxExpense": 0, "minorityInterest": {}, "netIncomeFromContinuingOps": 2234000, "discontinuedOperations": {}, "extraordinaryItems": {}, "effectOfAccountingCharges": {}, "otherItems": {}, "netIncome": 2234000, "netIncomeApplicableToCommonShares": 2234000}, {"maxAge": 1, "endDate": "2019-12-31", "totalRevenue": 33641000, "costOfRevenue": 27929000, "grossProfit": 5712000, "researchDevelopment": {}, "sellingGeneralAdministrative": 4211000, "nonRecurring": {}, "otherOperatingExpenses": 11513000, "totalOperatingExpenses": 46026000, "operatingIncome": -12385000, "totalOtherIncomeExpenseNet": 101394000, "ebit": -12385000, "interestExpense": -6531000, "incomeBeforeTax": 89009000, "incomeTaxExpense": 0, "minorityInterest": {}, "netIncomeFromContinuingOps": 89009000, "discontinuedOperations": {}, "extraordinaryItems": {}, "effectOfAccountingCharges": {}, "otherItems": {}, "netIncome": 89009000, "netIncomeApplicableToCommonShares": 89009000}, {"maxAge": 1, "endDate": "2019-09-30", "totalRevenue": 19729000, "costOfRevenue": 11410000, "grossProfit": 8319000, "researchDevelopment": {}, "sellingGeneralAdministrative": 4664000, "nonRecurring": {}, "otherOperatingExpenses": 13876000, "totalOperatingExpenses": 32343000, "operatingIncome": -12614000, "totalOtherIncomeExpenseNet": 79736000, "ebit": -12614000, "interestExpense": -6390000, "incomeBeforeTax": 67122000, "incomeTaxExpense": 0, "minorityInterest": {}, "netIncomeFromContinuingOps": 67122000, "discontinuedOperations": {}, "extraordinaryItems": {}, "effectOfAccountingCharges": {}, "otherItems": {}, "netIncome": 67122000, "netIncomeApplicableToCommonShares": 67122000}], "maxAge": 86400}, "cashflowStatementHistoryQuarterly": {"cashflowStatements": [{"maxAge": 1, "endDate": "2020-06-30", "netIncome": -14005000, "changeToLiabilities": 0}, {"maxAge": 1, "endDate": "2020-03-31", "netIncome": 2234000, "depreciation": 2352000, "changeToNetincome": -49221000, "changeToAccountReceivables": 11770000, "changeToLiabilities": -33886000, "changeToInventory": -38508000, "changeToOperatingActivities": 15152000, "totalCashFromOperatingActivities": -90107000, "capitalExpenditures": -10000, "totalCashflowsFromInvestingActivities": 7132000, "netBorrowings": -70099000, "otherCashflowsFromFinancingActivities": 74627000, "totalCashFromFinancingActivities": 4528000, "changeInCash": -78447000}, {"maxAge": 1, "endDate": "2019-12-31", "netIncome": 89009000, "depreciation": 2373000, "changeToNetincome": -17971000, "changeToAccountReceivables": -3533000, "changeToLiabilities": -1646000, "changeToInventory": 4754000, "changeToOperatingActivities": -13337000, "totalCashFromOperatingActivities": 59649000, "capitalExpenditures": -171000, "totalCashflowsFromInvestingActivities": -171000, "netBorrowings": 21380000, "otherCashflowsFromFinancingActivities": -3326000, "totalCashFromFinancingActivities": 18054000, "changeInCash": 77532000}, {"maxAge": 1, "endDate": "2019-09-30", "netIncome": 67122000, "depreciation": 2373000, "changeToNetincome": -17971000, "changeToAccountReceivables": -3533000, "changeToLiabilities": 0, "changeToInventory": 4754000, "changeToOperatingActivities": -13337000, "totalCashFromOperatingActivities": 59649000, "capitalExpenditures": -171000, "totalCashflowsFromInvestingActivities": -171000, "netBorrowings": 21380000, "otherCashflowsFromFinancingActivities": -3326000, "totalCashFromFinancingActivities": 18054000, "changeInCash": 77532000}], "maxAge": 86400}, "insiderHolders": {"holders": [], "maxAge": 1}, "calendarEvents": {"maxAge": 1, "earnings": {"earningsDate": ["2020-11-14 05:30:S", "2020-11-15 05:30:S"]}}, "upgradeDowngradeHistory": {"history": [], "maxAge": 86400}, "price": {"maxAge": 1, "regularMarketChangePercent": 0.0, "regularMarketChange": 0.0, "regularMarketTime": "2021-04-29 14:10:05", "priceHint": 4, "regularMarketPrice": 3.75, "regularMarketDayHigh": 3.93, "regularMarketDayLow": 3.75, "regularMarketVolume": 3372, "averageDailyVolume10Day": 2547, "averageDailyVolume3Month": 5653, "regularMarketPreviousClose": 3.75, "regularMarketSource": "FREE_REALTIME", "regularMarketOpen": 3.93, "exchange": "BSE", "exchangeName": "BSE", "exchangeDataDelayedBy": 0, "marketState": "CLOSED", "quoteType": "EQUITY", "symbol": "ECOBOAR.BO", "underlyingSymbol": null, "shortName": "ECOBOARD INDUSTRIES LTD.", "longName": "Ecoboard Industries Limited", "currency": "INR", "quoteSourceName": "Delayed Quote", "currencySymbol": "\u20b9", "fromCurrency": null, "lastMarket": null, "marketCap": 66870000}, "balanceSheetHistory": {"balanceSheetStatements": [{"maxAge": 1, "endDate": "2020-03-31", "cash": 1531000, "netReceivables": 41531000, "inventory": 178816000, "otherCurrentAssets": 120833000, "totalCurrentAssets": 342965000, "propertyPlantEquipment": 260817000, "otherAssets": 12562000, "totalAssets": 616344000, "accountsPayable": 94323000, "otherCurrentLiab": 54085000, "longTermDebt": 300200000, "otherLiab": 9386000, "totalCurrentLiabilities": 270081000, "totalLiab": 579667000, "commonStock": 178320000, "retainedEarnings": -659750000, "treasuryStock": 256229000, "capitalSurplus": 261878000, "otherStockholderEquity": 256229000, "totalStockholderEquity": 36677000, "netTangibleAssets": 36677000}, {"maxAge": 1, "endDate": "2019-03-31", "cash": 8133000, "netReceivables": 52648000, "inventory": 138326000, "otherCurrentAssets": 43598000, "totalCurrentAssets": 242946000, "propertyPlantEquipment": 376361000, "otherAssets": 11654000, "totalAssets": 630961000, "accountsPayable": 123053000, "otherCurrentLiab": 115488000, "longTermDebt": 206539000, "otherLiab": 9349000, "totalCurrentLiabilities": 529255000, "totalLiab": 745143000, "commonStock": 178320000, "retainedEarnings": -810609000, "treasuryStock": 256229000, "capitalSurplus": 261878000, "otherStockholderEquity": 256229000, "totalStockholderEquity": -114182000, "netTangibleAssets": -114182000}, {"maxAge": 1, "endDate": "2018-03-31", "cash": 3364000, "netReceivables": 37846000, "inventory": 144261000, "otherCurrentAssets": 20548000, "totalCurrentAssets": 206019000, "propertyPlantEquipment": 389008000, "otherAssets": 10540000, "totalAssets": 605567000, "accountsPayable": 58218000, "otherCurrentLiab": 87864000, "longTermDebt": 145297000, "otherLiab": 8263000, "totalCurrentLiabilities": 494211000, "totalLiab": 647771000, "commonStock": 178320000, "retainedEarnings": -738631000, "treasuryStock": 256229000, "capitalSurplus": 261878000, "otherStockholderEquity": 256229000, "totalStockholderEquity": -42204000, "netTangibleAssets": -42204000}, {"maxAge": 1, "endDate": "2017-03-31", "cash": 4389000, "netReceivables": 42699000, "inventory": 161911000, "totalCurrentAssets": 208999000, "propertyPlantEquipment": 422570000, "otherAssets": 10388000, "totalAssets": 641957000, "accountsPayable": 58913000, "otherCurrentLiab": 47508000, "longTermDebt": 131272000, "otherLiab": 7813000, "totalCurrentLiabilities": 407473000, "totalLiab": 546558000, "commonStock": 178320000, "retainedEarnings": -601028000, "treasuryStock": 256229000, "capitalSurplus": 261878000, "otherStockholderEquity": 256229000, "totalStockholderEquity": 95399000, "netTangibleAssets": 95399000}], "maxAge": 86400}, "financialData": {"maxAge": 86400, "currentPrice": 3.75, "recommendationKey": "none", "grossProfits": 70747000, "financialCurrency": "INR"}}}