{"ECOM.BO": {"cashflowStatementHistory": {"cashflowStatements": [{"maxAge": 1, "endDate": "2020-03-31", "netIncome": -307000, "depreciation": 1105000, "changeToNetincome": -94000, "changeToAccountReceivables": 2611000, "changeToLiabilities": -412000, "changeToOperatingActivities": 129000, "totalCashFromOperatingActivities": 3032000, "capitalExpenditures": -1437000, "totalCashflowsFromInvestingActivities": -1437000, "netBorrowings": -386000, "otherCashflowsFromFinancingActivities": 490000, "totalCashFromFinancingActivities": 104000, "changeInCash": 1698000}, {"maxAge": 1, "endDate": "2019-03-31", "netIncome": 311000, "depreciation": 623000, "changeToNetincome": 450000, "changeToAccountReceivables": 4151000, "changeToLiabilities": 2786000, "changeToOperatingActivities": -654000, "totalCashFromOperatingActivities": 7667000, "capitalExpenditures": -3534000, "otherCashflowsFromInvestingActivities": -14000, "totalCashflowsFromInvestingActivities": -3548000, "netBorrowings": 100000, "otherCashflowsFromFinancingActivities": 490000, "totalCashFromFinancingActivities": 100000, "changeInCash": 4219000}, {"maxAge": 1, "endDate": "2018-03-31", "netIncome": 163300, "depreciation": 8000, "changeToNetincome": -658300, "changeToAccountReceivables": 517000, "changeToLiabilities": 1228000, "changeToOperatingActivities": 468000, "totalCashFromOperatingActivities": 1726000, "capitalExpenditures": -81000, "otherCashflowsFromInvestingActivities": -14000, "totalCashflowsFromInvestingActivities": -81000, "netBorrowings": -723000, "otherCashflowsFromFinancingActivities": 490000, "totalCashFromFinancingActivities": -723000, "changeInCash": 921000}, {"maxAge": 1, "endDate": "2017-03-31", "netIncome": -1863200, "depreciation": 5000, "changeToNetincome": 2200, "changeToAccountReceivables": 1869000, "changeToLiabilities": -388000, "changeToOperatingActivities": 464000, "totalCashFromOperatingActivities": 89000, "capitalExpenditures": -81000, "otherCashflowsFromInvestingActivities": -14000, "totalCashflowsFromInvestingActivities": -81000, "netBorrowings": -723000, "otherCashflowsFromFinancingActivities": 490000, "totalCashFromFinancingActivities": -723000, "changeInCash": 89000}], "maxAge": 86400}, "institutionOwnership": {"maxAge": 1, "ownershipList": []}, "balanceSheetHistoryQuarterly": {"balanceSheetStatements": [{"maxAge": 1, "endDate": "2020-06-30", "totalStockholderEquity": 41526000, "netTangibleAssets": 41526000}, {"maxAge": 1, "endDate": "2020-03-31", "cash": 6938000, "netReceivables": 28493000, "otherCurrentAssets": 40000, "totalCurrentAssets": 35471000, "propertyPlantEquipment": 3342000, "otherAssets": 7507000, "deferredLongTermAssetCharges": 181000, "totalAssets": 46320000, "accountsPayable": 3820000, "otherCurrentLiab": 241000, "longTermDebt": 130000, "minorityInterest": 478000, "totalCurrentLiabilities": 4186000, "totalLiab": 4316000, "commonStock": 47574000, "retainedEarnings": -6048000, "totalStockholderEquity": 41526000, "netTangibleAssets": 41526000}, {"maxAge": 1, "endDate": "2019-12-31", "totalStockholderEquity": 40916000, "netTangibleAssets": 40916000}, {"maxAge": 1, "endDate": "2019-09-30", "cash": 5339000, "netReceivables": 27269000, "otherCurrentAssets": 2479000, "totalCurrentAssets": 35087000, "propertyPlantEquipment": 2685000, "otherAssets": 7386000, "deferredLongTermAssetCharges": 72000, "totalAssets": 45158000, "accountsPayable": 4081000, "otherCurrentLiab": 149000, "longTermDebt": 11000, "otherLiab": 1000, "totalCurrentLiabilities": 4230000, "totalLiab": 4242000, "commonStock": 47574000, "retainedEarnings": -6658000, "totalStockholderEquity": 40916000, "netTangibleAssets": 40916000}], "maxAge": 86400}, "indexTrend": {"maxAge": 1, "symbol": "SP5", "peRatio": 19.7411, "pegRatio": 1.34172, "estimates": [{"period": "0q", "growth": 0.549}, {"period": "+1q", "growth": 0.431}, {"period": "0y", "growth": 0.305}, {"period": "+1y", "growth": 0.109}, {"period": "+5y", "growth": 0.120859005}, {"period": "-5y"}]}, "quoteType": {"exchange": "BSE", "quoteType": "EQUITY", "symbol": "ECOM.BO", "underlyingSymbol": "ECOM.BO", "shortName": "E.COM INFOTECH (I) LTD.", "longName": "Accedere Limited", "firstTradeDateEpochUtc": "2000-08-23 09:15:00", "timeZoneFullName": "Asia/Kolkata", "timeZoneShortName": "IST", "uuid": "2ca44b85-d6fe-34d4-90c2-fc7546961507", "messageBoardId": null, "gmtOffSetMilliseconds": 19800000, "maxAge": 1}, "incomeStatementHistory": {"incomeStatementHistory": [{"maxAge": 1, "endDate": "2020-03-31", "totalRevenue": 7923000, "costOfRevenue": 2098000, "grossProfit": 5825000, "researchDevelopment": {}, "sellingGeneralAdministrative": 38000, "nonRecurring": {}, "otherOperatingExpenses": 5113000, "totalOperatingExpenses": 8354000, "operatingIncome": -431000, "totalOtherIncomeExpenseNet": 112000, "ebit": -431000, "interestExpense": -1000, "incomeBeforeTax": -319000, "incomeTaxExpense": 0, "minorityInterest": 478000, "netIncomeFromContinuingOps": -319000, "discontinuedOperations": {}, "extraordinaryItems": {}, "effectOfAccountingCharges": {}, "otherItems": {}, "netIncome": -307000, "netIncomeApplicableToCommonShares": -307000}, {"maxAge": 1, "endDate": "2019-03-31", "totalRevenue": 15855000, "costOfRevenue": 1200000, "grossProfit": 14655000, "researchDevelopment": {}, "sellingGeneralAdministrative": 169000, "nonRecurring": {}, "otherOperatingExpenses": 13440000, "totalOperatingExpenses": 15432000, "operatingIncome": 423000, "totalOtherIncomeExpenseNet": -2000, "ebit": 423000, "interestExpense": -2000, "incomeBeforeTax": 421000, "incomeTaxExpense": 110000, "minorityInterest": 478000, "netIncomeFromContinuingOps": 311000, "discontinuedOperations": {}, "extraordinaryItems": {}, "effectOfAccountingCharges": {}, "otherItems": {}, "netIncome": 311000, "netIncomeApplicableToCommonShares": 311000}, {"maxAge": 1, "endDate": "2018-03-31", "totalRevenue": 6614000, "costOfRevenue": 550000, "grossProfit": 6064000, "researchDevelopment": {}, "sellingGeneralAdministrative": 45000, "nonRecurring": {}, "otherOperatingExpenses": 5837000, "totalOperatingExpenses": 6440100, "operatingIncome": 173900, "totalOtherIncomeExpenseNet": -11100, "ebit": 173900, "interestExpense": -5500, "incomeBeforeTax": 168300, "incomeTaxExpense": 5000, "minorityInterest": 478000, "netIncomeFromContinuingOps": 163300, "discontinuedOperations": {}, "extraordinaryItems": {}, "effectOfAccountingCharges": {}, "otherItems": {}, "netIncome": 163300, "netIncomeApplicableToCommonShares": 163300}, {"maxAge": 1, "endDate": "2017-03-31", "totalRevenue": 513000, "costOfRevenue": 20000, "grossProfit": 493000, "researchDevelopment": {}, "sellingGeneralAdministrative": 30000, "nonRecurring": {}, "otherOperatingExpenses": 2319000, "totalOperatingExpenses": 2373700, "operatingIncome": -1860700, "totalOtherIncomeExpenseNet": 0, "ebit": -1860700, "interestExpense": -5500, "incomeBeforeTax": -1860700, "incomeTaxExpense": 2500, "minorityInterest": 478000, "netIncomeFromContinuingOps": -1863200, "discontinuedOperations": {}, "extraordinaryItems": {}, "effectOfAccountingCharges": {}, "otherItems": {}, "netIncome": -1863200, "netIncomeApplicableToCommonShares": -1863200}], "maxAge": 86400}, "fundOwnership": {"maxAge": 1, "ownershipList": []}, "summaryDetail": {"maxAge": 1, "priceHint": 2, "previousClose": 13.17, "open": 13.17, "dayLow": 13.17, "dayHigh": 13.17, "regularMarketPreviousClose": 13.17, "regularMarketOpen": 13.17, "regularMarketDayLow": 13.17, "regularMarketDayHigh": 13.17, "trailingPE": 774.7059, "volume": 235, "regularMarketVolume": 235, "averageVolume": 143, "averageVolume10days": 16, "averageDailyVolume10Day": 16, "bid": 0.0, "ask": 13.17, "bidSize": 0, "askSize": 0, "marketCap": 66206908, "fiftyTwoWeekLow": 3.95, "fiftyTwoWeekHigh": 14.86, "fiftyDayAverage": 13.099143, "twoHundredDayAverage": 10.694744, "currency": "INR", "fromCurrency": null, "toCurrency": null, "lastMarket": null, "algorithm": null, "tradeable": false}, "incomeStatementHistoryQuarterly": {"incomeStatementHistory": [{"maxAge": 1, "endDate": "2020-06-30", "totalRevenue": 840000, "costOfRevenue": 610000, "grossProfit": 230000, "researchDevelopment": {}, "sellingGeneralAdministrative": {}, "nonRecurring": {}, "otherOperatingExpenses": 560000, "totalOperatingExpenses": 1446000, "operatingIncome": -606000, "totalOtherIncomeExpenseNet": -2000, "ebit": -606000, "interestExpense": -1000, "incomeBeforeTax": -608000, "incomeTaxExpense": 0, "minorityInterest": {}, "netIncomeFromContinuingOps": -608000, "discontinuedOperations": {}, "extraordinaryItems": {}, "effectOfAccountingCharges": {}, "otherItems": {}, "netIncome": -604000, "netIncomeApplicableToCommonShares": -604000}, {"maxAge": 1, "endDate": "2020-03-31", "totalRevenue": 3597000, "costOfRevenue": 939000, "grossProfit": 2658000, "researchDevelopment": {}, "sellingGeneralAdministrative": 38000, "nonRecurring": {}, "otherOperatingExpenses": 1160000, "totalOperatingExpenses": 2385000, "operatingIncome": 1212000, "totalOtherIncomeExpenseNet": 113000, "ebit": 1212000, "interestExpense": -1000, "incomeBeforeTax": 1325000, "incomeTaxExpense": 0, "minorityInterest": 478000, "netIncomeFromContinuingOps": 1325000, "discontinuedOperations": {}, "extraordinaryItems": {}, "effectOfAccountingCharges": {}, "otherItems": {}, "netIncome": 1337000, "netIncomeApplicableToCommonShares": 1337000}, {"maxAge": 1, "endDate": "2019-12-31", "totalRevenue": 1045000, "costOfRevenue": 526000, "grossProfit": 519000, "researchDevelopment": {}, "sellingGeneralAdministrative": 38000, "nonRecurring": {}, "otherOperatingExpenses": 946000, "totalOperatingExpenses": 1770000, "operatingIncome": -725000, "totalOtherIncomeExpenseNet": -1000, "ebit": -725000, "interestExpense": -1000, "incomeBeforeTax": -726000, "incomeTaxExpense": 0, "minorityInterest": 478000, "netIncomeFromContinuingOps": -726000, "discontinuedOperations": {}, "extraordinaryItems": {}, "effectOfAccountingCharges": {}, "otherItems": {}, "netIncome": -726000, "netIncomeApplicableToCommonShares": -726000}, {"maxAge": 1, "endDate": "2019-09-30", "totalRevenue": 2471000, "costOfRevenue": 333000, "grossProfit": 2138000, "researchDevelopment": {}, "sellingGeneralAdministrative": 38000, "nonRecurring": {}, "otherOperatingExpenses": 1762000, "totalOperatingExpenses": 2395000, "operatingIncome": 76000, "totalOtherIncomeExpenseNet": -1000, "ebit": 76000, "interestExpense": -1000, "incomeBeforeTax": 75000, "incomeTaxExpense": 0, "minorityInterest": 478000, "netIncomeFromContinuingOps": 75000, "discontinuedOperations": {}, "extraordinaryItems": {}, "effectOfAccountingCharges": {}, "otherItems": {}, "netIncome": 75000, "netIncomeApplicableToCommonShares": 75000}], "maxAge": 86400}, "cashflowStatementHistoryQuarterly": {"cashflowStatements": [{"maxAge": 1, "endDate": "2020-06-30", "netIncome": -604000, "changeToLiabilities": 0}, {"maxAge": 1, "endDate": "2020-03-31", "netIncome": 1337000, "changeToLiabilities": 0}, {"maxAge": 1, "endDate": "2019-12-31", "netIncome": -726000, "changeToLiabilities": 0}, {"maxAge": 1, "endDate": "2019-09-30", "netIncome": 75000, "changeToLiabilities": 0}], "maxAge": 86400}, "insiderHolders": {"holders": [], "maxAge": 1}, "calendarEvents": {"maxAge": 1, "earnings": {"earningsDate": []}}, "price": {"maxAge": 1, "regularMarketChangePercent": 0.0, "regularMarketChange": 0.0, "regularMarketTime": "2021-04-30 15:16:28", "priceHint": 2, "regularMarketPrice": 13.17, "regularMarketDayHigh": 13.17, "regularMarketDayLow": 13.17, "regularMarketVolume": 235, "averageDailyVolume10Day": 16, "averageDailyVolume3Month": 143, "regularMarketPreviousClose": 13.17, "regularMarketSource": "FREE_REALTIME", "regularMarketOpen": 13.17, "exchange": "BSE", "exchangeName": "BSE", "exchangeDataDelayedBy": 0, "marketState": "CLOSED", "quoteType": "EQUITY", "symbol": "ECOM.BO", "underlyingSymbol": null, "shortName": "E.COM INFOTECH (I) LTD.", "longName": "Accedere Limited", "currency": "INR", "quoteSourceName": "Delayed Quote", "currencySymbol": "\u20b9", "fromCurrency": null, "toCurrency": null, "lastMarket": null, "marketCap": 66206908}, "balanceSheetHistory": {"balanceSheetStatements": [{"maxAge": 1, "endDate": "2020-03-31", "cash": 6938000, "netReceivables": 28493000, "otherCurrentAssets": 40000, "totalCurrentAssets": 35471000, "propertyPlantEquipment": 3342000, "otherAssets": 7507000, "deferredLongTermAssetCharges": 181000, "totalAssets": 46320000, "accountsPayable": 3820000, "otherCurrentLiab": 241000, "longTermDebt": 130000, "minorityInterest": 478000, "totalCurrentLiabilities": 4186000, "totalLiab": 4316000, "commonStock": 47574000, "retainedEarnings": -6048000, "totalStockholderEquity": 41526000, "netTangibleAssets": 41526000}, {"maxAge": 1, "endDate": "2019-03-31", "cash": 5243000, "netReceivables": 31129000, "otherCurrentAssets": 25000, "totalCurrentAssets": 36434000, "propertyPlantEquipment": 3009000, "otherAssets": 7386000, "deferredLongTermAssetCharges": 71000, "totalAssets": 46829000, "accountsPayable": 4232000, "otherCurrentLiab": 165000, "longTermDebt": 516000, "totalCurrentLiabilities": 4479000, "totalLiab": 4995000, "commonStock": 47574000, "retainedEarnings": -5740000, "treasuryStock": 500, "otherStockholderEquity": 500, "totalStockholderEquity": 41834000, "netTangibleAssets": 41834000}, {"maxAge": 1, "endDate": "2018-03-31", "cash": 1024000, "netReceivables": 34988700, "otherCurrentAssets": 817300, "totalCurrentAssets": 36830000, "propertyPlantEquipment": 98600, "otherAssets": 7300400, "totalAssets": 44229000, "accountsPayable": 1446500, "otherCurrentLiab": 106500, "longTermDebt": 416100, "otherLiab": 5100, "totalCurrentLiabilities": 2286000, "totalLiab": 2707200, "commonStock": 47574000, "retainedEarnings": -6052200, "totalStockholderEquity": 41521800, "netTangibleAssets": 41521800}, {"maxAge": 1, "endDate": "2017-03-31", "cash": 102600, "netReceivables": 35507900, "otherCurrentAssets": 153500, "totalCurrentAssets": 35764000, "propertyPlantEquipment": 25500, "otherAssets": 7300400, "deferredLongTermAssetCharges": 500, "totalAssets": 43089900, "accountsPayable": 218200, "otherCurrentLiab": 328600, "longTermDebt": 1139100, "totalCurrentLiabilities": 591800, "totalLiab": 1730900, "commonStock": 47574000, "retainedEarnings": -6215000, "totalStockholderEquity": 41359000, "netTangibleAssets": 41359000}], "maxAge": 86400}, "financialData": {"maxAge": 86400, "currentPrice": 13.17, "recommendationKey": "none", "grossProfits": 5825000, "financialCurrency": "INR"}}}