{"ECOPLAST.BO": {"recommendationTrend": {"trend": [{"period": "0m", "strongBuy": 0, "buy": 0, "hold": 0, "sell": 0, "strongSell": 0}, {"period": "-1m", "strongBuy": 0, "buy": 0, "hold": 0, "sell": 0, "strongSell": 0}, {"period": "-2m", "strongBuy": 0, "buy": 0, "hold": 0, "sell": 0, "strongSell": 0}, {"period": "-3m", "strongBuy": 0, "buy": 0, "hold": 0, "sell": 0, "strongSell": 0}], "maxAge": 86400}, "cashflowStatementHistory": {"cashflowStatements": [{"maxAge": 1, "endDate": "2020-03-31", "netIncome": 35294805, "depreciation": 24657760, "changeToNetincome": 17396551, "changeToAccountReceivables": -38597528, "changeToLiabilities": -217733, "changeToInventory": 17348288, "changeToOperatingActivities": 4238115, "totalCashFromOperatingActivities": 60120258, "capitalExpenditures": -79661278, "otherCashflowsFromInvestingActivities": 648824, "totalCashflowsFromInvestingActivities": -79012454, "dividendsPaid": -4500000, "netBorrowings": 30917138, "otherCashflowsFromFinancingActivities": -9704699, "totalCashFromFinancingActivities": 16712439, "changeInCash": -2179757}, {"maxAge": 1, "endDate": "2019-03-31", "netIncome": 28932997, "depreciation": 23017409, "changeToNetincome": 8919000, "changeToAccountReceivables": 3542200, "changeToLiabilities": -10755602, "changeToInventory": 1439249, "changeToOperatingActivities": -7114767, "totalCashFromOperatingActivities": 47980486, "capitalExpenditures": -27103804, "otherCashflowsFromInvestingActivities": 817209, "totalCashflowsFromInvestingActivities": -22428712, "dividendsPaid": -4500000, "netBorrowings": -11819386, "otherCashflowsFromFinancingActivities": -16658013, "totalCashFromFinancingActivities": -32977399, "changeInCash": -7425625}, {"maxAge": 1, "endDate": "2018-03-31", "netIncome": 35095836, "depreciation": 21598959, "changeToNetincome": 9430189, "changeToAccountReceivables": 34562322, "changeToLiabilities": -21642400, "changeToInventory": -317017, "changeToOperatingActivities": -6725539, "totalCashFromOperatingActivities": 72002350, "capitalExpenditures": -11894133, "otherCashflowsFromInvestingActivities": 8015457, "totalCashflowsFromInvestingActivities": -2250632, "dividendsPaid": -3600000, "netBorrowings": -41684094, "otherCashflowsFromFinancingActivities": -16673550, "totalCashFromFinancingActivities": -61957644, "changeInCash": 7794074}, {"maxAge": 1, "endDate": "2017-03-31", "netIncome": 29596932, "depreciation": 21326677, "changeToNetincome": 17061493, "changeToAccountReceivables": -30288697, "changeToLiabilities": 12108682, "changeToInventory": -17791252, "changeToOperatingActivities": 2919408, "totalCashFromOperatingActivities": 34933243, "capitalExpenditures": -43047075, "otherCashflowsFromInvestingActivities": 8015457, "totalCashflowsFromInvestingActivities": -42045009, "dividendsPaid": -3600000, "netBorrowings": 27868128, "otherCashflowsFromFinancingActivities": -20028486, "totalCashFromFinancingActivities": 7839642, "changeInCash": 727876}], "maxAge": 86400}, "institutionOwnership": {"ownershipList": [], "maxAge": 1}, "balanceSheetHistoryQuarterly": {"balanceSheetStatements": [{"maxAge": 1, "endDate": "2020-06-30", "totalStockholderEquity": 319097000, "netTangibleAssets": 319097000}, {"maxAge": 1, "endDate": "2020-03-31", "cash": 2188082, "netReceivables": 216408901, "inventory": 105013047, "otherCurrentAssets": 18374206, "totalCurrentAssets": 345393851, "propertyPlantEquipment": 185971439, "otherAssets": 10187059, "totalAssets": 541552349, "accountsPayable": 76835636, "shortLongTermDebt": 14176409, "otherCurrentLiab": 2341900, "longTermDebt": 31525066, "otherLiab": 11243759, "totalCurrentLiabilities": 176085279, "totalLiab": 222455266, "commonStock": 30000000, "retainedEarnings": 264109023, "treasuryStock": -5011940, "capitalSurplus": 30000000, "otherStockholderEquity": -5011940, "totalStockholderEquity": 319097083, "netTangibleAssets": 319097083}, {"maxAge": 1, "endDate": "2019-12-31", "totalStockholderEquity": 303928000, "netTangibleAssets": 292533000}, {"maxAge": 1, "endDate": "2019-09-30", "cash": 7367000, "netReceivables": 161588000, "inventory": 102319000, "otherCurrentAssets": 6696000, "totalCurrentAssets": 277970000, "propertyPlantEquipment": 147722000, "goodWill": 11395000, "otherAssets": 16476000, "totalAssets": 453563000, "accountsPayable": 66299000, "otherCurrentLiab": 14720000, "longTermDebt": 9269000, "otherLiab": 11034000, "totalCurrentLiabilities": 129332000, "totalLiab": 149635000, "commonStock": 30000000, "treasuryStock": 273928000, "otherStockholderEquity": 273928000, "totalStockholderEquity": 303928000, "netTangibleAssets": 292533000}], "maxAge": 86400}, "earningsHistory": {"history": [{"maxAge": 1, "epsActual": {}, "epsEstimate": {}, "epsDifference": {}, "surprisePercent": {}, "quarter": {}, "period": "-4q"}, {"maxAge": 1, "epsActual": {}, "epsEstimate": {}, "epsDifference": {}, "surprisePercent": {}, "quarter": {}, "period": "-3q"}, {"maxAge": 1, "epsActual": {}, "epsEstimate": {}, "epsDifference": {}, "surprisePercent": {}, "quarter": {}, "period": "-2q"}, {"maxAge": 1, "epsActual": 1.45, "epsEstimate": 2.86, "epsDifference": -1.41, "surprisePercent": -0.493, "quarter": "2017-09-30", "period": "-1q"}], "maxAge": 86400}, "indexTrend": {"maxAge": 1, "symbol": "SP5", "peRatio": 19.7411, "pegRatio": 1.34172, "estimates": [{"period": "0q", "growth": 0.549}, {"period": "+1q", "growth": 0.431}, {"period": "0y", "growth": 0.305}, {"period": "+1y", "growth": 0.109}, {"period": "+5y", "growth": 0.120859005}, {"period": "-5y"}]}, "industryTrend": {"maxAge": 1, "symbol": null, "estimates": []}, "insiderTransactions": {"transactions": [{"maxAge": 1, "shares": 16841, "filerUrl": "", "transactionText": "", "filerName": "Patel (Charulata Nitinbhai)", "filerRelation": "UNREPORTED", "moneyText": "", "startDate": "2019-06-06", "ownership": "D"}, {"maxAge": 1, "shares": 20000, "filerUrl": "", "transactionText": "", "filerName": "Patel (Aditya Nitin)", "filerRelation": "UNREPORTED", "moneyText": "", "startDate": "2019-06-06", "ownership": "D"}, {"maxAge": 1, "shares": 31000, "filerUrl": "", "transactionText": "", "filerName": "Desai (Jankee J)", "filerRelation": "Promoter", "moneyText": "", "startDate": "2019-06-06", "ownership": "D"}, {"maxAge": 1, "shares": 61000, "filerUrl": "", "transactionText": "", "filerName": "Kharas (Pheroze Pestonji)", "filerRelation": "Director (Non-Executive)", "moneyText": "", "startDate": "2019-06-06", "ownership": "D"}, {"maxAge": 1, "shares": 28138, "filerUrl": "", "transactionText": "", "filerName": "Patel (Nitinkumar Manubhai)", "filerRelation": "UNREPORTED", "moneyText": "", "startDate": "2018-03-26", "ownership": "D"}, {"maxAge": 1, "shares": 6600, "filerUrl": "", "transactionText": "", "filerName": "Patel (Aditya Nitin)", "filerRelation": "UNREPORTED", "moneyText": "", "startDate": "2018-03-26", "ownership": "D"}, {"maxAge": 1, "shares": 20000, "filerUrl": "", "transactionText": "", "filerName": "Kharas (Pheroze Pestonji)", "filerRelation": "Director (Non-Executive)", "moneyText": "", "startDate": "2018-03-26", "ownership": "D"}, {"maxAge": 1, "shares": 476827, "filerUrl": "", "transactionText": "", "filerName": "Silver Stream Properties Pvt Ltd", "filerRelation": "Promoter", "moneyText": "", "startDate": "2017-12-27", "ownership": "D"}, {"maxAge": 1, "shares": 21280, "filerUrl": "", "transactionText": "", "filerName": "Desai (Jankee J)", "filerRelation": "Promoter", "moneyText": "", "startDate": "2017-10-30", "ownership": "D"}, {"maxAge": 1, "shares": 5472, "filerUrl": "", "transactionText": "", "filerName": "Patel (Nitinkumar Manubhai)", "filerRelation": "UNREPORTED", "moneyText": "", "startDate": "2016-09-08", "ownership": "D"}, {"maxAge": 1, "shares": 5212, "filerUrl": "", "transactionText": "", "filerName": "Patel (Aditya Nitin)", "filerRelation": "UNREPORTED", "moneyText": "", "startDate": "2016-07-22", "ownership": "D"}, {"maxAge": 1, "shares": 2028, "filerUrl": "", "transactionText": "", "filerName": "Patel (Charulata Nitinbhai)", "filerRelation": "Director", "moneyText": "", "startDate": "2016-07-05", "ownership": "D"}, {"maxAge": 1, "shares": 14075, "filerUrl": "", "transactionText": "", "filerName": "Desai (Stuti J)", "filerRelation": "Promoter", "moneyText": "", "startDate": "2016-06-08", "ownership": "D"}, {"maxAge": 1, "shares": 14716, "filerUrl": "", "transactionText": "", "filerName": "Desai (Jankee J)", "filerRelation": "Promoter", "moneyText": "", "startDate": "2016-06-08", "ownership": "D"}, {"maxAge": 1, "shares": 35300, "filerUrl": "", "transactionText": "", "filerName": "Desai (Amita Jaymin)", "filerRelation": "Managing Director", "moneyText": "", "startDate": "2016-02-11", "ownership": "D"}, {"maxAge": 1, "shares": 21530, "filerUrl": "", "transactionText": "", "filerName": "Desai (Amita Jaymin)", "filerRelation": "Promoter", "moneyText": "", "startDate": "2015-07-07", "ownership": "D"}, {"maxAge": 1, "shares": 10000, "filerUrl": "", "transactionText": "", "filerName": "Desai (jaymin Balvantrai)", "filerRelation": "Managing Director", "moneyText": "", "startDate": "2015-06-15", "ownership": "D"}, {"maxAge": 1, "shares": 5320, "filerUrl": "", "transactionText": "", "filerName": "Desai (Jankee J)", "filerRelation": "Promoter", "moneyText": "", "startDate": "2015-06-15", "ownership": "D"}, {"maxAge": 1, "shares": 10000, "filerUrl": "", "transactionText": "", "filerName": "Desai (Amita Jaymin)", "filerRelation": "Promoter", "moneyText": "", "startDate": "2015-06-15", "ownership": "D"}, {"maxAge": 1, "shares": 261900, "filerUrl": "", "transactionText": "", "filerName": "Desai (Alka Bankim)", "filerRelation": "UNREPORTED", "moneyText": "", "startDate": "2011-05-04", "ownership": "D"}, {"maxAge": 1, "shares": 135200, "filerUrl": "", "transactionText": "", "filerName": "Desai (Bankim Bhupendra)", "filerRelation": "Director", "moneyText": "", "startDate": "2011-05-04", "ownership": "D"}, {"maxAge": 1, "shares": 56800, "filerUrl": "", "transactionText": "", "filerName": "Desai (Bankim B) HUF", "filerRelation": "UNREPORTED", "moneyText": "", "startDate": "2011-05-04", "ownership": "D"}, {"maxAge": 1, "shares": 51210, "filerUrl": "", "transactionText": "", "filerName": "Kharas (Pheroze Pestonji)", "filerRelation": "Director (Non-Executive)", "moneyText": "", "startDate": "2011-04-07", "ownership": "D"}], "maxAge": 1}, "quoteType": {"exchange": "BSE", "quoteType": "EQUITY", "symbol": "ECOPLAST.BO", "underlyingSymbol": "ECOPLAST.BO", "shortName": "ECOPLAST LTD.", "longName": "Ecoplast Limited", "firstTradeDateEpochUtc": "2002-01-29 09:15:00", "timeZoneFullName": "Asia/Kolkata", "timeZoneShortName": "IST", "uuid": "3524e575-3f31-3588-9390-585dc7d8f9d7", "gmtOffSetMilliseconds": 19800000, "maxAge": 1}, "incomeStatementHistory": {"incomeStatementHistory": [{"maxAge": 1, "endDate": "2020-03-31", "totalRevenue": 986435109, "costOfRevenue": 674249391, "grossProfit": 312185718, "researchDevelopment": {}, "sellingGeneralAdministrative": 97776675, "nonRecurring": {}, "otherOperatingExpenses": 133221752, "totalOperatingExpenses": 929905578, "operatingIncome": 56529531, "totalOtherIncomeExpenseNet": -5254601, "ebit": 56529531, "interestExpense": -6208315, "incomeBeforeTax": 51274930, "incomeTaxExpense": 15980125, "minorityInterest": {}, "netIncomeFromContinuingOps": 35294805, "discontinuedOperations": {}, "extraordinaryItems": {}, "effectOfAccountingCharges": {}, "otherItems": {}, "netIncome": 35294805, "netIncomeApplicableToCommonShares": 35294805}, {"maxAge": 1, "endDate": "2019-03-31", "totalRevenue": 1015404865, "costOfRevenue": 742623778, "grossProfit": 272781087, "researchDevelopment": {}, "sellingGeneralAdministrative": 85354018, "nonRecurring": {}, "otherOperatingExpenses": 120906679, "totalOperatingExpenses": 971901884, "operatingIncome": 43502981, "totalOtherIncomeExpenseNet": -7839038, "ebit": 43502981, "interestExpense": -10933981, "incomeBeforeTax": 35663943, "incomeTaxExpense": 6730946, "minorityInterest": {}, "netIncomeFromContinuingOps": 28932997, "discontinuedOperations": {}, "extraordinaryItems": {}, "effectOfAccountingCharges": {}, "otherItems": {}, "netIncome": 28932997, "netIncomeApplicableToCommonShares": 28932997}, {"maxAge": 1, "endDate": "2018-03-31", "totalRevenue": 1037271036, "costOfRevenue": 765538258, "grossProfit": 271732778, "researchDevelopment": {}, "sellingGeneralAdministrative": 78190062, "nonRecurring": {}, "otherOperatingExpenses": 123346304, "totalOperatingExpenses": 988673583, "operatingIncome": 48597453, "totalOtherIncomeExpenseNet": 3943102, "ebit": 48597453, "interestExpense": -13495829, "incomeBeforeTax": 52540555, "incomeTaxExpense": 17444719, "minorityInterest": {}, "netIncomeFromContinuingOps": 35095836, "discontinuedOperations": {}, "extraordinaryItems": {}, "effectOfAccountingCharges": {}, "otherItems": {}, "netIncome": 35095836, "netIncomeApplicableToCommonShares": 35095836}, {"maxAge": 1, "endDate": "2017-03-31", "totalRevenue": 1051901681, "costOfRevenue": 795364519, "grossProfit": 256537162, "researchDevelopment": {}, "sellingGeneralAdministrative": 70762486, "nonRecurring": {}, "otherOperatingExpenses": 115127285, "totalOperatingExpenses": 1002580967, "operatingIncome": 49320714, "totalOtherIncomeExpenseNet": -10964199, "ebit": 49320714, "interestExpense": -17028055, "incomeBeforeTax": 38356515, "incomeTaxExpense": 8759583, "minorityInterest": {}, "netIncomeFromContinuingOps": 29596932, "discontinuedOperations": {}, "extraordinaryItems": {}, "effectOfAccountingCharges": {}, "otherItems": {}, "netIncome": 29596932, "netIncomeApplicableToCommonShares": 29596932}], "maxAge": 86400}, "fundOwnership": {"ownershipList": [], "maxAge": 1}, "summaryDetail": {"maxAge": 1, "priceHint": 2, "previousClose": 74.45, "open": 71.1, "dayLow": 71.0, "dayHigh": 74.9, "regularMarketPreviousClose": 74.45, "regularMarketOpen": 71.1, "regularMarketDayLow": 71.0, "regularMarketDayHigh": 74.9, "trailingPE": 13.520921, "forwardPE": 6.6308246, "volume": 537, "regularMarketVolume": 537, "averageVolume": 652, "averageVolume10days": 47, "averageDailyVolume10Day": 47, "bid": 71.6, "ask": 74.0, "bidSize": 0, "askSize": 0, "marketCap": 222000000, "fiftyTwoWeekLow": 69.0, "fiftyTwoWeekHigh": 108.55, "fiftyDayAverage": 77.91818, "twoHundredDayAverage": 82.90956, "trailingAnnualDividendRate": 1.5, "trailingAnnualDividendYield": 0.02014775, "currency": "INR", "fromCurrency": null, "lastMarket": null, "algorithm": null, "tradeable": false}, "sectorTrend": {"maxAge": 1, "symbol": null, "estimates": []}, "incomeStatementHistoryQuarterly": {"incomeStatementHistory": [{"maxAge": 1, "endDate": "2020-06-30", "totalRevenue": 79796000, "costOfRevenue": 49025000, "grossProfit": 30771000, "researchDevelopment": {}, "sellingGeneralAdministrative": 15618000, "nonRecurring": {}, "otherOperatingExpenses": 16688000, "totalOperatingExpenses": 86953000, "operatingIncome": -7157000, "totalOtherIncomeExpenseNet": -2220000, "ebit": -7157000, "interestExpense": -3112000, "incomeBeforeTax": -9377000, "incomeTaxExpense": -43000, "minorityInterest": {}, "netIncomeFromContinuingOps": -9334000, "discontinuedOperations": {}, "extraordinaryItems": {}, "effectOfAccountingCharges": {}, "otherItems": {}, "netIncome": -9334000, "netIncomeApplicableToCommonShares": -9334000}, {"maxAge": 1, "endDate": "2020-03-31", "totalRevenue": 244901109, "costOfRevenue": 168297391, "grossProfit": 76603718, "researchDevelopment": {}, "sellingGeneralAdministrative": 24635675, "nonRecurring": {}, "otherOperatingExpenses": 24491752, "totalOperatingExpenses": 225177578, "operatingIncome": 19723531, "totalOtherIncomeExpenseNet": 2056399, "ebit": 19723531, "interestExpense": -3112000, "incomeBeforeTax": 21779930, "incomeTaxExpense": 4619125, "minorityInterest": {}, "netIncomeFromContinuingOps": 17160805, "discontinuedOperations": {}, "extraordinaryItems": {}, "effectOfAccountingCharges": {}, "otherItems": {}, "netIncome": 17160805, "netIncomeApplicableToCommonShares": 17160805}, {"maxAge": 1, "endDate": "2019-12-31", "totalRevenue": 246871000, "costOfRevenue": 166735000, "grossProfit": 80136000, "researchDevelopment": {}, "sellingGeneralAdministrative": 25141000, "nonRecurring": {}, "otherOperatingExpenses": 36141000, "totalOperatingExpenses": 234070000, "operatingIncome": 12801000, "totalOtherIncomeExpenseNet": -10938000, "ebit": 12801000, "interestExpense": -2592000, "incomeBeforeTax": 1863000, "incomeTaxExpense": 4705000, "minorityInterest": {}, "netIncomeFromContinuingOps": -2842000, "discontinuedOperations": {}, "extraordinaryItems": {}, "effectOfAccountingCharges": {}, "otherItems": {}, "netIncome": -2842000, "netIncomeApplicableToCommonShares": -2842000}, {"maxAge": 1, "endDate": "2019-09-30", "totalRevenue": 245392000, "costOfRevenue": 162828000, "grossProfit": 82564000, "researchDevelopment": {}, "sellingGeneralAdministrative": 24314000, "nonRecurring": {}, "otherOperatingExpenses": 38404000, "totalOperatingExpenses": 231099000, "operatingIncome": 14293000, "totalOtherIncomeExpenseNet": 984000, "ebit": 14293000, "interestExpense": -2146000, "incomeBeforeTax": 15277000, "incomeTaxExpense": 3826000, "minorityInterest": {}, "netIncomeFromContinuingOps": 11451000, "discontinuedOperations": {}, "extraordinaryItems": {}, "effectOfAccountingCharges": {}, "otherItems": {}, "netIncome": 11451000, "netIncomeApplicableToCommonShares": 11451000}], "maxAge": 86400}, "cashflowStatementHistoryQuarterly": {"cashflowStatements": [{"maxAge": 1, "endDate": "2020-06-30", "netIncome": -9334000, "changeToLiabilities": 0}, {"maxAge": 1, "endDate": "2020-03-31", "netIncome": 17160805, "changeToLiabilities": 0}, {"maxAge": 1, "endDate": "2019-12-31", "netIncome": -2842000, "changeToLiabilities": 0}, {"maxAge": 1, "endDate": "2019-09-30", "netIncome": 11451000, "changeToLiabilities": 0}], "maxAge": 86400}, "insiderHolders": {"holders": [{"maxAge": 1, "name": "Desai (Alka Bankim)", "relation": "UNREPORTED", "url": "", "transactionDescription": "Sale", "latestTransDate": "2011-05-04", "positionDirect": 0, "positionDirectDate": "2011-05-04"}, {"maxAge": 1, "name": "Desai (Amita Jaymin)", "relation": "Managing Director", "url": "", "transactionDescription": "Acquisition", "latestTransDate": "2016-02-11", "positionDirect": 541846, "positionDirectDate": "2016-02-11"}, {"maxAge": 1, "name": "Desai (Jankee J)", "relation": "Promoter", "url": "", "transactionDescription": "Acquisition", "latestTransDate": "2019-06-06", "positionDirect": 78116, "positionDirectDate": "2019-06-06"}, {"maxAge": 1, "name": "Desai (Stuti J)", "relation": "Promoter", "url": "", "transactionDescription": "Acquisition", "latestTransDate": "2016-06-08", "positionDirect": 33487, "positionDirectDate": "2016-06-08"}, {"maxAge": 1, "name": "Desai (jaymin Balvantrai)", "relation": "Managing Director", "url": "", "transactionDescription": "Acquisition", "latestTransDate": "2015-06-15", "positionDirect": 485016, "positionDirectDate": "2015-06-15"}, {"maxAge": 1, "name": "Kharas (Pheroze Pestonji)", "relation": "Director (Non-Executive)", "url": "", "transactionDescription": "Sale", "latestTransDate": "2019-06-06", "positionDirect": 980, "positionDirectDate": "2019-06-06"}, {"maxAge": 1, "name": "Patel (Aditya Nitin)", "relation": "UNREPORTED", "url": "", "transactionDescription": "Acquisition", "latestTransDate": "2019-06-06", "positionDirect": 31962, "positionDirectDate": "2019-06-06"}, {"maxAge": 1, "name": "Patel (Charulata Nitinbhai)", "relation": "UNREPORTED", "url": "", "transactionDescription": "Acquisition", "latestTransDate": "2019-06-06", "positionDirect": 400752, "positionDirectDate": "2019-06-06"}, {"maxAge": 1, "name": "Patel (Nitinkumar Manubhai)", "relation": "UNREPORTED", "url": "", "transactionDescription": "Acquisition", "latestTransDate": "2018-03-26", "positionDirect": 118061, "positionDirectDate": "2018-03-26"}, {"maxAge": 1, "name": "Silver Stream Properties Pvt Ltd", "relation": "Promoter", "url": "", "transactionDescription": "Purchase", "latestTransDate": "2017-12-27", "positionDirect": 476827, "positionDirectDate": "2017-12-27"}], "maxAge": 1}, "earnings": {"maxAge": 86400, "earningsChart": {"quarterly": [{"date": "3Q2017", "actual": 1.45, "estimate": 2.86}], "currentQuarterEstimateDate": "4Q", "currentQuarterEstimateYear": 2017, "earningsDate": []}, "financialsChart": {"yearly": [{"date": 2017, "revenue": 1051901681, "earnings": 29596932}, {"date": 2018, "revenue": 1037271036, "earnings": 35095836}, {"date": 2019, "revenue": 1015404865, "earnings": 28932997}, {"date": 2020, "revenue": 986435109, "earnings": 35294805}], "quarterly": [{"date": "3Q2019", "revenue": 245392000, "earnings": 11451000}, {"date": "4Q2019", "revenue": 246871000, "earnings": -2842000}, {"date": "1Q2020", "revenue": 244901109, "earnings": 17160805}, {"date": "2Q2020", "revenue": 79796000, "earnings": -9334000}]}, "financialCurrency": "INR"}, "calendarEvents": {"maxAge": 1, "earnings": {"earningsDate": []}}, "upgradeDowngradeHistory": {"history": [], "maxAge": 86400}, "price": {"maxAge": 1, "regularMarketChangePercent": -0.006044285, "regularMarketChange": -0.44999695, "regularMarketTime": "2021-04-30 15:28:53", "priceHint": 2, "regularMarketPrice": 74.0, "regularMarketDayHigh": 74.9, "regularMarketDayLow": 71.0, "regularMarketVolume": 537, "averageDailyVolume10Day": 47, "averageDailyVolume3Month": 652, "regularMarketPreviousClose": 74.45, "regularMarketSource": "FREE_REALTIME", "regularMarketOpen": 71.1, "exchange": "BSE", "exchangeName": "BSE", "exchangeDataDelayedBy": 0, "marketState": "CLOSED", "quoteType": "EQUITY", "symbol": "ECOPLAST.BO", "underlyingSymbol": null, "shortName": "ECOPLAST LTD.", "longName": "Ecoplast Limited", "currency": "INR", "quoteSourceName": "Delayed Quote", "currencySymbol": "\u20b9", "fromCurrency": null, "lastMarket": null, "marketCap": 222000000}, "balanceSheetHistory": {"balanceSheetStatements": [{"maxAge": 1, "endDate": "2020-03-31", "cash": 2188082, "netReceivables": 216408901, "inventory": 105013047, "otherCurrentAssets": 18374206, "totalCurrentAssets": 345393851, "propertyPlantEquipment": 185971439, "otherAssets": 10187059, "totalAssets": 541552349, "accountsPayable": 76835636, "shortLongTermDebt": 14176409, "otherCurrentLiab": 2341900, "longTermDebt": 31525066, "otherLiab": 11243759, "totalCurrentLiabilities": 176085279, "totalLiab": 222455266, "commonStock": 30000000, "retainedEarnings": 264109023, "treasuryStock": -5011940, "capitalSurplus": 30000000, "otherStockholderEquity": -5011940, "totalStockholderEquity": 319097083, "netTangibleAssets": 319097083}, {"maxAge": 1, "endDate": "2019-03-31", "cash": 4731436, "netReceivables": 182041223, "inventory": 122361335, "otherCurrentAssets": 7753981, "totalCurrentAssets": 320625384, "propertyPlantEquipment": 135777076, "goodWill": 11394805, "otherAssets": 16499802, "totalAssets": 484297067, "accountsPayable": 77053369, "shortLongTermDebt": 10331355, "otherCurrentLiab": 3947980, "longTermDebt": 8415000, "otherLiab": 14539646, "totalCurrentLiabilities": 170556083, "totalLiab": 193510729, "commonStock": 30000000, "retainedEarnings": 234239206, "treasuryStock": -3452868, "capitalSurplus": 30000000, "otherStockholderEquity": -3452868, "totalStockholderEquity": 290786338, "netTangibleAssets": 279391533}, {"maxAge": 1, "endDate": "2018-03-31", "cash": 11223653, "netReceivables": 180961745, "inventory": 123800584, "otherCurrentAssets": 4656229, "totalCurrentAssets": 323818448, "propertyPlantEquipment": 137324709, "goodWill": 11394805, "otherAssets": 17818970, "totalAssets": 490356932, "accountsPayable": 87808971, "shortLongTermDebt": 11928000, "otherCurrentLiab": 3413480, "longTermDebt": 18706045, "otherLiab": 18272354, "totalCurrentLiabilities": 184175805, "totalLiab": 221154204, "commonStock": 30000000, "retainedEarnings": 210731199, "treasuryStock": -1528471, "capitalSurplus": 30000000, "otherStockholderEquity": -1528471, "totalStockholderEquity": 269202728, "netTangibleAssets": 257807923}, {"maxAge": 1, "endDate": "2017-03-31", "cash": 2831824, "netReceivables": 208861268, "inventory": 123454703, "otherCurrentAssets": 8575359, "totalCurrentAssets": 346322766, "propertyPlantEquipment": 148585537, "goodWill": 11394805, "otherAssets": 12464765, "totalAssets": 518767873, "accountsPayable": 105670221, "shortLongTermDebt": 11928000, "otherCurrentLiab": 3737796, "longTermDebt": 36631753, "otherLiab": 15713039, "totalCurrentLiabilities": 228192705, "totalLiab": 280674399, "commonStock": 30000000, "retainedEarnings": 179968239, "treasuryStock": -1874765, "capitalSurplus": 30000000, "otherStockholderEquity": -1874765, "totalStockholderEquity": 238093474, "netTangibleAssets": 226698669}], "maxAge": 86400}, "earningsTrend": {"trend": [{"maxAge": 1, "period": "0q", "endDate": "2017-12-31", "growth": {}, "earningsEstimate": {"avg": 0.0, "low": 0.0, "high": 0.0, "yearAgoEps": {}, "numberOfAnalysts": 0, "growth": {}}, "revenueEstimate": {"avg": 0, "low": 0, "high": 0, "numberOfAnalysts": 0, "yearAgoRevenue": {}, "growth": {}}, "epsTrend": {"current": 0.0, "7daysAgo": 0.0, "30daysAgo": 0.0, "60daysAgo": 0.0, "90daysAgo": 0.0}, "epsRevisions": {"upLast7days": 0, "upLast30days": 0, "downLast30days": 0, "downLast90days": {}}}, {"maxAge": 1, "period": "+1q", "endDate": "2018-03-31", "growth": {}, "earningsEstimate": {"avg": 0.0, "low": 0.0, "high": 0.0, "yearAgoEps": {}, "numberOfAnalysts": 0, "growth": {}}, "revenueEstimate": {"avg": 0, "low": 0, "high": 0, "numberOfAnalysts": 0, "yearAgoRevenue": {}, "growth": {}}, "epsTrend": {"current": 0.0, "7daysAgo": 0.0, "30daysAgo": 0.0, "60daysAgo": 0.0, "90daysAgo": 0.0}, "epsRevisions": {"upLast7days": 0, "upLast30days": 0, "downLast30days": 0, "downLast90days": {}}}, {"maxAge": 1, "period": "0y", "endDate": "2018-03-31", "growth": {}, "earningsEstimate": {"avg": 0.0, "low": 0.0, "high": 0.0, "yearAgoEps": {}, "numberOfAnalysts": 0, "growth": {}}, "revenueEstimate": {"avg": 1057550000, "low": 1057550000, "high": 1057550000, "numberOfAnalysts": 1, "yearAgoRevenue": {}, "growth": {}}, "epsTrend": {"current": 0.0, "7daysAgo": 8.82, "30daysAgo": 8.82, "60daysAgo": 8.82, "90daysAgo": 8.82}, "epsRevisions": {"upLast7days": 0, "upLast30days": 0, "downLast30days": 0, "downLast90days": {}}}, {"maxAge": 1, "period": "+1y", "endDate": "2019-03-31", "growth": {}, "earningsEstimate": {"avg": 0.0, "low": 0.0, "high": 0.0, "yearAgoEps": {}, "numberOfAnalysts": 0, "growth": {}}, "revenueEstimate": {"avg": 1184450000, "low": 1184450000, "high": 1184450000, "numberOfAnalysts": 1, "yearAgoRevenue": 1057550000, "growth": 0.12}, "epsTrend": {"current": 0.0, "7daysAgo": 11.16, "30daysAgo": 11.16, "60daysAgo": 11.16, "90daysAgo": 11.16}, "epsRevisions": {"upLast7days": 0, "upLast30days": 0, "downLast30days": 0, "downLast90days": {}}}, {"maxAge": 1, "period": "+5y", "endDate": null, "growth": {}, "earningsEstimate": {"avg": {}, "low": {}, "high": {}, "yearAgoEps": {}, "numberOfAnalysts": {}, "growth": {}}, "revenueEstimate": {"avg": {}, "low": {}, "high": {}, "numberOfAnalysts": {}, "yearAgoRevenue": {}, "growth": {}}, "epsTrend": {"current": {}, "7daysAgo": {}, "30daysAgo": {}, "60daysAgo": {}, "90daysAgo": {}}, "epsRevisions": {"upLast7days": {}, "upLast30days": {}, "downLast30days": {}, "downLast90days": {}}}, {"maxAge": 1, "period": "-5y", "endDate": null, "growth": {}, "earningsEstimate": {"avg": {}, "low": {}, "high": {}, "yearAgoEps": {}, "numberOfAnalysts": {}, "growth": {}}, "revenueEstimate": {"avg": {}, "low": {}, "high": {}, "numberOfAnalysts": {}, "yearAgoRevenue": {}, "growth": {}}, "epsTrend": {"current": {}, "7daysAgo": {}, "30daysAgo": {}, "60daysAgo": {}, "90daysAgo": {}}, "epsRevisions": {"upLast7days": {}, "upLast30days": {}, "downLast30days": {}, "downLast90days": {}}}], "maxAge": 1}, "financialData": {"maxAge": 86400, "currentPrice": 74.0, "recommendationMean": 2.0, "recommendationKey": "buy", "grossProfits": 312185718, "financialCurrency": "INR"}}}