{"ECORECO.BO": {"cashflowStatementHistory": {"cashflowStatements": [{"maxAge": 1, "endDate": "2020-03-31", "netIncome": 11088260, "depreciation": 4786472, "changeToNetincome": 18934470, "changeToAccountReceivables": 18010783, "changeToLiabilities": 376963, "changeToOperatingActivities": 1514822, "totalCashFromOperatingActivities": 54711770, "investments": -30744743, "otherCashflowsFromInvestingActivities": -4609546, "totalCashflowsFromInvestingActivities": -35354289, "netBorrowings": -28619698, "otherCashflowsFromFinancingActivities": -8032300, "totalCashFromFinancingActivities": -36651998, "changeInCash": -17294519}, {"maxAge": 1, "endDate": "2019-03-31", "netIncome": 10999033, "depreciation": 4730055, "changeToNetincome": 3646447, "changeToAccountReceivables": -20377727, "changeToLiabilities": 1726142, "changeToInventory": 35939264, "changeToOperatingActivities": 47617174, "totalCashFromOperatingActivities": 84280388, "investments": -30472607, "otherCashflowsFromInvestingActivities": -1083411, "totalCashflowsFromInvestingActivities": -31556018, "netBorrowings": -26486891, "otherCashflowsFromFinancingActivities": -10140489, "totalCashFromFinancingActivities": -36627380, "changeInCash": 16096989}, {"maxAge": 1, "endDate": "2018-03-31", "netIncome": -88381546, "depreciation": 3803143, "changeToNetincome": 80808283, "changeToAccountReceivables": 58326389, "changeToLiabilities": -22744285, "changeToInventory": 12328, "changeToOperatingActivities": -23428633, "totalCashFromOperatingActivities": 9255755, "investments": -4144722, "otherCashflowsFromInvestingActivities": 290295, "totalCashflowsFromInvestingActivities": -2821421, "netBorrowings": 8745799, "otherCashflowsFromFinancingActivities": -14788815, "totalCashFromFinancingActivities": -6043016, "changeInCash": 391318}, {"maxAge": 1, "endDate": "2017-03-31", "netIncome": -16383804, "depreciation": 3435311, "changeToNetincome": 24198579, "changeToAccountReceivables": 134350737, "changeToLiabilities": -184737892, "changeToInventory": -988176, "changeToOperatingActivities": 32452825, "totalCashFromOperatingActivities": -7080948, "capitalExpenditures": -15152021, "investments": 23389639, "otherCashflowsFromInvestingActivities": 299614, "totalCashflowsFromInvestingActivities": 8537232, "netBorrowings": 7620999, "otherCashflowsFromFinancingActivities": -12076230, "totalCashFromFinancingActivities": -4455231, "changeInCash": -2998947}], "maxAge": 86400}, "institutionOwnership": {"maxAge": 1, "ownershipList": []}, "balanceSheetHistoryQuarterly": {"balanceSheetStatements": [{"maxAge": 1, "endDate": "2020-06-30", "totalStockholderEquity": 237426539, "netTangibleAssets": 237173539}, {"maxAge": 1, "endDate": "2020-03-31", "cash": 226086, "netReceivables": 27545017, "inventory": 26881165, "otherCurrentAssets": 25811917, "totalCurrentAssets": 99776103, "longTermInvestments": 12482633, "propertyPlantEquipment": 218899504, "intangibleAssets": 253000, "otherAssets": 100542401, "totalAssets": 431953641, "accountsPayable": 2315947, "shortLongTermDebt": 7572468, "otherCurrentLiab": 6090328, "longTermDebt": 154347897, "otherLiab": 8352924, "totalCurrentLiabilities": 31826281, "totalLiab": 194527102, "commonStock": 192967500, "retainedEarnings": -94811311, "treasuryStock": 58412850, "capitalSurplus": 80857500, "otherStockholderEquity": 58412850, "totalStockholderEquity": 237426539, "netTangibleAssets": 237173539}, {"maxAge": 1, "endDate": "2019-12-31", "totalStockholderEquity": 234848000, "netTangibleAssets": 234848000}, {"maxAge": 1, "endDate": "2019-09-30", "cash": 2439000, "netReceivables": 67696000, "inventory": 13217000, "otherCurrentAssets": 27270000, "totalCurrentAssets": 110622000, "longTermInvestments": 31746000, "propertyPlantEquipment": 217528000, "otherAssets": 75709000, "totalAssets": 435605000, "accountsPayable": 683000, "otherCurrentLiab": 8894000, "longTermDebt": 148373000, "otherLiab": 16954000, "totalCurrentLiabilities": 35430000, "totalLiab": 200757000, "commonStock": 178347000, "treasuryStock": 56501000, "otherStockholderEquity": 56501000, "totalStockholderEquity": 234848000, "netTangibleAssets": 234848000}], "maxAge": 86400}, "indexTrend": {"maxAge": 1, "symbol": "SP5", "peRatio": 19.7411, "pegRatio": 1.34172, "estimates": [{"period": "0q", "growth": 0.549}, {"period": "+1q", "growth": 0.431}, {"period": "0y", "growth": 0.305}, {"period": "+1y", "growth": 0.109}, {"period": "+5y", "growth": 0.120859005}, {"period": "-5y"}]}, "insiderTransactions": {"transactions": [{"maxAge": 1, "shares": 500, "filerUrl": "", "transactionText": "", "filerName": "Soni (Brijkisore Kishangopal) HUF", "filerRelation": "UNREPORTED", "moneyText": "", "startDate": "2009-12-10", "ownership": "D"}, {"maxAge": 1, "shares": 1000, "filerUrl": "", "transactionText": "", "filerName": "Soni (Brijkisore Kishangopal) HUF", "filerRelation": "UNREPORTED", "moneyText": "", "startDate": "2009-12-09", "ownership": "D"}, {"maxAge": 1, "shares": 15200, "filerUrl": "", "transactionText": "", "filerName": "Soni (Brijkisore Kishangopal) HUF", "filerRelation": "UNREPORTED", "moneyText": "", "startDate": "2009-11-20", "ownership": "D"}, {"maxAge": 1, "shares": 500, "filerUrl": "", "transactionText": "", "filerName": "Soni (Brijkisore Kishangopal) HUF", "filerRelation": "UNREPORTED", "moneyText": "", "startDate": "2009-10-17", "ownership": "D"}, {"maxAge": 1, "shares": 100, "filerUrl": "", "transactionText": "", "filerName": "Soni (Brijkisore Kishangopal) HUF", "filerRelation": "UNREPORTED", "moneyText": "", "startDate": "2009-10-14", "ownership": "D"}, {"maxAge": 1, "shares": 400, "filerUrl": "", "transactionText": "", "filerName": "Soni (Brijkisore Kishangopal) HUF", "filerRelation": "UNREPORTED", "moneyText": "", "startDate": "2009-10-12", "ownership": "D"}, {"maxAge": 1, "shares": 31500, "filerUrl": "", "transactionText": "", "filerName": "Soni (Brijkisore Kishangopal) HUF", "filerRelation": "UNREPORTED", "moneyText": "", "startDate": "2009-10-09", "ownership": "D"}, {"maxAge": 1, "shares": 1930, "filerUrl": "", "transactionText": "", "filerName": "Soni (Brijkisore Kishangopal) HUF", "filerRelation": "UNREPORTED", "moneyText": "", "startDate": "2009-10-05", "ownership": "D"}, {"maxAge": 1, "shares": 2038, "filerUrl": "", "transactionText": "", "filerName": "Soni (Brijkisore Kishangopal) HUF", "filerRelation": "UNREPORTED", "moneyText": "", "startDate": "2009-09-25", "ownership": "D"}, {"maxAge": 1, "shares": 1000, "filerUrl": "", "transactionText": "", "filerName": "Soni (Brijkisore Kishangopal) HUF", "filerRelation": "UNREPORTED", "moneyText": "", "startDate": "2009-09-24", "ownership": "D"}, {"maxAge": 1, "shares": 3468, "filerUrl": "", "transactionText": "", "filerName": "Soni (Brijkisore Kishangopal) HUF", "filerRelation": "UNREPORTED", "moneyText": "", "startDate": "2009-09-23", "ownership": "D"}, {"maxAge": 1, "shares": 4992, "filerUrl": "", "transactionText": "", "filerName": "Soni (Brijkisore Kishangopal) HUF", "filerRelation": "UNREPORTED", "moneyText": "", "startDate": "2009-09-16", "ownership": "D"}, {"maxAge": 1, "shares": 3118, "filerUrl": "", "transactionText": "", "filerName": "Soni (Brijkisore Kishangopal) HUF", "filerRelation": "UNREPORTED", "moneyText": "", "startDate": "2009-09-10", "ownership": "D"}, {"maxAge": 1, "shares": 5772, "filerUrl": "", "transactionText": "", "filerName": "Soni (Brijkisore Kishangopal) HUF", "filerRelation": "UNREPORTED", "moneyText": "", "startDate": "2009-08-28", "ownership": "D"}, {"maxAge": 1, "shares": 2740, "filerUrl": "", "transactionText": "", "filerName": "Soni (Brijkisore Kishangopal) HUF", "filerRelation": "UNREPORTED", "moneyText": "", "startDate": "2009-08-26", "ownership": "D"}, {"maxAge": 1, "shares": 1225, "filerUrl": "", "transactionText": "", "filerName": "Soni (Brijkisore Kishangopal) HUF", "filerRelation": "UNREPORTED", "moneyText": "", "startDate": "2009-08-25", "ownership": "D"}, {"maxAge": 1, "shares": 800, "filerUrl": "", "transactionText": "", "filerName": "Soni (Brijkisore Kishangopal) HUF", "filerRelation": "UNREPORTED", "moneyText": "", "startDate": "2009-08-24", "ownership": "D"}], "maxAge": 1}, "quoteType": {"exchange": "BSE", "quoteType": "EQUITY", "symbol": "ECORECO.BO", "underlyingSymbol": "ECORECO.BO", "shortName": "ECO RECYCLING LTD.", "longName": "Eco Recycling Limited", "firstTradeDateEpochUtc": "2002-01-29 09:15:00", "timeZoneFullName": "Asia/Kolkata", "timeZoneShortName": "IST", "uuid": "77ebb8da-1f22-38a6-b3df-1f315a157f97", "messageBoardId": null, "gmtOffSetMilliseconds": 19800000, "maxAge": 1}, "incomeStatementHistory": {"incomeStatementHistory": [{"maxAge": 1, "endDate": "2020-03-31", "totalRevenue": 128406164, "costOfRevenue": 42030884, "grossProfit": 86375280, "researchDevelopment": {}, "sellingGeneralAdministrative": 27113051, "nonRecurring": {}, "otherOperatingExpenses": 15554928, "totalOperatingExpenses": 89485335, "operatingIncome": 38920829, "totalOtherIncomeExpenseNet": -26738490, "ebit": 38920829, "interestExpense": -8032299, "incomeBeforeTax": 12182339, "incomeTaxExpense": 1094079, "minorityInterest": {}, "netIncomeFromContinuingOps": 11088260, "discontinuedOperations": {}, "extraordinaryItems": {}, "effectOfAccountingCharges": {}, "otherItems": {}, "netIncome": 11088260, "netIncomeApplicableToCommonShares": 11088260}, {"maxAge": 1, "endDate": "2019-03-31", "totalRevenue": 126569864, "costOfRevenue": 61932788, "grossProfit": 64637076, "researchDevelopment": {}, "sellingGeneralAdministrative": 24924436, "nonRecurring": {}, "otherOperatingExpenses": 15738516, "totalOperatingExpenses": 107325794, "operatingIncome": 19244070, "totalOtherIncomeExpenseNet": -11346313, "ebit": 19244070, "interestExpense": -9840737, "incomeBeforeTax": 7897757, "incomeTaxExpense": -3101276, "minorityInterest": {}, "netIncomeFromContinuingOps": 10999033, "discontinuedOperations": {}, "extraordinaryItems": {}, "effectOfAccountingCharges": {}, "otherItems": {}, "netIncome": 10999033, "netIncomeApplicableToCommonShares": 10999033}, {"maxAge": 1, "endDate": "2018-03-31", "totalRevenue": 122663430, "costOfRevenue": 74704418, "grossProfit": 47959012, "researchDevelopment": {}, "sellingGeneralAdministrative": 26472994, "nonRecurring": {}, "otherOperatingExpenses": 4100419, "totalOperatingExpenses": 109080971, "operatingIncome": 13582459, "totalOtherIncomeExpenseNet": -101964005, "ebit": 13582459, "interestExpense": -11869605, "incomeBeforeTax": -88381546, "incomeTaxExpense": 0, "minorityInterest": {}, "netIncomeFromContinuingOps": -88381546, "discontinuedOperations": {}, "extraordinaryItems": {}, "effectOfAccountingCharges": {}, "otherItems": {}, "netIncome": -88381546, "netIncomeApplicableToCommonShares": -88381546}, {"maxAge": 1, "endDate": "2017-03-31", "totalRevenue": 195011142, "costOfRevenue": 118906132, "grossProfit": 76105010, "researchDevelopment": {}, "sellingGeneralAdministrative": 33712084, "nonRecurring": {}, "otherOperatingExpenses": 28368679, "totalOperatingExpenses": 184422206, "operatingIncome": 10588936, "totalOtherIncomeExpenseNet": -27504547, "ebit": 10588936, "interestExpense": -12076230, "incomeBeforeTax": -16915611, "incomeTaxExpense": -531807, "minorityInterest": {}, "netIncomeFromContinuingOps": -16383804, "discontinuedOperations": {}, "extraordinaryItems": {}, "effectOfAccountingCharges": {}, "otherItems": {}, "netIncome": -16383804, "netIncomeApplicableToCommonShares": -16383804}], "maxAge": 86400}, "fundOwnership": {"maxAge": 1, "ownershipList": []}, "summaryDetail": {"maxAge": 1, "priceHint": 2, "previousClose": 56.1, "open": 58.0, "dayLow": 54.6, "dayHigh": 58.0, "regularMarketPreviousClose": 56.1, "regularMarketOpen": 58.0, "regularMarketDayLow": 54.6, "regularMarketDayHigh": 58.0, "trailingPE": 45.53795, "volume": 16955, "regularMarketVolume": 16955, "averageVolume": 16281, "averageVolume10days": 87549, "averageDailyVolume10Day": 87549, "bid": 54.6, "ask": 55.0, "bidSize": 0, "askSize": 0, "marketCap": 1053605248, "fiftyTwoWeekLow": 20.1, "fiftyTwoWeekHigh": 71.75, "fiftyDayAverage": 43.96857, "twoHundredDayAverage": 44.48102, "currency": "INR", "fromCurrency": null, "toCurrency": null, "lastMarket": null, "algorithm": null, "tradeable": false}, "incomeStatementHistoryQuarterly": {"incomeStatementHistory": [{"maxAge": 1, "endDate": "2020-06-30", "totalRevenue": 39100000, "costOfRevenue": 1600000, "grossProfit": 37500000, "researchDevelopment": {}, "sellingGeneralAdministrative": 2900000, "nonRecurring": {}, "otherOperatingExpenses": 15600000, "totalOperatingExpenses": 22100000, "operatingIncome": 17000000, "totalOtherIncomeExpenseNet": -2000000, "ebit": 17000000, "interestExpense": -1900000, "incomeBeforeTax": 15000000, "incomeTaxExpense": 0, "minorityInterest": {}, "netIncomeFromContinuingOps": 15000000, "discontinuedOperations": {}, "extraordinaryItems": {}, "effectOfAccountingCharges": {}, "otherItems": {}, "netIncome": 15000000, "netIncomeApplicableToCommonShares": 15000000}, {"maxAge": 1, "endDate": "2020-03-31", "totalRevenue": 50038164, "costOfRevenue": 12862884, "grossProfit": 37175280, "researchDevelopment": {}, "sellingGeneralAdministrative": 10078051, "nonRecurring": {}, "otherOperatingExpenses": 2081928, "totalOperatingExpenses": 26293335, "operatingIncome": 23744829, "totalOtherIncomeExpenseNet": -21577490, "ebit": 23744829, "interestExpense": -2872299, "incomeBeforeTax": 2167339, "incomeTaxExpense": 1094079, "minorityInterest": {}, "netIncomeFromContinuingOps": 1073260, "discontinuedOperations": {}, "extraordinaryItems": {}, "effectOfAccountingCharges": {}, "otherItems": {}, "netIncome": 1073260, "netIncomeApplicableToCommonShares": 1073260}, {"maxAge": 1, "endDate": "2019-12-31", "totalRevenue": 23397000, "costOfRevenue": 7118000, "grossProfit": 16279000, "researchDevelopment": {}, "sellingGeneralAdministrative": 3204000, "nonRecurring": {}, "otherOperatingExpenses": 5980000, "totalOperatingExpenses": 17456000, "operatingIncome": 5941000, "totalOtherIncomeExpenseNet": -1808000, "ebit": 5941000, "interestExpense": -1808000, "incomeBeforeTax": 4133000, "incomeTaxExpense": 0, "minorityInterest": {}, "netIncomeFromContinuingOps": 4133000, "discontinuedOperations": {}, "extraordinaryItems": {}, "effectOfAccountingCharges": {}, "otherItems": {}, "netIncome": 4133000, "netIncomeApplicableToCommonShares": 4133000}, {"maxAge": 1, "endDate": "2019-09-30", "totalRevenue": 20903000, "costOfRevenue": 6835000, "grossProfit": 14068000, "researchDevelopment": {}, "sellingGeneralAdministrative": 6535000, "nonRecurring": {}, "otherOperatingExpenses": 2686000, "totalOperatingExpenses": 17207000, "operatingIncome": 3696000, "totalOtherIncomeExpenseNet": -1690000, "ebit": 3696000, "interestExpense": -1690000, "incomeBeforeTax": 2006000, "incomeTaxExpense": 0, "minorityInterest": {}, "netIncomeFromContinuingOps": 2006000, "discontinuedOperations": {}, "extraordinaryItems": {}, "effectOfAccountingCharges": {}, "otherItems": {}, "netIncome": 2006000, "netIncomeApplicableToCommonShares": 2006000}], "maxAge": 86400}, "cashflowStatementHistoryQuarterly": {"cashflowStatements": [{"maxAge": 1, "endDate": "2020-06-30", "netIncome": 15000000, "changeToLiabilities": 0}, {"maxAge": 1, "endDate": "2020-03-31", "netIncome": 1073260, "changeToLiabilities": 0}, {"maxAge": 1, "endDate": "2019-12-31", "netIncome": 4133000, "changeToLiabilities": 0}, {"maxAge": 1, "endDate": "2019-09-30", "netIncome": 2006000, "changeToLiabilities": 0}], "maxAge": 86400}, "insiderHolders": {"holders": [{"maxAge": 1, "name": "Soni (Brijkisore Kishangopal) HUF", "relation": "UNREPORTED", "url": "", "transactionDescription": "Acquisition", "latestTransDate": "2009-12-10", "positionDirect": 151647, "positionDirectDate": "2009-12-10"}], "maxAge": 1}, "calendarEvents": {"maxAge": 1, "earnings": {"earningsDate": ["2020-09-10 05:30:S"]}}, "price": {"maxAge": 1, "regularMarketChangePercent": -0.02673797, "regularMarketChange": -1.5, "regularMarketTime": "2021-04-30 15:29:31", "priceHint": 2, "regularMarketPrice": 54.6, "regularMarketDayHigh": 58.0, "regularMarketDayLow": 54.6, "regularMarketVolume": 16955, "averageDailyVolume10Day": 87549, "averageDailyVolume3Month": 16281, "regularMarketPreviousClose": 56.1, "regularMarketSource": "FREE_REALTIME", "regularMarketOpen": 58.0, "exchange": "BSE", "exchangeName": "BSE", "exchangeDataDelayedBy": 0, "marketState": "CLOSED", "quoteType": "EQUITY", "symbol": "ECORECO.BO", "underlyingSymbol": null, "shortName": "ECO RECYCLING LTD.", "longName": "Eco Recycling Limited", "currency": "INR", "quoteSourceName": "Delayed Quote", "currencySymbol": "\u20b9", "fromCurrency": null, "toCurrency": null, "lastMarket": null, "marketCap": 1053605248}, "balanceSheetHistory": {"balanceSheetStatements": [{"maxAge": 1, "endDate": "2020-03-31", "cash": 226086, "netReceivables": 27545017, "inventory": 26881165, "otherCurrentAssets": 25811917, "totalCurrentAssets": 99776103, "longTermInvestments": 12482633, "propertyPlantEquipment": 218899504, "intangibleAssets": 253000, "otherAssets": 100542401, "totalAssets": 431953641, "accountsPayable": 2315947, "shortLongTermDebt": 7572468, "otherCurrentLiab": 6090328, "longTermDebt": 154347897, "otherLiab": 8352924, "totalCurrentLiabilities": 31826281, "totalLiab": 194527102, "commonStock": 192967500, "retainedEarnings": -94811311, "treasuryStock": 58412850, "capitalSurplus": 80857500, "otherStockholderEquity": 58412850, "totalStockholderEquity": 237426539, "netTangibleAssets": 237173539}, {"maxAge": 1, "endDate": "2019-03-31", "cash": 17521605, "netReceivables": 42454219, "inventory": 28734626, "otherCurrentAssets": 28106054, "totalCurrentAssets": 116816504, "longTermInvestments": 30311181, "propertyPlantEquipment": 218510261, "intangibleAssets": 284625, "otherAssets": 99167674, "totalAssets": 465090245, "accountsPayable": 2023697, "shortLongTermDebt": 1980270, "otherCurrentLiab": 2047763, "longTermDebt": 147356012, "otherLiab": 13977208, "totalCurrentLiabilities": 64759907, "totalLiab": 226093127, "commonStock": 175425000, "retainedEarnings": -94914743, "treasuryStock": 60086860, "capitalSurplus": 98400001, "otherStockholderEquity": 60086860, "totalStockholderEquity": 238997118, "netTangibleAssets": 238712493}, {"maxAge": 1, "endDate": "2018-03-31", "cash": 1403866, "shortTermInvestments": 1001350, "netReceivables": 63987640, "inventory": 64673891, "otherCurrentAssets": 51727285, "totalCurrentAssets": 183691649, "longTermInvestments": 34639024, "propertyPlantEquipment": 222289507, "otherAssets": 53047702, "totalAssets": 493667882, "accountsPayable": 297555, "shortLongTermDebt": 3067500, "longTermDebt": 178267578, "otherLiab": 23722206, "totalCurrentLiabilities": 55301580, "totalLiab": 257291364, "commonStock": 175425000, "treasuryStock": 60951518, "otherStockholderEquity": 60951518, "totalStockholderEquity": 236376518, "netTangibleAssets": 236376518}, {"maxAge": 1, "endDate": "2017-03-31", "cash": 1012548, "netReceivables": 113108163, "inventory": 89603278, "otherCurrentAssets": 63299422, "totalCurrentAssets": 268370927, "longTermInvestments": 24249967, "propertyPlantEquipment": 165536083, "intangibleAssets": 65277332, "otherAssets": 16223683, "totalAssets": 539657992, "accountsPayable": 39791388, "shortLongTermDebt": 6063463, "otherCurrentLiab": 12247189, "longTermDebt": 120436776, "otherLiab": 4888145, "totalCurrentLiabilities": 135506899, "totalLiab": 260831820, "commonStock": 175425000, "retainedEarnings": -17539219, "treasuryStock": 22540391, "capitalSurplus": 98400000, "otherStockholderEquity": 22540391, "totalStockholderEquity": 278826172, "netTangibleAssets": 213548840}], "maxAge": 86400}, "financialData": {"maxAge": 86400, "currentPrice": 54.6, "recommendationKey": "none", "grossProfits": 86375280, "financialCurrency": "INR"}}}