{"EIHAHOTELS.BO": {"recommendationTrend": {"trend": [{"period": "0m", "strongBuy": 0, "buy": 0, "hold": 0, "sell": 0, "strongSell": 0}, {"period": "-1m", "strongBuy": 0, "buy": 0, "hold": 0, "sell": 0, "strongSell": 0}, {"period": "-2m", "strongBuy": 0, "buy": 0, "hold": 0, "sell": 0, "strongSell": 0}, {"period": "-3m", "strongBuy": 0, "buy": 0, "hold": 0, "sell": 0, "strongSell": 0}], "maxAge": 86400}, "cashflowStatementHistory": {"cashflowStatements": [{"maxAge": 1, "endDate": "2020-03-31", "netIncome": 379640000, "depreciation": 156350000, "changeToNetincome": -54130000, "changeToAccountReceivables": 70730000, "changeToLiabilities": 105320000, "changeToInventory": -10510000, "changeToOperatingActivities": -80610000, "totalCashFromOperatingActivities": 570160000, "capitalExpenditures": -369710000, "investments": -6710000, "otherCashflowsFromInvestingActivities": 22250000, "totalCashflowsFromInvestingActivities": -344320000, "dividendsPaid": -136800000, "netBorrowings": -6440000, "otherCashflowsFromFinancingActivities": -32270000, "totalCashFromFinancingActivities": -175510000, "changeInCash": 50330000}, {"maxAge": 1, "endDate": "2019-03-31", "netIncome": 379380000, "depreciation": 140160000, "changeToNetincome": 75350000, "changeToAccountReceivables": -30860000, "changeToLiabilities": 60170000, "changeToInventory": -1130000, "changeToOperatingActivities": -25610000, "totalCashFromOperatingActivities": 599920000, "capitalExpenditures": -242460000, "investments": -205380000, "otherCashflowsFromInvestingActivities": 21880000, "totalCashflowsFromInvestingActivities": -419020000, "dividendsPaid": -136700000, "netBorrowings": -1320000, "otherCashflowsFromFinancingActivities": -32520000, "totalCashFromFinancingActivities": -170540000, "changeInCash": 10360000}, {"maxAge": 1, "endDate": "2018-03-31", "netIncome": 377940000, "depreciation": 138580000, "changeToNetincome": 77640000, "changeToAccountReceivables": -56850000, "changeToLiabilities": 45150000, "changeToInventory": 6660000, "changeToOperatingActivities": -22010000, "totalCashFromOperatingActivities": 569410000, "capitalExpenditures": -107260000, "investments": -357580000, "otherCashflowsFromInvestingActivities": 2900000, "totalCashflowsFromInvestingActivities": -460640000, "dividendsPaid": -137140000, "netBorrowings": 5730000, "otherCashflowsFromFinancingActivities": -31880000, "totalCashFromFinancingActivities": -163290000, "changeInCash": -54520000}, {"maxAge": 1, "endDate": "2017-03-31", "netIncome": 427800000, "depreciation": 139760000, "changeToNetincome": 142850000, "changeToAccountReceivables": 16610000, "changeToLiabilities": 37430000, "changeToInventory": -2360000, "changeToOperatingActivities": -38200000, "totalCashFromOperatingActivities": 726060000, "capitalExpenditures": -89000000, "investments": -180000000, "otherCashflowsFromInvestingActivities": 4480000, "totalCashflowsFromInvestingActivities": -260480000, "dividendsPaid": -30920000, "netBorrowings": -341470000, "otherCashflowsFromFinancingActivities": -25480000, "totalCashFromFinancingActivities": -397870000, "changeInCash": 67710000}], "maxAge": 86400}, "institutionOwnership": {"ownershipList": [], "maxAge": 1}, "balanceSheetHistoryQuarterly": {"balanceSheetStatements": [{"maxAge": 1, "endDate": "2020-06-30", "totalStockholderEquity": 3451590000, "netTangibleAssets": 3442770000}, {"maxAge": 1, "endDate": "2020-03-31", "cash": 105330000, "shortTermInvestments": 283670000, "netReceivables": 270050000, "inventory": 113520000, "otherCurrentAssets": 85450000, "totalCurrentAssets": 1391500000, "longTermInvestments": 1090000, "propertyPlantEquipment": 2863490000, "intangibleAssets": 8820000, "otherAssets": 201700000, "totalAssets": 4466600000, "accountsPayable": 379970000, "otherCurrentLiab": 111130000, "otherLiab": 365000000, "totalCurrentLiabilities": 627430000, "totalLiab": 1015010000, "commonStock": 304680000, "retainedEarnings": 1961430000, "treasuryStock": 108480000, "capitalSurplus": 1077000000, "otherStockholderEquity": 108480000, "totalStockholderEquity": 3451590000, "netTangibleAssets": 3442770000}, {"maxAge": 1, "endDate": "2019-12-31", "totalStockholderEquity": 3134502000, "netTangibleAssets": 3128473000}, {"maxAge": 1, "endDate": "2019-09-30", "cash": 312865000, "shortTermInvestments": 224602000, "netReceivables": 163876000, "inventory": 114890000, "otherCurrentAssets": 94731000, "totalCurrentAssets": 910964000, "longTermInvestments": 23872000, "propertyPlantEquipment": 2732546000, "intangibleAssets": 6029000, "otherAssets": 196188000, "totalAssets": 3869599000, "accountsPayable": 270988000, "otherCurrentLiab": 116596000, "longTermDebt": 21030000, "otherLiab": 314954000, "totalCurrentLiabilities": 399113000, "totalLiab": 735097000, "commonStock": 304681000, "treasuryStock": 2829821000, "otherStockholderEquity": 2829821000, "totalStockholderEquity": 3134502000, "netTangibleAssets": 3128473000}], "maxAge": 86400}, "earningsHistory": {"history": [{"maxAge": 1, "epsActual": {}, "epsEstimate": {}, "epsDifference": {}, "surprisePercent": {}, "quarter": {}, "period": "-4q"}, {"maxAge": 1, "epsActual": {}, "epsEstimate": {}, "epsDifference": {}, "surprisePercent": {}, "quarter": {}, "period": "-3q"}, {"maxAge": 1, "epsActual": 5.96, "epsEstimate": 5.77, "epsDifference": 0.19, "surprisePercent": 0.033, "quarter": "2017-03-31", "period": "-2q"}, {"maxAge": 1, "epsActual": -0.46, "epsEstimate": 1.56, "epsDifference": -2.02, "surprisePercent": -1.295, "quarter": "2017-09-30", "period": "-1q"}], "maxAge": 86400}, "indexTrend": {"maxAge": 1, "symbol": "SP5", "peRatio": 19.7411, "pegRatio": 1.34172, "estimates": [{"period": "0q", "growth": 0.549}, {"period": "+1q", "growth": 0.431}, {"period": "0y", "growth": 0.305}, {"period": "+1y", "growth": 0.109}, {"period": "+5y", "growth": 0.120865}, {"period": "-5y"}]}, "industryTrend": {"maxAge": 1, "symbol": null, "estimates": []}, "insiderTransactions": {"transactions": [{"maxAge": 1, "shares": 746035, "filerUrl": "", "transactionText": "", "filerName": "Coronet Investments Pvt Ltd", "filerRelation": "Promoter", "moneyText": "", "startDate": "2012-10-25", "ownership": "D"}, {"maxAge": 1, "shares": 4143785, "filerUrl": "", "transactionText": "", "filerName": "EIH Ltd", "filerRelation": "Promoter", "moneyText": "", "startDate": "2012-10-25", "ownership": "D"}, {"maxAge": 1, "shares": 813077, "filerUrl": "", "transactionText": "", "filerName": "Manali Investment & Finance Pvt Ltd", "filerRelation": "Promoter", "moneyText": "", "startDate": "2012-10-25", "ownership": "D"}, {"maxAge": 1, "shares": 2423111, "filerUrl": "", "transactionText": "", "filerName": "Raheja (Satish)", "filerRelation": "Promoter", "moneyText": "", "startDate": "2012-10-25", "ownership": "D"}, {"maxAge": 1, "shares": 393500, "filerUrl": "", "transactionText": "", "filerName": "Jupiter South Asia Investment Company Ltd", "filerRelation": "Investment Advisor", "moneyText": "", "startDate": "2010-12-02", "ownership": "D"}], "maxAge": 1}, "quoteType": {"exchange": "BSE", "quoteType": "EQUITY", "symbol": "EIHAHOTELS.BO", "underlyingSymbol": "EIHAHOTELS.BO", "shortName": "EIH ASSOCIATED HOTELS LTD.", "longName": "EIH Associated Hotels Limited", "firstTradeDateEpochUtc": "2000-11-08 09:15:00", "timeZoneFullName": "Asia/Kolkata", "timeZoneShortName": "IST", "uuid": "310201cb-3002-3e43-a3a5-ddee6e195140", "gmtOffSetMilliseconds": 19800000, "maxAge": 1}, "incomeStatementHistory": {"incomeStatementHistory": [{"maxAge": 1, "endDate": "2020-03-31", "totalRevenue": 2528730000, "costOfRevenue": 918140000, "grossProfit": 1610590000, "researchDevelopment": {}, "sellingGeneralAdministrative": 125240000, "nonRecurring": {}, "otherOperatingExpenses": 916230000, "totalOperatingExpenses": 2119330000, "operatingIncome": 409400000, "totalOtherIncomeExpenseNet": 20610000, "ebit": 409400000, "interestExpense": -4350000, "incomeBeforeTax": 430010000, "incomeTaxExpense": 50370000, "minorityInterest": {}, "netIncomeFromContinuingOps": 379640000, "discontinuedOperations": {}, "extraordinaryItems": {}, "effectOfAccountingCharges": {}, "otherItems": {}, "netIncome": 379640000, "netIncomeApplicableToCommonShares": 379640000}, {"maxAge": 1, "endDate": "2019-03-31", "totalRevenue": 2684350000, "costOfRevenue": 930870000, "grossProfit": 1753480000, "researchDevelopment": {}, "sellingGeneralAdministrative": 126130000, "nonRecurring": {}, "otherOperatingExpenses": 934160000, "totalOperatingExpenses": 2133780000, "operatingIncome": 550570000, "totalOtherIncomeExpenseNet": 32880000, "ebit": 550570000, "interestExpense": -4260000, "incomeBeforeTax": 583450000, "incomeTaxExpense": 204070000, "minorityInterest": {}, "netIncomeFromContinuingOps": 379380000, "discontinuedOperations": {}, "extraordinaryItems": {}, "effectOfAccountingCharges": {}, "otherItems": {}, "netIncome": 379380000, "netIncomeApplicableToCommonShares": 379380000}, {"maxAge": 1, "endDate": "2018-03-31", "totalRevenue": 2672010000, "costOfRevenue": 916920000, "grossProfit": 1755090000, "researchDevelopment": {}, "sellingGeneralAdministrative": 110740000, "nonRecurring": {}, "otherOperatingExpenses": 918870000, "totalOperatingExpenses": 2087410000, "operatingIncome": 584600000, "totalOtherIncomeExpenseNet": 2000000, "ebit": 584600000, "interestExpense": -3900000, "incomeBeforeTax": 586600000, "incomeTaxExpense": 208660000, "minorityInterest": {}, "netIncomeFromContinuingOps": 377940000, "discontinuedOperations": {}, "extraordinaryItems": {}, "effectOfAccountingCharges": {}, "otherItems": {}, "netIncome": 377940000, "netIncomeApplicableToCommonShares": 377940000}, {"maxAge": 1, "endDate": "2017-03-31", "totalRevenue": 2694430000, "costOfRevenue": 894710000, "grossProfit": 1799720000, "researchDevelopment": {}, "sellingGeneralAdministrative": 124110000, "nonRecurring": {}, "otherOperatingExpenses": 878860000, "totalOperatingExpenses": 2039730000, "operatingIncome": 654700000, "totalOtherIncomeExpenseNet": -5360000, "ebit": 654700000, "interestExpense": -18920000, "incomeBeforeTax": 649340000, "incomeTaxExpense": 221540000, "minorityInterest": {}, "netIncomeFromContinuingOps": 427800000, "discontinuedOperations": {}, "extraordinaryItems": {}, "effectOfAccountingCharges": {}, "otherItems": {}, "netIncome": 427800000, "netIncomeApplicableToCommonShares": 427800000}], "maxAge": 86400}, "fundOwnership": {"ownershipList": [], "maxAge": 1}, "summaryDetail": {"maxAge": 1, "priceHint": 2, "previousClose": 234.0, "open": 231.65, "dayLow": 227.95, "dayHigh": 234.6, "regularMarketPreviousClose": 234.0, "regularMarketOpen": 231.65, "regularMarketDayLow": 227.95, "regularMarketDayHigh": 234.6, "trailingPE": 33.425373, "forwardPE": 14.223871, "volume": 114, "regularMarketVolume": 114, "averageVolume": 2309, "averageVolume10days": 407, "averageDailyVolume10Day": 407, "bid": 227.7, "ask": 238.0, "bidSize": 0, "askSize": 0, "marketCap": 7007663104, "fiftyTwoWeekLow": 164.1, "fiftyTwoWeekHigh": 319.4, "fiftyDayAverage": 280.5485, "twoHundredDayAverage": 254.82243, "trailingAnnualDividendRate": 4.5, "trailingAnnualDividendYield": 0.01923077, "currency": "INR", "fromCurrency": null, "lastMarket": null, "algorithm": null, "tradeable": false}, "sectorTrend": {"maxAge": 1, "symbol": null, "estimates": []}, "incomeStatementHistoryQuarterly": {"incomeStatementHistory": [{"maxAge": 1, "endDate": "2020-06-30", "totalRevenue": 30025000, "costOfRevenue": 114279000, "grossProfit": -84254000, "researchDevelopment": {}, "sellingGeneralAdministrative": {}, "nonRecurring": {}, "otherOperatingExpenses": 97544000, "totalOperatingExpenses": 254178000, "operatingIncome": -224153000, "totalOtherIncomeExpenseNet": 12906000, "ebit": -224153000, "interestExpense": -1067000, "incomeBeforeTax": -211247000, "incomeTaxExpense": -59342000, "minorityInterest": {}, "netIncomeFromContinuingOps": -151905000, "discontinuedOperations": {}, "extraordinaryItems": {}, "effectOfAccountingCharges": {}, "otherItems": {}, "netIncome": -151905000, "netIncomeApplicableToCommonShares": -151905000}, {"maxAge": 1, "endDate": "2020-03-31", "totalRevenue": 676643000, "costOfRevenue": 340297000, "grossProfit": 336346000, "researchDevelopment": {}, "sellingGeneralAdministrative": 125240000, "nonRecurring": {}, "otherOperatingExpenses": 38424000, "totalOperatingExpenses": 547421000, "operatingIncome": 129222000, "totalOtherIncomeExpenseNet": 24339000, "ebit": 129222000, "interestExpense": -621000, "incomeBeforeTax": 153561000, "incomeTaxExpense": 46135000, "minorityInterest": {}, "netIncomeFromContinuingOps": 107426000, "discontinuedOperations": {}, "extraordinaryItems": {}, "effectOfAccountingCharges": {}, "otherItems": {}, "netIncome": 107426000, "netIncomeApplicableToCommonShares": 107426000}, {"maxAge": 1, "endDate": "2019-12-31", "totalRevenue": 882570000, "costOfRevenue": 208522000, "grossProfit": 674048000, "researchDevelopment": {}, "sellingGeneralAdministrative": 125240000, "nonRecurring": {}, "otherOperatingExpenses": 346076000, "totalOperatingExpenses": 594621000, "operatingIncome": 287949000, "totalOtherIncomeExpenseNet": -1224000, "ebit": 287949000, "interestExpense": -1224000, "incomeBeforeTax": 286725000, "incomeTaxExpense": 83021000, "minorityInterest": {}, "netIncomeFromContinuingOps": 203704000, "discontinuedOperations": {}, "extraordinaryItems": {}, "effectOfAccountingCharges": {}, "otherItems": {}, "netIncome": 203704000, "netIncomeApplicableToCommonShares": 203704000}, {"maxAge": 1, "endDate": "2019-09-30", "totalRevenue": 474767000, "costOfRevenue": 192346000, "grossProfit": 282421000, "researchDevelopment": {}, "sellingGeneralAdministrative": 125240000, "nonRecurring": {}, "otherOperatingExpenses": 278282000, "totalOperatingExpenses": 509102000, "operatingIncome": -34335000, "totalOtherIncomeExpenseNet": -1261000, "ebit": -34335000, "interestExpense": -1261000, "incomeBeforeTax": -35596000, "incomeTaxExpense": -86211000, "minorityInterest": {}, "netIncomeFromContinuingOps": 50615000, "discontinuedOperations": {}, "extraordinaryItems": {}, "effectOfAccountingCharges": {}, "otherItems": {}, "netIncome": 50615000, "netIncomeApplicableToCommonShares": 50615000}], "maxAge": 86400}, "cashflowStatementHistoryQuarterly": {"cashflowStatements": [{"maxAge": 1, "endDate": "2020-06-30", "netIncome": -151905000, "changeToLiabilities": 0}, {"maxAge": 1, "endDate": "2020-03-31", "netIncome": 107426000, "changeToLiabilities": 0}, {"maxAge": 1, "endDate": "2019-12-31", "netIncome": 203704000, "changeToLiabilities": 0}, {"maxAge": 1, "endDate": "2019-09-30", "netIncome": 50615000, "changeToLiabilities": 0}], "maxAge": 86400}, "insiderHolders": {"holders": [{"maxAge": 1, "name": "Coronet Investments Pvt Ltd", "relation": "Promoter", "url": "", "transactionDescription": "Acquisition", "latestTransDate": "2012-10-25", "positionDirect": 2088899, "positionDirectDate": "2012-10-25"}, {"maxAge": 1, "name": "EIH Ltd", "relation": "Promoter", "url": "", "transactionDescription": "Acquisition", "latestTransDate": "2012-10-25", "positionDirect": 11215118, "positionDirectDate": "2012-10-25"}, {"maxAge": 1, "name": "Jupiter South Asia Investment Company Ltd", "relation": "Investment Advisor", "url": "", "transactionDescription": "Acquisition", "latestTransDate": "2010-12-02", "positionDirect": 1623707, "positionDirectDate": "2010-12-02"}, {"maxAge": 1, "name": "Manali Investment & Finance Pvt Ltd", "relation": "Promoter", "url": "", "transactionDescription": "Acquisition", "latestTransDate": "2012-10-25", "positionDirect": 2276617, "positionDirectDate": "2012-10-25"}, {"maxAge": 1, "name": "Raheja (Satish)", "relation": "Promoter", "url": "", "transactionDescription": "Acquisition", "latestTransDate": "2012-10-25", "positionDirect": 6784711, "positionDirectDate": "2012-10-25"}], "maxAge": 1}, "earnings": {"maxAge": 86400, "earningsChart": {"quarterly": [{"date": "1Q2017", "actual": 5.96, "estimate": 5.77}, {"date": "3Q2017", "actual": -0.46, "estimate": 1.56}], "currentQuarterEstimateDate": "4Q", "currentQuarterEstimateYear": 2017, "earningsDate": []}, "financialsChart": {"yearly": [{"date": 2017, "revenue": 2694430000, "earnings": 427800000}, {"date": 2018, "revenue": 2672010000, "earnings": 377940000}, {"date": 2019, "revenue": 2684350000, "earnings": 379380000}, {"date": 2020, "revenue": 2528730000, "earnings": 379640000}], "quarterly": [{"date": "3Q2019", "revenue": 474767000, "earnings": 50615000}, {"date": "4Q2019", "revenue": 882570000, "earnings": 203704000}, {"date": "1Q2020", "revenue": 676643000, "earnings": 107426000}, {"date": "2Q2020", "revenue": 30025000, "earnings": -151905000}]}, "financialCurrency": "INR"}, "calendarEvents": {"maxAge": 1, "earnings": {"earningsDate": [], "revenueAverage": 869329000}}, "upgradeDowngradeHistory": {"history": [], "maxAge": 86400}, "price": {"maxAge": 1, "regularMarketChangePercent": -0.017094018, "regularMarketChange": -4.0, "regularMarketTime": "2021-04-30 15:29:02", "priceHint": 2, "regularMarketPrice": 230.0, "regularMarketDayHigh": 234.6, "regularMarketDayLow": 227.95, "regularMarketVolume": 114, "averageDailyVolume10Day": 407, "averageDailyVolume3Month": 2309, "regularMarketPreviousClose": 234.0, "regularMarketSource": "FREE_REALTIME", "regularMarketOpen": 231.65, "exchange": "BSE", "exchangeName": "BSE", "exchangeDataDelayedBy": 0, "marketState": "CLOSED", "quoteType": "EQUITY", "symbol": "EIHAHOTELS.BO", "underlyingSymbol": null, "shortName": "EIH ASSOCIATED HOTELS LTD.", "longName": "EIH Associated Hotels Limited", "currency": "INR", "quoteSourceName": "Delayed Quote", "currencySymbol": "\u20b9", "fromCurrency": null, "lastMarket": null, "marketCap": 7007663104}, "balanceSheetHistory": {"balanceSheetStatements": [{"maxAge": 1, "endDate": "2020-03-31", "cash": 105330000, "shortTermInvestments": 283670000, "netReceivables": 270050000, "inventory": 113520000, "otherCurrentAssets": 85450000, "totalCurrentAssets": 1391500000, "longTermInvestments": 1090000, "propertyPlantEquipment": 2863490000, "intangibleAssets": 8820000, "otherAssets": 201700000, "totalAssets": 4466600000, "accountsPayable": 379970000, "otherCurrentLiab": 111130000, "otherLiab": 365000000, "totalCurrentLiabilities": 627430000, "totalLiab": 1015010000, "commonStock": 304680000, "retainedEarnings": 1961430000, "treasuryStock": 108480000, "capitalSurplus": 1077000000, "otherStockholderEquity": 108480000, "totalStockholderEquity": 3451590000, "netTangibleAssets": 3442770000}, {"maxAge": 1, "endDate": "2019-03-31", "cash": 55000000, "shortTermInvestments": 317930000, "netReceivables": 338660000, "inventory": 103000000, "otherCurrentAssets": 19110000, "totalCurrentAssets": 1324010000, "longTermInvestments": 1040000, "propertyPlantEquipment": 2548320000, "intangibleAssets": 7560000, "otherAssets": 228190000, "totalAssets": 4109120000, "accountsPayable": 302790000, "otherCurrentLiab": 67090000, "otherLiab": 392710000, "totalCurrentLiabilities": 471070000, "totalLiab": 873480000, "commonStock": 304680000, "retainedEarnings": 1745480000, "treasuryStock": 108480000, "capitalSurplus": 1077000000, "otherStockholderEquity": 108480000, "totalStockholderEquity": 3235640000, "netTangibleAssets": 3228080000}, {"maxAge": 1, "endDate": "2018-03-31", "cash": 44640000, "shortTermInvestments": 1280000, "netReceivables": 327770000, "inventory": 101870000, "otherCurrentAssets": 19470000, "totalCurrentAssets": 922460000, "longTermInvestments": 150550000, "propertyPlantEquipment": 2453550000, "intangibleAssets": 6150000, "otherAssets": 222950000, "totalAssets": 3755660000, "accountsPayable": 246500000, "otherCurrentLiab": 46970000, "otherLiab": 311590000, "totalCurrentLiabilities": 409810000, "totalLiab": 732970000, "commonStock": 304680000, "retainedEarnings": 1532530000, "treasuryStock": 108480000, "capitalSurplus": 1077000000, "otherStockholderEquity": 108480000, "totalStockholderEquity": 3022690000, "netTangibleAssets": 3016540000}, {"maxAge": 1, "endDate": "2017-03-31", "cash": 99160000, "netReceivables": 269650000, "inventory": 108530000, "otherCurrentAssets": 41130000, "totalCurrentAssets": 734210000, "longTermInvestments": 15020000, "propertyPlantEquipment": 2496660000, "intangibleAssets": 7930000, "otherAssets": 199510000, "totalAssets": 3453330000, "accountsPayable": 206250000, "otherCurrentLiab": 78620000, "otherLiab": 223980000, "totalCurrentLiabilities": 412380000, "totalLiab": 642960000, "commonStock": 304680000, "retainedEarnings": 1320210000, "treasuryStock": 108480000, "capitalSurplus": 1077000000, "otherStockholderEquity": 108480000, "totalStockholderEquity": 2810370000, "netTangibleAssets": 2802440000}], "maxAge": 86400}, "earningsTrend": {"trend": [{"maxAge": 1, "period": "0q", "endDate": "2017-12-31", "growth": {}, "earningsEstimate": {"avg": 0.0, "low": 0.0, "high": 0.0, "yearAgoEps": {}, "numberOfAnalysts": 0, "growth": {}}, "revenueEstimate": {"avg": 869329000, "low": 0, "high": 0, "numberOfAnalysts": 0, "yearAgoRevenue": {}, "growth": {}}, "epsTrend": {"current": 0.0, "7daysAgo": 0.0, "30daysAgo": 0.0, "60daysAgo": 0.0, "90daysAgo": 0.0}, "epsRevisions": {"upLast7days": 0, "upLast30days": 0, "downLast30days": 0, "downLast90days": {}}}, {"maxAge": 1, "period": "+1q", "endDate": "2018-03-31", "growth": {}, "earningsEstimate": {"avg": 0.0, "low": 0.0, "high": 0.0, "yearAgoEps": {}, "numberOfAnalysts": 0, "growth": {}}, "revenueEstimate": {"avg": 803041000, "low": 0, "high": 0, "numberOfAnalysts": 0, "yearAgoRevenue": 831388000, "growth": -0.034}, "epsTrend": {"current": 0.0, "7daysAgo": 0.0, "30daysAgo": 0.0, "60daysAgo": 0.0, "90daysAgo": 0.0}, "epsRevisions": {"upLast7days": 0, "upLast30days": 0, "downLast30days": 0, "downLast90days": {}}}, {"maxAge": 1, "period": "0y", "endDate": "2018-03-31", "growth": {}, "earningsEstimate": {"avg": 0.0, "low": 0.0, "high": 0.0, "yearAgoEps": {}, "numberOfAnalysts": 0, "growth": {}}, "revenueEstimate": {"avg": 2635250000, "low": 2763780000, "high": 2763780000, "numberOfAnalysts": 1, "yearAgoRevenue": 2633420000, "growth": 0.001}, "epsTrend": {"current": 0.0, "7daysAgo": 14.54, "30daysAgo": 14.54, "60daysAgo": 14.54, "90daysAgo": 14.54}, "epsRevisions": {"upLast7days": 0, "upLast30days": 0, "downLast30days": 0, "downLast90days": {}}}, {"maxAge": 1, "period": "+1y", "endDate": "2019-03-31", "growth": {}, "earningsEstimate": {"avg": 0.0, "low": 0.0, "high": 0.0, "yearAgoEps": {}, "numberOfAnalysts": 0, "growth": {}}, "revenueEstimate": {"avg": 3012520000, "low": 3012520000, "high": 3012520000, "numberOfAnalysts": 1, "yearAgoRevenue": 2635250000, "growth": 0.143}, "epsTrend": {"current": 0.0, "7daysAgo": 16.17, "30daysAgo": 16.17, "60daysAgo": 16.17, "90daysAgo": 16.17}, "epsRevisions": {"upLast7days": 0, "upLast30days": 0, "downLast30days": 0, "downLast90days": {}}}, {"maxAge": 1, "period": "+5y", "endDate": null, "growth": {}, "earningsEstimate": {"avg": {}, "low": {}, "high": {}, "yearAgoEps": {}, "numberOfAnalysts": {}, "growth": {}}, "revenueEstimate": {"avg": {}, "low": {}, "high": {}, "numberOfAnalysts": {}, "yearAgoRevenue": {}, "growth": {}}, "epsTrend": {"current": {}, "7daysAgo": {}, "30daysAgo": {}, "60daysAgo": {}, "90daysAgo": {}}, "epsRevisions": {"upLast7days": {}, "upLast30days": {}, "downLast30days": {}, "downLast90days": {}}}, {"maxAge": 1, "period": "-5y", "endDate": null, "growth": {}, "earningsEstimate": {"avg": {}, "low": {}, "high": {}, "yearAgoEps": {}, "numberOfAnalysts": {}, "growth": {}}, "revenueEstimate": {"avg": {}, "low": {}, "high": {}, "numberOfAnalysts": {}, "yearAgoRevenue": {}, "growth": {}}, "epsTrend": {"current": {}, "7daysAgo": {}, "30daysAgo": {}, "60daysAgo": {}, "90daysAgo": {}}, "epsRevisions": {"upLast7days": {}, "upLast30days": {}, "downLast30days": {}, "downLast90days": {}}}], "maxAge": 1}, "financialData": {"maxAge": 86400, "currentPrice": 230.0, "targetHighPrice": 435.0, "targetLowPrice": 435.0, "targetMeanPrice": 435.0, "targetMedianPrice": 435.0, "recommendationKey": "none", "numberOfAnalystOpinions": 1, "grossProfits": 1610590000, "financialCurrency": "INR"}}}