{"EIHAHOTELS.NS": {"assetProfile": {"address1": "7, Shamnath Marg", "city": "Delhi", "zip": "110054", "country": "India", "phone": "91 11 2389 0505", "fax": "91 11 2389 0575", "website": "http://www.eihassociatedhotels.in", "industry": "Lodging", "sector": "Consumer Cyclical", "longBusinessSummary": "EIH Associated Hotels Limited engages in the ownership, management, and operation of five star deluxe and five star hotels in India. It operates The Oberoi Cecil at Shimla and The Oberoi Rajvilas at Jaipur; and hotels under the Trident name in Agra, Bhubaneswar, Chennai, Cochin, Jaipur, and Udaipur. The company was formerly known as Oberoi Associated Hotels Limited and changed its name to EIH Associated Hotels Limited in November 1996. EIH Associated Hotels Limited was incorporated in 1983 and is based in Delhi, India.", "fullTimeEmployees": 666, "companyOfficers": [{"maxAge": 1, "name": "Mr. Vikramjit  Singh Oberoi", "age": 57, "title": "MD & Exec. Director", "yearBorn": 1963, "fiscalYear": 2020, "totalPay": 520000, "exercisedValue": 0, "unexercisedValue": 0}, {"maxAge": 1, "name": "Mr. Samidh  Das", "age": 53, "title": "Chief Financial Officer", "yearBorn": 1967, "fiscalYear": 2020, "totalPay": 7830000, "exercisedValue": 0, "unexercisedValue": 0}, {"maxAge": 1, "name": "Ms. Indrani  Ray", "age": 49, "title": "Company Sec. & Compliance Officer", "yearBorn": 1971, "fiscalYear": 2020, "totalPay": 4690000, "exercisedValue": 0, "unexercisedValue": 0}, {"maxAge": 1, "name": "Jashobant  Parhi", "age": 57, "title": "Head of HR", "yearBorn": 1963, "exercisedValue": 0, "unexercisedValue": 0}, {"maxAge": 1, "name": "Niraj  Tanwar", "age": 43, "title": "Financial Controller", "yearBorn": 1977, "exercisedValue": 0, "unexercisedValue": 0}, {"maxAge": 1, "name": "J.  Suresh", "age": 55, "title": "Financial Controller", "yearBorn": 1965, "exercisedValue": 0, "unexercisedValue": 0}, {"maxAge": 1, "name": "Mr. Anshul  Kaul", "age": 45, "title": "Gen. Mang. of the Oberoi - Rajvilas, Jaipur", "yearBorn": 1975, "exercisedValue": 0, "unexercisedValue": 0}], "compensationAsOfEpochDate": "2020-12-31 05:30:00", "maxAge": 86400}, "cashflowStatementHistory": {"cashflowStatements": [{"maxAge": 1, "endDate": "2020-03-31", "netIncome": 379640000, "depreciation": 156350000, "changeToNetincome": -54130000, "changeToAccountReceivables": 70730000, "changeToLiabilities": 105320000, "changeToInventory": -10510000, "changeToOperatingActivities": -80610000, "totalCashFromOperatingActivities": 570160000, "capitalExpenditures": -369710000, "investments": -6710000, "otherCashflowsFromInvestingActivities": 22250000, "totalCashflowsFromInvestingActivities": -344320000, "dividendsPaid": -136800000, "netBorrowings": -6440000, "otherCashflowsFromFinancingActivities": -32270000, "totalCashFromFinancingActivities": -175510000, "changeInCash": 50330000}, {"maxAge": 1, "endDate": "2019-03-31", "netIncome": 379380000, "depreciation": 140160000, "changeToNetincome": 75350000, "changeToAccountReceivables": -30860000, "changeToLiabilities": 60170000, "changeToInventory": -1130000, "changeToOperatingActivities": -25610000, "totalCashFromOperatingActivities": 599920000, "capitalExpenditures": -242460000, "investments": -205380000, "otherCashflowsFromInvestingActivities": 21880000, "totalCashflowsFromInvestingActivities": -419020000, "dividendsPaid": -136700000, "netBorrowings": -1320000, "otherCashflowsFromFinancingActivities": -32520000, "totalCashFromFinancingActivities": -170540000, "changeInCash": 10360000}, {"maxAge": 1, "endDate": "2018-03-31", "netIncome": 377940000, "depreciation": 138580000, "changeToNetincome": 77640000, "changeToAccountReceivables": -56850000, "changeToLiabilities": 45150000, "changeToInventory": 6660000, "changeToOperatingActivities": -22010000, "totalCashFromOperatingActivities": 569410000, "capitalExpenditures": -107260000, "investments": -357580000, "otherCashflowsFromInvestingActivities": 2900000, "totalCashflowsFromInvestingActivities": -460640000, "dividendsPaid": -137140000, "netBorrowings": 5730000, "otherCashflowsFromFinancingActivities": -31880000, "totalCashFromFinancingActivities": -163290000, "changeInCash": -54520000}, {"maxAge": 1, "endDate": "2017-03-31", "netIncome": 427800000, "depreciation": 139760000, "changeToNetincome": 142850000, "changeToAccountReceivables": 16610000, "changeToLiabilities": 37430000, "changeToInventory": -2360000, "changeToOperatingActivities": -38200000, "totalCashFromOperatingActivities": 726060000, "capitalExpenditures": -89000000, "investments": -180000000, "otherCashflowsFromInvestingActivities": 4480000, "totalCashflowsFromInvestingActivities": -260480000, "dividendsPaid": -30920000, "netBorrowings": -341470000, "otherCashflowsFromFinancingActivities": -25480000, "totalCashFromFinancingActivities": -397870000, "changeInCash": 67710000}], "maxAge": 86400}, "institutionOwnership": {"ownershipList": [], "maxAge": 1}, "majorHoldersBreakdown": {"maxAge": 1, "insidersPercentHeld": 0.78699994, "institutionsPercentHeld": 0.132, "institutionsFloatPercentHeld": 0.61974, "institutionsCount": 2}, "balanceSheetHistoryQuarterly": {"balanceSheetStatements": [{"maxAge": 1, "endDate": "2020-12-31", "totalStockholderEquity": 3192489000, "netTangibleAssets": 3185567000}, {"maxAge": 1, "endDate": "2020-09-30", "cash": 103144000, "shortTermInvestments": 428592000, "netReceivables": 65748000, "inventory": 108336000, "otherCurrentAssets": 128076000, "totalCurrentAssets": 833896000, "longTermInvestments": 23130000, "propertyPlantEquipment": 2839375000, "intangibleAssets": 6922000, "otherAssets": 146073000, "totalAssets": 3849396000, "accountsPayable": 247664000, "otherCurrentLiab": 105096000, "otherLiab": 262800000, "totalCurrentLiabilities": 373115000, "totalLiab": 656907000, "commonStock": 304681000, "treasuryStock": 2887808000, "otherStockholderEquity": 2887808000, "totalStockholderEquity": 3192489000, "netTangibleAssets": 3185567000}, {"maxAge": 1, "endDate": "2020-06-30", "totalStockholderEquity": 3451590000, "netTangibleAssets": 3442770000}, {"maxAge": 1, "endDate": "2020-03-31", "cash": 105330000, "shortTermInvestments": 283670000, "netReceivables": 270050000, "inventory": 113520000, "otherCurrentAssets": 85450000, "totalCurrentAssets": 1391500000, "longTermInvestments": 1090000, "propertyPlantEquipment": 2863490000, "intangibleAssets": 8820000, "otherAssets": 201700000, "totalAssets": 4466600000, "accountsPayable": 379970000, "otherCurrentLiab": 111130000, "otherLiab": 365000000, "totalCurrentLiabilities": 627430000, "totalLiab": 1015010000, "commonStock": 304680000, "retainedEarnings": 1961430000, "treasuryStock": 108480000, "capitalSurplus": 1077000000, "otherStockholderEquity": 108480000, "totalStockholderEquity": 3451590000, "netTangibleAssets": 3442770000}], "maxAge": 86400}, "indexTrend": {"maxAge": 1, "symbol": "SP5", "peRatio": 19.7411, "pegRatio": 1.34172, "estimates": [{"period": "0q", "growth": 0.549}, {"period": "+1q", "growth": 0.431}, {"period": "0y", "growth": 0.305}, {"period": "+1y", "growth": 0.109}, {"period": "+5y", "growth": 0.120865}, {"period": "-5y"}]}, "defaultKeyStatistics": {"maxAge": 1, "priceHint": 2, "enterpriseValue": 7512324096, "profitMargins": -0.11793, "floatShares": 6307505, "sharesOutstanding": 30468100, "heldPercentInsiders": 0.78699994, "heldPercentInstitutions": 0.132, "beta": 0.695294, "category": null, "bookValue": 104.679, "priceToBook": 2.1986263, "fundFamily": null, "legalType": null, "lastFiscalYearEnd": "2020-03-31 05:30:00", "nextFiscalYearEnd": "2022-03-31 05:30:00", "mostRecentQuarter": "2020-12-31 05:30:00", "earningsQuarterlyGrowth": -0.993, "netIncomeToCommon": -150466000, "trailingEps": -4.939, "lastSplitFactor": null, "enterpriseToRevenue": 5.888, "enterpriseToEbitda": -255.465}, "summaryProfile": {"address1": "7, Shamnath Marg", "city": "Delhi", "zip": "110054", "country": "India", "phone": "91 11 2389 0505", "fax": "91 11 2389 0575", "website": "http://www.eihassociatedhotels.in", "industry": "Lodging", "sector": "Consumer Cyclical", "longBusinessSummary": "EIH Associated Hotels Limited engages in the ownership, management, and operation of five star deluxe and five star hotels in India. It operates The Oberoi Cecil at Shimla and The Oberoi Rajvilas at Jaipur; and hotels under the Trident name in Agra, Bhubaneswar, Chennai, Cochin, Jaipur, and Udaipur. The company was formerly known as Oberoi Associated Hotels Limited and changed its name to EIH Associated Hotels Limited in November 1996. EIH Associated Hotels Limited was incorporated in 1983 and is based in Delhi, India.", "fullTimeEmployees": 666, "companyOfficers": [], "maxAge": 86400}, "netSharePurchaseActivity": {"maxAge": 1, "period": "6m", "buyInfoCount": 0, "buyInfoShares": 0, "sellInfoCount": 0, "netInfoCount": 0, "netInfoShares": 0, "netPercentInsiderShares": 0.0, "totalInsiderShares": 26876048}, "insiderTransactions": {"transactions": [{"maxAge": 1, "shares": 746035, "filerUrl": "", "transactionText": "", "filerName": "Coronet Investments Pvt Ltd", "filerRelation": "Promoter", "moneyText": "", "startDate": "2012-10-25", "ownership": "D"}, {"maxAge": 1, "shares": 4143785, "filerUrl": "", "transactionText": "", "filerName": "EIH Ltd", "filerRelation": "Promoter", "moneyText": "", "startDate": "2012-10-25", "ownership": "D"}, {"maxAge": 1, "shares": 813077, "filerUrl": "", "transactionText": "", "filerName": "Manali Investment & Finance Pvt Ltd", "filerRelation": "Promoter", "moneyText": "", "startDate": "2012-10-25", "ownership": "D"}, {"maxAge": 1, "shares": 2423111, "filerUrl": "", "transactionText": "", "filerName": "Raheja (Satish)", "filerRelation": "Promoter", "moneyText": "", "startDate": "2012-10-25", "ownership": "D"}, {"maxAge": 1, "shares": 393500, "filerUrl": "", "transactionText": "", "filerName": "Jupiter South Asia Investment Company Ltd", "filerRelation": "Investment Advisor", "moneyText": "", "startDate": "2010-12-02", "ownership": "D"}], "maxAge": 1}, "quoteType": {"exchange": "NSI", "quoteType": "EQUITY", "symbol": "EIHAHOTELS.NS", "underlyingSymbol": "EIHAHOTELS.NS", "shortName": "EIH ASSOC HOTELS", "longName": "EIH Associated Hotels Limited", "firstTradeDateEpochUtc": "2008-04-08 09:15:00", "timeZoneFullName": "Asia/Kolkata", "timeZoneShortName": "IST", "uuid": "ff12c398-0147-3b06-b272-2f31fe039fde", "gmtOffSetMilliseconds": 19800000, "maxAge": 1}, "incomeStatementHistory": {"incomeStatementHistory": [{"maxAge": 1, "endDate": "2020-03-31", "totalRevenue": 2528730000, "costOfRevenue": 918140000, "grossProfit": 1610590000, "researchDevelopment": {}, "sellingGeneralAdministrative": 125240000, "nonRecurring": {}, "otherOperatingExpenses": 916230000, "totalOperatingExpenses": 2119330000, "operatingIncome": 409400000, "totalOtherIncomeExpenseNet": 20610000, "ebit": 409400000, "interestExpense": -4350000, "incomeBeforeTax": 430010000, "incomeTaxExpense": 50370000, "minorityInterest": {}, "netIncomeFromContinuingOps": 379640000, "discontinuedOperations": {}, "extraordinaryItems": {}, "effectOfAccountingCharges": {}, "otherItems": {}, "netIncome": 379640000, "netIncomeApplicableToCommonShares": 379640000}, {"maxAge": 1, "endDate": "2019-03-31", "totalRevenue": 2684350000, "costOfRevenue": 930870000, "grossProfit": 1753480000, "researchDevelopment": {}, "sellingGeneralAdministrative": 126130000, "nonRecurring": {}, "otherOperatingExpenses": 934160000, "totalOperatingExpenses": 2133780000, "operatingIncome": 550570000, "totalOtherIncomeExpenseNet": 32880000, "ebit": 550570000, "interestExpense": -4260000, "incomeBeforeTax": 583450000, "incomeTaxExpense": 204070000, "minorityInterest": {}, "netIncomeFromContinuingOps": 379380000, "discontinuedOperations": {}, "extraordinaryItems": {}, "effectOfAccountingCharges": {}, "otherItems": {}, "netIncome": 379380000, "netIncomeApplicableToCommonShares": 379380000}, {"maxAge": 1, "endDate": "2018-03-31", "totalRevenue": 2672010000, "costOfRevenue": 916920000, "grossProfit": 1755090000, "researchDevelopment": {}, "sellingGeneralAdministrative": 110740000, "nonRecurring": {}, "otherOperatingExpenses": 918870000, "totalOperatingExpenses": 2087410000, "operatingIncome": 584600000, "totalOtherIncomeExpenseNet": 2000000, "ebit": 584600000, "interestExpense": -3900000, "incomeBeforeTax": 586600000, "incomeTaxExpense": 208660000, "minorityInterest": {}, "netIncomeFromContinuingOps": 377940000, "discontinuedOperations": {}, "extraordinaryItems": {}, "effectOfAccountingCharges": {}, "otherItems": {}, "netIncome": 377940000, "netIncomeApplicableToCommonShares": 377940000}, {"maxAge": 1, "endDate": "2017-03-31", "totalRevenue": 2694430000, "costOfRevenue": 894710000, "grossProfit": 1799720000, "researchDevelopment": {}, "sellingGeneralAdministrative": 124110000, "nonRecurring": {}, "otherOperatingExpenses": 878860000, "totalOperatingExpenses": 2039730000, "operatingIncome": 654700000, "totalOtherIncomeExpenseNet": -5360000, "ebit": 654700000, "interestExpense": -18920000, "incomeBeforeTax": 649340000, "incomeTaxExpense": 221540000, "minorityInterest": {}, "netIncomeFromContinuingOps": 427800000, "discontinuedOperations": {}, "extraordinaryItems": {}, "effectOfAccountingCharges": {}, "otherItems": {}, "netIncome": 427800000, "netIncomeApplicableToCommonShares": 427800000}], "maxAge": 86400}, "fundOwnership": {"ownershipList": [], "maxAge": 1}, "summaryDetail": {"maxAge": 1, "priceHint": 2, "previousClose": 234.8, "open": 239.85, "dayLow": 228.0, "dayHigh": 239.85, "regularMarketPreviousClose": 234.8, "regularMarketOpen": 239.85, "regularMarketDayLow": 228.0, "regularMarketDayHigh": 239.85, "exDividendDate": "2019-07-22 05:30:00", "payoutRatio": 0.0, "beta": 0.695294, "volume": 9522, "regularMarketVolume": 9522, "averageVolume": 10946, "averageVolume10days": 6866, "averageDailyVolume10Day": 6866, "bid": 0.0, "ask": 0.0, "bidSize": 0, "askSize": 0, "marketCap": 6988343296, "fiftyTwoWeekLow": 177.0, "fiftyTwoWeekHigh": 312.4, "priceToSalesTrailing12Months": 5.4772434, "fiftyDayAverage": 264.46176, "twoHundredDayAverage": 259.09824, "trailingAnnualDividendRate": 4.5, "trailingAnnualDividendYield": 0.019165248, "currency": "INR", "fromCurrency": null, "lastMarket": null, "algorithm": null, "tradeable": false}, "incomeStatementHistoryQuarterly": {"incomeStatementHistory": [{"maxAge": 1, "endDate": "2020-12-31", "totalRevenue": 368195000, "costOfRevenue": 133241000, "grossProfit": 234954000, "researchDevelopment": {}, "sellingGeneralAdministrative": {}, "nonRecurring": {}, "otherOperatingExpenses": 190312000, "totalOperatingExpenses": 366131000, "operatingIncome": 2064000, "totalOtherIncomeExpenseNet": 1818000, "ebit": 2064000, "interestExpense": -1072000, "incomeBeforeTax": 3882000, "incomeTaxExpense": 2516000, "minorityInterest": {}, "netIncomeFromContinuingOps": 1366000, "discontinuedOperations": {}, "extraordinaryItems": {}, "effectOfAccountingCharges": {}, "otherItems": {}, "netIncome": 1366000, "netIncomeApplicableToCommonShares": 1366000}, {"maxAge": 1, "endDate": "2020-09-30", "totalRevenue": 133501000, "costOfRevenue": 116692000, "grossProfit": 16809000, "researchDevelopment": {}, "sellingGeneralAdministrative": {}, "nonRecurring": {}, "otherOperatingExpenses": 131165000, "totalOperatingExpenses": 290691000, "operatingIncome": -157190000, "totalOtherIncomeExpenseNet": 6232000, "ebit": -157190000, "interestExpense": -2325000, "incomeBeforeTax": -150958000, "incomeTaxExpense": -43605000, "minorityInterest": {}, "netIncomeFromContinuingOps": -107353000, "discontinuedOperations": {}, "extraordinaryItems": {}, "effectOfAccountingCharges": {}, "otherItems": {}, "netIncome": -107353000, "netIncomeApplicableToCommonShares": -107353000}, {"maxAge": 1, "endDate": "2020-06-30", "totalRevenue": 30025000, "costOfRevenue": 114279000, "grossProfit": -84254000, "researchDevelopment": {}, "sellingGeneralAdministrative": {}, "nonRecurring": {}, "otherOperatingExpenses": 97544000, "totalOperatingExpenses": 254178000, "operatingIncome": -224153000, "totalOtherIncomeExpenseNet": 12906000, "ebit": -224153000, "interestExpense": -1067000, "incomeBeforeTax": -211247000, "incomeTaxExpense": -59342000, "minorityInterest": {}, "netIncomeFromContinuingOps": -151905000, "discontinuedOperations": {}, "extraordinaryItems": {}, "effectOfAccountingCharges": {}, "otherItems": {}, "netIncome": -151905000, "netIncomeApplicableToCommonShares": -151905000}, {"maxAge": 1, "endDate": "2020-03-31", "totalRevenue": 676643000, "costOfRevenue": 340297000, "grossProfit": 336346000, "researchDevelopment": {}, "sellingGeneralAdministrative": 125240000, "nonRecurring": {}, "otherOperatingExpenses": 38424000, "totalOperatingExpenses": 547421000, "operatingIncome": 129222000, "totalOtherIncomeExpenseNet": 24339000, "ebit": 129222000, "interestExpense": -621000, "incomeBeforeTax": 153561000, "incomeTaxExpense": 46135000, "minorityInterest": {}, "netIncomeFromContinuingOps": 107426000, "discontinuedOperations": {}, "extraordinaryItems": {}, "effectOfAccountingCharges": {}, "otherItems": {}, "netIncome": 107426000, "netIncomeApplicableToCommonShares": 107426000}], "maxAge": 86400}, "cashflowStatementHistoryQuarterly": {"cashflowStatements": [{"maxAge": 1, "endDate": "2020-12-31", "netIncome": 1366000, "changeToLiabilities": 0}, {"maxAge": 1, "endDate": "2020-09-30", "netIncome": -107353000, "changeToLiabilities": 0}, {"maxAge": 1, "endDate": "2020-06-30", "netIncome": -151905000, "changeToLiabilities": 0}, {"maxAge": 1, "endDate": "2020-03-31", "netIncome": 107426000, "changeToLiabilities": 0}], "maxAge": 86400}, "insiderHolders": {"holders": [{"maxAge": 1, "name": "Coronet Investments Pvt Ltd", "relation": "Promoter", "url": "", "transactionDescription": "Acquisition", "latestTransDate": "2012-10-25", "positionDirect": 2088899, "positionDirectDate": "2012-10-25"}, {"maxAge": 1, "name": "EIH Ltd", "relation": "Promoter", "url": "", "transactionDescription": "Acquisition", "latestTransDate": "2012-10-25", "positionDirect": 11215118, "positionDirectDate": "2012-10-25"}, {"maxAge": 1, "name": "Jupiter South Asia Investment Company Ltd", "relation": "Investment Advisor", "url": "", "transactionDescription": "Acquisition", "latestTransDate": "2010-12-02", "positionDirect": 1623707, "positionDirectDate": "2010-12-02"}, {"maxAge": 1, "name": "Manali Investment & Finance Pvt Ltd", "relation": "Promoter", "url": "", "transactionDescription": "Acquisition", "latestTransDate": "2012-10-25", "positionDirect": 2276617, "positionDirectDate": "2012-10-25"}, {"maxAge": 1, "name": "Raheja (Satish)", "relation": "Promoter", "url": "", "transactionDescription": "Acquisition", "latestTransDate": "2012-10-25", "positionDirect": 6784711, "positionDirectDate": "2012-10-25"}], "maxAge": 1}, "calendarEvents": {"maxAge": 1, "earnings": {"earningsDate": []}, "exDividendDate": "2019-07-22 05:30:00"}, "upgradeDowngradeHistory": {"history": [], "maxAge": 86400}, "price": {"maxAge": 1, "regularMarketChangePercent": -0.019804128, "regularMarketChange": -4.650009, "regularMarketTime": "2021-04-30 15:29:05", "priceHint": 2, "regularMarketPrice": 230.15, "regularMarketDayHigh": 239.85, "regularMarketDayLow": 228.0, "regularMarketVolume": 9522, "averageDailyVolume10Day": 6866, "averageDailyVolume3Month": 10946, "regularMarketPreviousClose": 234.8, "regularMarketSource": "FREE_REALTIME", "regularMarketOpen": 239.85, "exchange": "NSI", "exchangeName": "NSE", "exchangeDataDelayedBy": 15, "marketState": "CLOSED", "quoteType": "EQUITY", "symbol": "EIHAHOTELS.NS", "underlyingSymbol": null, "shortName": "EIH ASSOC HOTELS", "longName": "EIH Associated Hotels Limited", "currency": "INR", "quoteSourceName": "Delayed Quote", "currencySymbol": "\u20b9", "fromCurrency": null, "lastMarket": null, "marketCap": 6988343296}, "balanceSheetHistory": {"balanceSheetStatements": [{"maxAge": 1, "endDate": "2020-03-31", "cash": 105330000, "shortTermInvestments": 283670000, "netReceivables": 270050000, "inventory": 113520000, "otherCurrentAssets": 85450000, "totalCurrentAssets": 1391500000, "longTermInvestments": 1090000, "propertyPlantEquipment": 2863490000, "intangibleAssets": 8820000, "otherAssets": 201700000, "totalAssets": 4466600000, "accountsPayable": 379970000, "otherCurrentLiab": 111130000, "otherLiab": 365000000, "totalCurrentLiabilities": 627430000, "totalLiab": 1015010000, "commonStock": 304680000, "retainedEarnings": 1961430000, "treasuryStock": 108480000, "capitalSurplus": 1077000000, "otherStockholderEquity": 108480000, "totalStockholderEquity": 3451590000, "netTangibleAssets": 3442770000}, {"maxAge": 1, "endDate": "2019-03-31", "cash": 55000000, "shortTermInvestments": 317930000, "netReceivables": 338660000, "inventory": 103000000, "otherCurrentAssets": 19110000, "totalCurrentAssets": 1324010000, "longTermInvestments": 1040000, "propertyPlantEquipment": 2548320000, "intangibleAssets": 7560000, "otherAssets": 228190000, "totalAssets": 4109120000, "accountsPayable": 302790000, "otherCurrentLiab": 67090000, "otherLiab": 392710000, "totalCurrentLiabilities": 471070000, "totalLiab": 873480000, "commonStock": 304680000, "retainedEarnings": 1745480000, "treasuryStock": 108480000, "capitalSurplus": 1077000000, "otherStockholderEquity": 108480000, "totalStockholderEquity": 3235640000, "netTangibleAssets": 3228080000}, {"maxAge": 1, "endDate": "2018-03-31", "cash": 44640000, "shortTermInvestments": 1280000, "netReceivables": 327770000, "inventory": 101870000, "otherCurrentAssets": 19470000, "totalCurrentAssets": 922460000, "longTermInvestments": 150550000, "propertyPlantEquipment": 2453550000, "intangibleAssets": 6150000, "otherAssets": 222950000, "totalAssets": 3755660000, "accountsPayable": 246500000, "otherCurrentLiab": 46970000, "otherLiab": 311590000, "totalCurrentLiabilities": 409810000, "totalLiab": 732970000, "commonStock": 304680000, "retainedEarnings": 1532530000, "treasuryStock": 108480000, "capitalSurplus": 1077000000, "otherStockholderEquity": 108480000, "totalStockholderEquity": 3022690000, "netTangibleAssets": 3016540000}, {"maxAge": 1, "endDate": "2017-03-31", "cash": 99160000, "netReceivables": 269650000, "inventory": 108530000, "otherCurrentAssets": 41130000, "totalCurrentAssets": 734210000, "longTermInvestments": 15020000, "propertyPlantEquipment": 2496660000, "intangibleAssets": 7930000, "otherAssets": 199510000, "totalAssets": 3453330000, "accountsPayable": 206250000, "otherCurrentLiab": 78620000, "otherLiab": 223980000, "totalCurrentLiabilities": 412380000, "totalLiab": 642960000, "commonStock": 304680000, "retainedEarnings": 1320210000, "treasuryStock": 108480000, "capitalSurplus": 1077000000, "otherStockholderEquity": 108480000, "totalStockholderEquity": 2810370000, "netTangibleAssets": 2802440000}], "maxAge": 86400}, "financialData": {"maxAge": 86400, "currentPrice": 230.15, "recommendationKey": "none", "totalCash": 531736000, "totalCashPerShare": 15.571, "ebitda": -29406500, "totalDebt": 25640000, "totalRevenue": 1275886976, "debtToEquity": 0.803, "revenuePerShare": 41.875, "grossProfits": 1610590000, "earningsGrowth": -0.994, "revenueGrowth": -0.583, "grossMargins": 0.44783002, "ebitdaMargins": -0.02305, "operatingMargins": -0.14306, "profitMargins": -0.11793, "financialCurrency": "INR"}}}