{"EIHOTEL.NS": {"assetProfile": {"address1": "7, Sham Nath Marg", "city": "Delhi", "zip": "110054", "country": "India", "phone": "91 11 2389 0505", "fax": "91 11 2389 0605", "website": "http://www.eihltd.com", "industry": "Lodging", "sector": "Consumer Cyclical", "longBusinessSummary": "EIH Limited engages in the ownership, development, management, and operation of hotels and cruisers in India and internationally. It owns a 100% equity interest in the six \u00c2\u0091The Oberoi Hotels' located in Mumbai, New Delhi, Kolkata, Bengaluru, Udaipur, and Ranthambhore, as well as in Agra, Jaipur, and Shimla. The company also has a 100% equity interest in and manages the Trident, Nariman Point and Trident, and Bandra-Kurla Complex in Mumbai; and 36% equity interest in the Trident Hotels located in Agra, Bhubaneswar, Chennai, Cochin, Jaipur, and Udaipur, as well as manages the Trident in Gurugram. Further, it owns and operates Oberoi Flight Services and Oberoi Airport Services, which provide catering and other services to international airlines; operates restaurants and lounges in various airports; operates a commercial printing press; and provides air charter, car rental, and project management services, as well as operates the Maidens Hotel in Delhi. EIH Limited was incorporated in 1949 and is based in Delhi, India.", "fullTimeEmployees": 9959, "companyOfficers": [{"maxAge": 1, "name": "Mr. Prithvi Raj Singh Oberoi", "age": 91, "title": "Exec. Chairman", "yearBorn": 1929, "fiscalYear": 2020, "totalPay": 28250000, "exercisedValue": 0, "unexercisedValue": 0}, {"maxAge": 1, "name": "Mr. Vikramjit  Singh Oberoi", "age": 57, "title": "MD, CEO & Exec. Director", "yearBorn": 1963, "fiscalYear": 2020, "totalPay": 33490000, "exercisedValue": 0, "unexercisedValue": 0}, {"maxAge": 1, "name": "Mr. Shib Sanker Mukherji", "age": 72, "title": "Exec. Vice Chairman", "yearBorn": 1948, "fiscalYear": 2020, "totalPay": 29400000, "exercisedValue": 0, "unexercisedValue": 0}, {"maxAge": 1, "name": "Mr. Kallol  Kundu", "age": 48, "title": "Chief Financial Officer", "yearBorn": 1972, "exercisedValue": 0, "unexercisedValue": 0}, {"maxAge": 1, "name": "Mr. Arjun Singh Oberoi", "age": 51, "title": "MD of Devel. & Exec. Director", "yearBorn": 1969, "fiscalYear": 2020, "totalPay": 30720000, "exercisedValue": 0, "unexercisedValue": 0}, {"maxAge": 1, "name": "Mr. S. N. Sridhar", "title": "Sr. VP, Company Sec. & Compliance Officer", "fiscalYear": 2018, "exercisedValue": 0, "unexercisedValue": 0}, {"maxAge": 1, "name": "Mr. Sanjay  Rai", "age": 62, "title": "Exec. VP of Sales", "yearBorn": 1958, "exercisedValue": 0, "unexercisedValue": 0}, {"maxAge": 1, "name": "Manish  Singh", "age": 48, "title": "Sr. VP of Marketing", "yearBorn": 1972, "exercisedValue": 0, "unexercisedValue": 0}, {"maxAge": 1, "name": "Kanwaljeet Singh Bakshi", "age": 55, "title": "Exec. VP of HR", "yearBorn": 1965, "exercisedValue": 0, "unexercisedValue": 0}, {"maxAge": 1, "name": "Arun  Bahadur", "age": 61, "title": "Exec. VP of Engineering", "yearBorn": 1959, "exercisedValue": 0, "unexercisedValue": 0}], "compensationAsOfEpochDate": "2020-12-31 05:30:00", "maxAge": 86400}, "recommendationTrend": {"trend": [{"period": "0m", "strongBuy": 0, "buy": 0, "hold": 0, "sell": 0, "strongSell": 0}, {"period": "-1m", "strongBuy": 0, "buy": 1, "hold": 0, "sell": 1, "strongSell": 0}, {"period": "-2m", "strongBuy": 0, "buy": 1, "hold": 0, "sell": 0, "strongSell": 0}, {"period": "-3m", "strongBuy": 0, "buy": 1, "hold": 0, "sell": 0, "strongSell": 0}], "maxAge": 86400}, "cashflowStatementHistory": {"cashflowStatements": [{"maxAge": 1, "endDate": "2020-03-31", "netIncome": 1488170000, "depreciation": 1423790000, "changeToNetincome": 177170000, "changeToAccountReceivables": 397390000, "changeToLiabilities": -196380000, "changeToInventory": -10930000, "changeToOperatingActivities": -149670000, "totalCashFromOperatingActivities": 3170360000, "capitalExpenditures": -1745630000, "investments": -169290000, "otherCashflowsFromInvestingActivities": 242570000, "totalCashflowsFromInvestingActivities": -1633580000, "dividendsPaid": -579080000, "netBorrowings": -728880000, "otherCashflowsFromFinancingActivities": -534180000, "totalCashFromFinancingActivities": -1842140000, "changeInCash": -305360000}, {"maxAge": 1, "endDate": "2019-03-31", "netIncome": 1315410000, "depreciation": 1286550000, "changeToNetincome": 1022630000, "changeToAccountReceivables": -1125590000, "changeToLiabilities": 417530000, "changeToInventory": -84560000, "changeToOperatingActivities": -46430000, "totalCashFromOperatingActivities": 2824560000, "capitalExpenditures": -1572910000, "investments": -715760000, "otherCashflowsFromInvestingActivities": -29310000, "totalCashflowsFromInvestingActivities": -2323920000, "dividendsPaid": -584750000, "netBorrowings": 404510000, "otherCashflowsFromFinancingActivities": -9250000, "totalCashFromFinancingActivities": -189490000, "changeInCash": 311150000}, {"maxAge": 1, "endDate": "2018-03-31", "netIncome": 1792020000, "depreciation": 1144700000, "changeToNetincome": -49210000, "changeToAccountReceivables": -577840000, "changeToLiabilities": 506900000, "changeToInventory": -14200000, "changeToOperatingActivities": -113390000, "totalCashFromOperatingActivities": 2717610000, "capitalExpenditures": -3089900000, "investments": -258250000, "otherCashflowsFromInvestingActivities": 164630000, "totalCashflowsFromInvestingActivities": -3178710000, "dividendsPaid": -510890000, "netBorrowings": 1422110000, "otherCashflowsFromFinancingActivities": -459200000, "totalCashFromFinancingActivities": 452020000, "changeInCash": -9080000}, {"maxAge": 1, "endDate": "2017-03-31", "netIncome": 1031130000, "depreciation": 1261010000, "changeToNetincome": 419760000, "changeToAccountReceivables": 78750000, "changeToLiabilities": 136780000, "changeToInventory": 1360000, "changeToOperatingActivities": -516040000, "totalCashFromOperatingActivities": 2432800000, "capitalExpenditures": -2591550000, "investments": -230420000, "otherCashflowsFromInvestingActivities": 111350000, "totalCashflowsFromInvestingActivities": -2686540000, "dividendsPaid": -157530000, "netBorrowings": 413320000, "otherCashflowsFromFinancingActivities": -297820000, "totalCashFromFinancingActivities": -42030000, "changeInCash": -295770000}], "maxAge": 86400}, "indexTrend": {"maxAge": 1, "symbol": "SP5", "peRatio": 19.7411, "pegRatio": 1.34172, "estimates": [{"period": "0q", "growth": 0.549}, {"period": "+1q", "growth": 0.431}, {"period": "0y", "growth": 0.305}, {"period": "+1y", "growth": 0.109}, {"period": "+5y", "growth": 0.120865}, {"period": "-5y"}]}, "defaultKeyStatistics": {"maxAge": 1, "priceHint": 2, "enterpriseValue": 59695861760, "profitMargins": -0.41355, "floatShares": 191472357, "sharesOutstanding": 625363968, "heldPercentInsiders": 0.71172, "heldPercentInstitutions": 0.16231, "beta": 1.276838, "category": null, "bookValue": 50.141, "priceToBook": 1.7291238, "fundFamily": null, "legalType": null, "lastFiscalYearEnd": "2020-03-31 05:30:00", "nextFiscalYearEnd": "2022-03-31 05:30:00", "mostRecentQuarter": "2020-12-31 05:30:00", "netIncomeToCommon": -2929230080, "trailingEps": -5.046, "forwardEps": 2.77, "lastSplitFactor": "3:2", "lastSplitDate": "2006-09-12 05:30:00", "enterpriseToRevenue": 8.428, "enterpriseToEbitda": -34.367}, "industryTrend": {"maxAge": 1, "symbol": null, "estimates": []}, "quoteType": {"exchange": "NSI", "quoteType": "EQUITY", "symbol": "EIHOTEL.NS", "underlyingSymbol": "EIHOTEL.NS", "shortName": "EIH LTD", "longName": "EIH Limited", "firstTradeDateEpochUtc": "1996-01-01 09:15:00", "timeZoneFullName": "Asia/Kolkata", "timeZoneShortName": "IST", "uuid": "65928c17-9bf4-30cd-beb3-441e2d9fe2e1", "gmtOffSetMilliseconds": 19800000, "maxAge": 1}, "incomeStatementHistory": {"incomeStatementHistory": [{"maxAge": 1, "endDate": "2020-03-31", "totalRevenue": 16133090000, "costOfRevenue": 7517250000, "grossProfit": 8615840000, "researchDevelopment": {}, "sellingGeneralAdministrative": 797210000, "nonRecurring": {}, "otherOperatingExpenses": 4666590000, "totalOperatingExpenses": 14445660000, "operatingIncome": 1687430000, "totalOtherIncomeExpenseNet": -27220000, "ebit": 1687430000, "interestExpense": -556050000, "incomeBeforeTax": 1660210000, "incomeTaxExpense": 8780000, "minorityInterest": 997310000, "netIncomeFromContinuingOps": 1651430000, "discontinuedOperations": {}, "extraordinaryItems": {}, "effectOfAccountingCharges": {}, "otherItems": {}, "netIncome": 1488170000, "netIncomeApplicableToCommonShares": 1488170000}, {"maxAge": 1, "endDate": "2019-03-31", "totalRevenue": 18196210000, "costOfRevenue": 8037790000, "grossProfit": 10158420000, "researchDevelopment": {}, "sellingGeneralAdministrative": 831960000, "nonRecurring": {}, "otherOperatingExpenses": 5141920000, "totalOperatingExpenses": 15337240000, "operatingIncome": 2858970000, "totalOtherIncomeExpenseNet": -549600000, "ebit": 2858970000, "interestExpense": -504410000, "incomeBeforeTax": 2309370000, "incomeTaxExpense": 819800000, "minorityInterest": 886170000, "netIncomeFromContinuingOps": 1489570000, "discontinuedOperations": {}, "extraordinaryItems": {}, "effectOfAccountingCharges": {}, "otherItems": {}, "netIncome": 1315410000, "netIncomeApplicableToCommonShares": 1315410000}, {"maxAge": 1, "endDate": "2018-03-31", "totalRevenue": 16024970000, "costOfRevenue": 7593820000, "grossProfit": 8431150000, "researchDevelopment": {}, "sellingGeneralAdministrative": 725590000, "nonRecurring": {}, "otherOperatingExpenses": 4546790000, "totalOperatingExpenses": 14039530000, "operatingIncome": 1985440000, "totalOtherIncomeExpenseNet": 827910000, "ebit": 1985440000, "interestExpense": -230390000, "incomeBeforeTax": 2813350000, "incomeTaxExpense": 855300000, "minorityInterest": 701470000, "netIncomeFromContinuingOps": 1958050000, "discontinuedOperations": {}, "extraordinaryItems": {}, "effectOfAccountingCharges": {}, "otherItems": {}, "netIncome": 1792020000, "netIncomeApplicableToCommonShares": 1792020000}, {"maxAge": 1, "endDate": "2017-03-31", "totalRevenue": 15785470000, "costOfRevenue": 7284210000, "grossProfit": 8501260000, "researchDevelopment": {}, "sellingGeneralAdministrative": 833700000, "nonRecurring": {}, "otherOperatingExpenses": 4442660000, "totalOperatingExpenses": 13841630000, "operatingIncome": 1943840000, "totalOtherIncomeExpenseNet": -160830000, "ebit": 1943840000, "interestExpense": -178410000, "incomeBeforeTax": 1783010000, "incomeTaxExpense": 600080000, "minorityInterest": 557830000, "netIncomeFromContinuingOps": 1182930000, "discontinuedOperations": {}, "extraordinaryItems": {}, "effectOfAccountingCharges": {}, "otherItems": {}, "netIncome": 1031130000, "netIncomeApplicableToCommonShares": 1031130000}], "maxAge": 86400}, "fundOwnership": {"ownershipList": [{"maxAge": 1, "reportDate": "2021-01-31", "organization": "Vanguard International Stock Index-Emerging Markets Stk", "pctHeld": 0.0043, "position": 2699971, "value": 251097303}, {"maxAge": 1, "reportDate": "2021-01-31", "organization": "Vanguard International Stock Index-Total Intl Stock Indx", "pctHeld": 0.0029, "position": 1828188, "value": 170021484}, {"maxAge": 1, "reportDate": "2021-03-31", "organization": "iShares Core MSCI Emerging Markets ETF", "pctHeld": 0.0026, "position": 1618691, "value": 150457328}, {"maxAge": 1, "reportDate": "2021-01-31", "organization": "DFA Emerging Markets Core Equity Portfolio", "pctHeld": 0.0016, "position": 971819, "value": 90379167}, {"maxAge": 1, "reportDate": "2021-01-31", "organization": "DFA Emerging Markets Small Cap Series", "pctHeld": 0.0011999999, "position": 755612, "value": 70271916}, {"maxAge": 1, "reportDate": "2021-01-31", "organization": "Vanguard Intl Equity Index Fds-FTSE All World ex U.S.Small Cap Index", "pctHeld": 0.00090000004, "position": 561740, "value": 52241820}, {"maxAge": 1, "reportDate": "2021-01-31", "organization": "DFA Investment Dimensions-DFA Emerging Mkts Value", "pctHeld": 0.0007, "position": 422487, "value": 39291291}, {"maxAge": 1, "reportDate": "2021-03-31", "organization": "iShares MSCI India Small Cap ETF", "pctHeld": 0.0005, "position": 292449, "value": 27183134}, {"maxAge": 1, "reportDate": "2020-12-31", "organization": "College Retirement Equities Fund-Stock Account", "pctHeld": 0.0002, "position": 124356, "value": 11198257}, {"maxAge": 1, "reportDate": "2021-03-31", "organization": "SPDR (R) Idx Shares-SPDR (R) Emerging Markets Small Cap ETF", "pctHeld": 0.0002, "position": 97687, "value": 9080006}], "maxAge": 1}, "summaryDetail": {"maxAge": 1, "priceHint": 2, "previousClose": 87.8, "open": 87.0, "dayLow": 86.15, "dayHigh": 87.9, "regularMarketPreviousClose": 87.8, "regularMarketOpen": 87.0, "regularMarketDayLow": 86.15, "regularMarketDayHigh": 87.9, "exDividendDate": "2019-08-06 05:30:00", "payoutRatio": 0.0, "beta": 1.276838, "forwardPE": 31.299639, "volume": 326547, "regularMarketVolume": 326547, "averageVolume": 860763, "averageVolume10days": 586283, "averageDailyVolume10Day": 586283, "bid": 0.0, "ask": 0.0, "bidSize": 0, "askSize": 0, "marketCap": 54095593472, "fiftyTwoWeekLow": 53.69995, "fiftyTwoWeekHigh": 113.0, "priceToSalesTrailing12Months": 7.63718, "fiftyDayAverage": 99.992645, "twoHundredDayAverage": 90.8545, "trailingAnnualDividendRate": 0.9, "trailingAnnualDividendYield": 0.010250568, "currency": "INR", "fromCurrency": null, "lastMarket": null, "algorithm": null, "tradeable": false}, "insiderHolders": {"holders": [{"maxAge": 1, "name": "Aravali Polymers Pvt Ltd", "relation": "Promoter", "url": "", "transactionDescription": "Other", "latestTransDate": "2020-10-06", "positionDirect": 0, "positionDirectDate": "2020-10-06"}, {"maxAge": 1, "name": "Bombay Plaza Pvt Ltd.", "relation": "Promoter", "url": "", "transactionDescription": "Other", "latestTransDate": "2020-10-23", "positionDirect": 2127323, "positionDirectDate": "2020-10-23"}, {"maxAge": 1, "name": "Madhok (Deepak)", "relation": "Promoter", "url": "", "transactionDescription": "Other", "latestTransDate": "2020-10-01", "positionDirect": 0, "positionDirectDate": "2020-10-01"}, {"maxAge": 1, "name": "Mukherji (Shib Sanker)", "relation": "Promoter", "url": "", "transactionDescription": "Other", "latestTransDate": "2020-10-05", "positionDirect": 0, "positionDirectDate": "2020-10-05"}, {"maxAge": 1, "name": "Oberoi (Arjun Singh)", "relation": "Promoter", "url": "", "transactionDescription": "Other", "latestTransDate": "2020-10-23", "positionDirect": 7172199, "positionDirectDate": "2020-10-23"}, {"maxAge": 1, "name": "Oberoi (P R S)", "relation": "Promoter", "url": "", "transactionDescription": "Other", "latestTransDate": "2020-10-23", "positionDirect": 336561, "positionDirectDate": "2020-10-23"}, {"maxAge": 1, "name": "Oberoi (Vikramjit Singh)", "relation": "Promoter", "url": "", "transactionDescription": "Other", "latestTransDate": "2020-10-23", "positionDirect": 5609896, "positionDirectDate": "2020-10-23"}, {"maxAge": 1, "name": "Oberoi Building & Investment Pvt. Ltd.", "relation": "Promoter", "url": "", "transactionDescription": "Other", "latestTransDate": "2021-02-19", "positionDirect": 16782883, "positionDirectDate": "2021-02-19"}, {"maxAge": 1, "name": "Reliance Industrial Investment & Holdings, Ltd.", "relation": "Institution- Corporation", "url": "", "transactionDescription": "Acquisition", "latestTransDate": "2012-03-02", "positionDirect": 105907273, "positionDirectDate": "2012-03-02"}], "maxAge": 1}, "calendarEvents": {"maxAge": 1, "earnings": {"earningsDate": ["2018-05-28 05:30:S", "2018-06-01 05:30:S"]}, "exDividendDate": "2019-08-06 05:30:00"}, "upgradeDowngradeHistory": {"history": [], "maxAge": 86400}, "price": {"maxAge": 1, "regularMarketChangePercent": -0.012528542, "regularMarketChange": -1.1000061, "regularMarketTime": "2021-04-30 15:29:57", "priceHint": 2, "regularMarketPrice": 86.7, "regularMarketDayHigh": 87.9, "regularMarketDayLow": 86.15, "regularMarketVolume": 326547, "averageDailyVolume10Day": 586283, "averageDailyVolume3Month": 860763, "regularMarketPreviousClose": 87.8, "regularMarketSource": "FREE_REALTIME", "regularMarketOpen": 87.0, "exchange": "NSI", "exchangeName": "NSE", "exchangeDataDelayedBy": 15, "marketState": "CLOSED", "quoteType": "EQUITY", "symbol": "EIHOTEL.NS", "underlyingSymbol": null, "shortName": "EIH LTD", "longName": "EIH Limited", "currency": "INR", "quoteSourceName": "Delayed Quote", "currencySymbol": "\u20b9", "fromCurrency": null, "lastMarket": null, "marketCap": 54095593472}, "balanceSheetHistory": {"balanceSheetStatements": [{"maxAge": 1, "endDate": "2020-03-31", "cash": 678760000, "shortTermInvestments": 1090720000, "netReceivables": 2103200000, "inventory": 609550000, "otherCurrentAssets": 1703970000, "totalCurrentAssets": 6272690000, "longTermInvestments": 4205080000, "propertyPlantEquipment": 26507960000, "goodWill": 3701050000, "intangibleAssets": 80090000, "otherAssets": 3752450000, "deferredLongTermAssetCharges": 98310000, "totalAssets": 44519320000, "accountsPayable": 2077690000, "shortLongTermDebt": 549610000, "otherCurrentLiab": 801910000, "longTermDebt": 2337510000, "otherLiab": 2139070000, "minorityInterest": 997310000, "totalCurrentLiabilities": 6007750000, "totalLiab": 12156570000, "commonStock": 1143140000, "retainedEarnings": 15621400000, "treasuryStock": 2227490000, "capitalSurplus": 12373410000, "otherStockholderEquity": 2227490000, "totalStockholderEquity": 31365440000, "netTangibleAssets": 27584300000}, {"maxAge": 1, "endDate": "2019-03-31", "cash": 984120000, "shortTermInvestments": 1113530000, "netReceivables": 2514290000, "inventory": 597850000, "otherCurrentAssets": 1291830000, "totalCurrentAssets": 6679090000, "longTermInvestments": 3805780000, "propertyPlantEquipment": 22486950000, "goodWill": 3398750000, "intangibleAssets": 75580000, "otherAssets": 6071920000, "deferredLongTermAssetCharges": 98570000, "totalAssets": 42518070000, "accountsPayable": 2299130000, "shortLongTermDebt": 475150000, "otherCurrentLiab": 934090000, "longTermDebt": 2683450000, "otherLiab": 2432830000, "minorityInterest": 886170000, "totalCurrentLiabilities": 6513900000, "totalLiab": 11697960000, "commonStock": 1143140000, "retainedEarnings": 14783420000, "treasuryStock": 1633970000, "capitalSurplus": 12373410000, "otherStockholderEquity": 1633970000, "totalStockholderEquity": 29933940000, "netTangibleAssets": 26459610000}, {"maxAge": 1, "endDate": "2018-03-31", "cash": 672980000, "shortTermInvestments": 892190000, "netReceivables": 2263100000, "inventory": 510650000, "otherCurrentAssets": 1345330000, "totalCurrentAssets": 5827080000, "longTermInvestments": 2764020000, "propertyPlantEquipment": 23782400000, "goodWill": 3082500000, "intangibleAssets": 87890000, "otherAssets": 5197950000, "deferredLongTermAssetCharges": 99650000, "totalAssets": 40741840000, "accountsPayable": 1926350000, "shortLongTermDebt": 658410000, "otherCurrentLiab": 1185510000, "longTermDebt": 2852350000, "otherLiab": 2509260000, "minorityInterest": 701470000, "totalCurrentLiabilities": 5770680000, "totalLiab": 11212450000, "commonStock": 1143140000, "retainedEarnings": 14294990000, "treasuryStock": 1016380000, "capitalSurplus": 12373410000, "otherStockholderEquity": 1016380000, "totalStockholderEquity": 28827920000, "netTangibleAssets": 25657530000}, {"maxAge": 1, "endDate": "2017-03-31", "cash": 682050000, "shortTermInvestments": 514650000, "netReceivables": 1860730000, "inventory": 495700000, "otherCurrentAssets": 1638230000, "totalCurrentAssets": 5361280000, "longTermInvestments": 2672860000, "propertyPlantEquipment": 20963340000, "goodWill": 3082500000, "intangibleAssets": 89300000, "otherAssets": 4722820000, "deferredLongTermAssetCharges": 95500000, "totalAssets": 36892100000, "accountsPayable": 1718070000, "shortLongTermDebt": 253570000, "otherCurrentLiab": 588400000, "longTermDebt": 2059600000, "otherLiab": 2224950000, "minorityInterest": 557830000, "totalCurrentLiabilities": 4160990000, "totalLiab": 8527770000, "commonStock": 1143140000, "retainedEarnings": 11064190000, "treasuryStock": 3225760000, "capitalSurplus": 12373410000, "otherStockholderEquity": 3225760000, "totalStockholderEquity": 27806500000, "netTangibleAssets": 24634700000}], "maxAge": 86400}, "earningsTrend": {"trend": [{"maxAge": 1, "period": "0q", "endDate": null, "growth": {}, "earningsEstimate": {"avg": 0.0, "low": 0.0, "high": 0.0, "yearAgoEps": {}, "numberOfAnalysts": 0, "growth": {}}, "revenueEstimate": {"avg": 0, "low": 0, "high": 0, "numberOfAnalysts": 0, "yearAgoRevenue": {}, "growth": {}}, "epsTrend": {"current": 0.0, "7daysAgo": 0.0, "30daysAgo": 0.0, "60daysAgo": 0.0, "90daysAgo": 0.0}, "epsRevisions": {"upLast7days": 0, "upLast30days": 0, "downLast30days": 0, "downLast90days": {}}}, {"maxAge": 1, "period": "+1q", "endDate": null, "growth": {}, "earningsEstimate": {"avg": 0.0, "low": 0.0, "high": 0.0, "yearAgoEps": {}, "numberOfAnalysts": 0, "growth": {}}, "revenueEstimate": {"avg": 0, "low": 0, "high": 0, "numberOfAnalysts": 0, "yearAgoRevenue": {}, "growth": {}}, "epsTrend": {"current": 0.0, "7daysAgo": 0.0, "30daysAgo": 0.0, "60daysAgo": 0.0, "90daysAgo": 0.0}, "epsRevisions": {"upLast7days": 0, "upLast30days": 0, "downLast30days": 0, "downLast90days": {}}}, {"maxAge": 1, "period": "0y", "endDate": null, "growth": {}, "earningsEstimate": {"avg": 0.0, "low": 0.0, "high": 0.0, "yearAgoEps": {}, "numberOfAnalysts": 0, "growth": {}}, "revenueEstimate": {"avg": 0, "low": 0, "high": 0, "numberOfAnalysts": 0, "yearAgoRevenue": {}, "growth": {}}, "epsTrend": {"current": 0.0, "7daysAgo": 0.0, "30daysAgo": 0.0, "60daysAgo": 0.0, "90daysAgo": 0.0}, "epsRevisions": {"upLast7days": 0, "upLast30days": 0, "downLast30days": 0, "downLast90days": {}}}, {"maxAge": 1, "period": "+1y", "endDate": null, "growth": {}, "earningsEstimate": {"avg": 0.0, "low": 0.0, "high": 0.0, "yearAgoEps": {}, "numberOfAnalysts": 0, "growth": {}}, "revenueEstimate": {"avg": 0, "low": 0, "high": 0, "numberOfAnalysts": 0, "yearAgoRevenue": {}, "growth": {}}, "epsTrend": {"current": 0.0, "7daysAgo": 0.0, "30daysAgo": 0.0, "60daysAgo": 0.0, "90daysAgo": 0.0}, "epsRevisions": {"upLast7days": 0, "upLast30days": 0, "downLast30days": 0, "downLast90days": {}}}, {"maxAge": 1, "period": "+5y", "endDate": null, "growth": 0.565, "earningsEstimate": {"avg": {}, "low": {}, "high": {}, "yearAgoEps": {}, "numberOfAnalysts": {}, "growth": {}}, "revenueEstimate": {"avg": {}, "low": {}, "high": {}, "numberOfAnalysts": {}, "yearAgoRevenue": {}, "growth": {}}, "epsTrend": {"current": {}, "7daysAgo": {}, "30daysAgo": {}, "60daysAgo": {}, "90daysAgo": {}}, "epsRevisions": {"upLast7days": {}, "upLast30days": {}, "downLast30days": {}, "downLast90days": {}}}, {"maxAge": 1, "period": "-5y", "endDate": null, "growth": 0.15737, "earningsEstimate": {"avg": {}, "low": {}, "high": {}, "yearAgoEps": {}, "numberOfAnalysts": {}, "growth": {}}, "revenueEstimate": {"avg": {}, "low": {}, "high": {}, "numberOfAnalysts": {}, "yearAgoRevenue": {}, "growth": {}}, "epsTrend": {"current": {}, "7daysAgo": {}, "30daysAgo": {}, "60daysAgo": {}, "90daysAgo": {}}, "epsRevisions": {"upLast7days": {}, "upLast30days": {}, "downLast30days": {}, "downLast90days": {}}}], "maxAge": 1}, "institutionOwnership": {"ownershipList": [], "maxAge": 1}, "majorHoldersBreakdown": {"maxAge": 1, "insidersPercentHeld": 0.71172, "institutionsPercentHeld": 0.16231, "institutionsFloatPercentHeld": 0.56303, "institutionsCount": 25}, "balanceSheetHistoryQuarterly": {"balanceSheetStatements": [{"maxAge": 1, "endDate": "2020-12-31", "totalStockholderEquity": 28610000000, "netTangibleAssets": 24919700000}, {"maxAge": 1, "endDate": "2020-09-30", "cash": 2044100000, "shortTermInvestments": 713100000, "netReceivables": 897100000, "inventory": 583200000, "otherCurrentAssets": 522900000, "totalCurrentAssets": 4760400000, "longTermInvestments": 4198600000, "propertyPlantEquipment": 26087300000, "goodWill": 3621500000, "intangibleAssets": 68800000, "otherAssets": 3265900000, "deferredLongTermAssetCharges": 88300000, "totalAssets": 42002500000, "accountsPayable": 1597200000, "otherCurrentLiab": 1549900000, "longTermDebt": 2825100000, "otherLiab": 1345200000, "minorityInterest": 943400000, "totalCurrentLiabilities": 6665200000, "totalLiab": 12449100000, "commonStock": 1143100000, "treasuryStock": 27466900000, "otherStockholderEquity": 27466900000, "totalStockholderEquity": 28610000000, "netTangibleAssets": 24919700000}, {"maxAge": 1, "endDate": "2020-06-30", "totalStockholderEquity": 31365440000, "netTangibleAssets": 27584300000}, {"maxAge": 1, "endDate": "2020-03-31", "cash": 678760000, "shortTermInvestments": 1090720000, "netReceivables": 2103200000, "inventory": 609550000, "otherCurrentAssets": 1703970000, "totalCurrentAssets": 6272690000, "longTermInvestments": 4205080000, "propertyPlantEquipment": 26507960000, "goodWill": 3701050000, "intangibleAssets": 80090000, "otherAssets": 3752450000, "deferredLongTermAssetCharges": 98310000, "totalAssets": 44519320000, "accountsPayable": 2077690000, "shortLongTermDebt": 549610000, "otherCurrentLiab": 801910000, "longTermDebt": 2337510000, "otherLiab": 2139070000, "minorityInterest": 997310000, "totalCurrentLiabilities": 6007750000, "totalLiab": 12156570000, "commonStock": 1143140000, "retainedEarnings": 15621400000, "treasuryStock": 2227490000, "capitalSurplus": 12373410000, "otherStockholderEquity": 2227490000, "totalStockholderEquity": 31365440000, "netTangibleAssets": 27584300000}], "maxAge": 86400}, "earningsHistory": {"history": [{"maxAge": 1, "epsActual": {}, "epsEstimate": {}, "epsDifference": {}, "surprisePercent": {}, "quarter": {}, "period": "-4q"}, {"maxAge": 1, "epsActual": {}, "epsEstimate": {}, "epsDifference": {}, "surprisePercent": {}, "quarter": {}, "period": "-3q"}, {"maxAge": 1, "epsActual": {}, "epsEstimate": {}, "epsDifference": {}, "surprisePercent": {}, "quarter": {}, "period": "-2q"}, {"maxAge": 1, "epsActual": {}, "epsEstimate": {}, "epsDifference": {}, "surprisePercent": {}, "quarter": {}, "period": "-1q"}], "maxAge": 86400}, "summaryProfile": {"address1": "7, Sham Nath Marg", "city": "Delhi", "zip": "110054", "country": "India", "phone": "91 11 2389 0505", "fax": "91 11 2389 0605", "website": "http://www.eihltd.com", "industry": "Lodging", "sector": "Consumer Cyclical", "longBusinessSummary": "EIH Limited engages in the ownership, development, management, and operation of hotels and cruisers in India and internationally. It owns a 100% equity interest in the six \u00c2\u0091The Oberoi Hotels' located in Mumbai, New Delhi, Kolkata, Bengaluru, Udaipur, and Ranthambhore, as well as in Agra, Jaipur, and Shimla. The company also has a 100% equity interest in and manages the Trident, Nariman Point and Trident, and Bandra-Kurla Complex in Mumbai; and 36% equity interest in the Trident Hotels located in Agra, Bhubaneswar, Chennai, Cochin, Jaipur, and Udaipur, as well as manages the Trident in Gurugram. Further, it owns and operates Oberoi Flight Services and Oberoi Airport Services, which provide catering and other services to international airlines; operates restaurants and lounges in various airports; operates a commercial printing press; and provides air charter, car rental, and project management services, as well as operates the Maidens Hotel in Delhi. EIH Limited was incorporated in 1949 and is based in Delhi, India.", "fullTimeEmployees": 9959, "companyOfficers": [], "maxAge": 86400}, "netSharePurchaseActivity": {"maxAge": 1, "period": "6m", "buyInfoCount": 0, "buyInfoShares": 0, "sellInfoCount": 0, "netInfoCount": 0, "netInfoShares": 0, "netPercentInsiderShares": 0.0, "totalInsiderShares": 435869856}, "insiderTransactions": {"transactions": [{"maxAge": 1, "shares": 3300000, "value": 4457310, "filerUrl": "", "transactionText": "Other at price 1.35 per share.", "filerName": "Oberoi Building & Investment Pvt. Ltd.", "filerRelation": "Promoter", "moneyText": "", "startDate": "2021-02-19", "ownership": "D"}, {"maxAge": 1, "shares": 2945262, "value": 2558254, "filerUrl": "", "transactionText": "Other at price 0.87 per share.", "filerName": "Oberoi (Arjun Singh)", "filerRelation": "Promoter", "moneyText": "", "startDate": "2020-10-23", "ownership": "D"}, {"maxAge": 1, "shares": 214133, "value": 188522, "filerUrl": "", "transactionText": "Other at price 0.88 per share.", "filerName": "Bombay Plaza Pvt Ltd.", "filerRelation": "Promoter", "moneyText": "", "startDate": "2020-10-23", "ownership": "D"}, {"maxAge": 1, "shares": 134981, "value": 118837, "filerUrl": "", "transactionText": "Other at price 0.88 per share.", "filerName": "Oberoi (P R S)", "filerRelation": "Promoter", "moneyText": "", "startDate": "2020-10-23", "ownership": "D"}, {"maxAge": 1, "shares": 2249894, "value": 1980806, "filerUrl": "", "transactionText": "Other at price 0.88 per share.", "filerName": "Oberoi (Vikramjit Singh)", "filerRelation": "Promoter", "moneyText": "", "startDate": "2020-10-23", "ownership": "D"}, {"maxAge": 1, "shares": 2021507, "value": 1779734, "filerUrl": "", "transactionText": "Other at price 0.88 per share.", "filerName": "Oberoi Building & Investment Pvt. Ltd.", "filerRelation": "Promoter", "moneyText": "", "startDate": "2020-10-23", "ownership": "D"}, {"maxAge": 1, "shares": 26542, "filerUrl": "", "transactionText": "Other at price 0.00 per share.", "filerName": "Aravali Polymers Pvt Ltd", "filerRelation": "Promoter", "moneyText": "", "startDate": "2020-10-06", "ownership": "D"}, {"maxAge": 1, "shares": 855751, "filerUrl": "", "transactionText": "Other at price 0.00 per share.", "filerName": "Mukherji (Shib Sanker)", "filerRelation": "Promoter", "moneyText": "", "startDate": "2020-10-05", "ownership": "D"}, {"maxAge": 1, "shares": 848157, "filerUrl": "", "transactionText": "Other at price 0.00 per share.", "filerName": "Madhok (Deepak)", "filerRelation": "Promoter", "moneyText": "", "startDate": "2020-10-01", "ownership": "D"}, {"maxAge": 1, "shares": 4325566, "filerUrl": "", "transactionText": "", "filerName": "Mukherji (Shib Sanker)", "filerRelation": "Executive Vice Chairman", "moneyText": "", "startDate": "2015-08-10", "ownership": "D"}, {"maxAge": 1, "shares": 1818285, "filerUrl": "", "transactionText": "", "filerName": "Madhok (Deepak)", "filerRelation": "Promoter", "moneyText": "", "startDate": "2015-08-10", "ownership": "D"}, {"maxAge": 1, "shares": 21315000, "filerUrl": "", "transactionText": "", "filerName": "Reliance Industrial Investment & Holdings, Ltd.", "filerRelation": "Institution- Corporation", "moneyText": "", "startDate": "2012-03-02", "ownership": "D"}, {"maxAge": 1, "shares": 633478, "filerUrl": "", "transactionText": "", "filerName": "Oberoi (Vikramjit Singh)", "filerRelation": "UNREPORTED", "moneyText": "", "startDate": "2010-11-22", "ownership": "D"}, {"maxAge": 1, "shares": 1964770, "filerUrl": "", "transactionText": "", "filerName": "Mukherji (Shib Sanker)", "filerRelation": "Vice Chairman", "moneyText": "", "startDate": "2010-11-22", "ownership": "D"}, {"maxAge": 1, "shares": 797853, "filerUrl": "", "transactionText": "", "filerName": "Oberoi (Arjun Singh)", "filerRelation": "Chairman of the Board", "moneyText": "", "startDate": "2010-11-22", "ownership": "D"}, {"maxAge": 1, "shares": 2000000, "filerUrl": "", "transactionText": "", "filerName": "Oberoi (P R S)", "filerRelation": "Chairman of the Board", "moneyText": "", "startDate": "2010-08-30", "ownership": "D"}], "maxAge": 1}, "sectorTrend": {"maxAge": 1, "symbol": null, "estimates": []}, "incomeStatementHistoryQuarterly": {"incomeStatementHistory": [{"maxAge": 1, "endDate": "2020-12-31", "totalRevenue": 1791600000, "costOfRevenue": 1097000000, "grossProfit": 694600000, "researchDevelopment": {}, "sellingGeneralAdministrative": {}, "nonRecurring": {}, "otherOperatingExpenses": 963000000, "totalOperatingExpenses": 2388400000, "operatingIncome": -596800000, "totalOtherIncomeExpenseNet": -77300000, "ebit": -596800000, "interestExpense": -104900000, "incomeBeforeTax": -674100000, "incomeTaxExpense": -116300000, "minorityInterest": {}, "netIncomeFromContinuingOps": -557800000, "discontinuedOperations": {}, "extraordinaryItems": {}, "effectOfAccountingCharges": {}, "otherItems": {}, "netIncome": -557300000, "netIncomeApplicableToCommonShares": -557300000}, {"maxAge": 1, "endDate": "2020-09-30", "totalRevenue": 719200000, "costOfRevenue": 962400000, "grossProfit": -243200000, "researchDevelopment": {}, "sellingGeneralAdministrative": {}, "nonRecurring": {}, "otherOperatingExpenses": 757000000, "totalOperatingExpenses": 2059500000, "operatingIncome": -1340300000, "totalOtherIncomeExpenseNet": -204800000, "ebit": -1340300000, "interestExpense": -137300000, "incomeBeforeTax": -1545100000, "incomeTaxExpense": -357400000, "minorityInterest": 943400000, "netIncomeFromContinuingOps": -1187700000, "discontinuedOperations": {}, "extraordinaryItems": {}, "effectOfAccountingCharges": {}, "otherItems": {}, "netIncome": -1158300000, "netIncomeApplicableToCommonShares": -1158300000}, {"maxAge": 1, "endDate": "2020-06-30", "totalRevenue": 297400000, "costOfRevenue": 1026500000, "grossProfit": -729100000, "researchDevelopment": {}, "sellingGeneralAdministrative": {}, "nonRecurring": {}, "otherOperatingExpenses": 679100000, "totalOperatingExpenses": 2047500000, "operatingIncome": -1750100000, "totalOtherIncomeExpenseNet": -196600000, "ebit": -1750100000, "interestExpense": -126300000, "incomeBeforeTax": -1946700000, "incomeTaxExpense": -426100000, "minorityInterest": 943400000, "netIncomeFromContinuingOps": -1520600000, "discontinuedOperations": {}, "extraordinaryItems": {}, "effectOfAccountingCharges": {}, "otherItems": {}, "netIncome": -1492800000, "netIncomeApplicableToCommonShares": -1492800000}, {"maxAge": 1, "endDate": "2020-03-31", "totalRevenue": 4274990000, "costOfRevenue": 2482050000, "grossProfit": 1792940000, "researchDevelopment": {}, "sellingGeneralAdministrative": 797210000, "nonRecurring": {}, "otherOperatingExpenses": -100410000, "totalOperatingExpenses": 3542060000, "operatingIncome": 732930000, "totalOtherIncomeExpenseNet": -284320000, "ebit": 732930000, "interestExpense": -132750000, "incomeBeforeTax": 448610000, "incomeTaxExpense": 116980000, "minorityInterest": 997310000, "netIncomeFromContinuingOps": 331630000, "discontinuedOperations": {}, "extraordinaryItems": {}, "effectOfAccountingCharges": {}, "otherItems": {}, "netIncome": 279170000, "netIncomeApplicableToCommonShares": 279170000}], "maxAge": 86400}, "cashflowStatementHistoryQuarterly": {"cashflowStatements": [{"maxAge": 1, "endDate": "2020-12-31", "netIncome": -557300000, "changeToLiabilities": 0}, {"maxAge": 1, "endDate": "2020-09-30", "netIncome": -1158300000, "changeToLiabilities": 0}, {"maxAge": 1, "endDate": "2020-06-30", "netIncome": -1492800000, "changeToLiabilities": 0}, {"maxAge": 1, "endDate": "2020-03-31", "netIncome": 279170000, "changeToLiabilities": 0}], "maxAge": 86400}, "earnings": {"maxAge": 86400, "earningsChart": {"quarterly": [], "earningsDate": ["2018-05-28 05:30:S", "2018-06-01 05:30:S"]}, "financialsChart": {"yearly": [{"date": 2017, "revenue": 15785470000, "earnings": 1031130000}, {"date": 2018, "revenue": 16024970000, "earnings": 1792020000}, {"date": 2019, "revenue": 18196210000, "earnings": 1315410000}, {"date": 2020, "revenue": 16133090000, "earnings": 1488170000}], "quarterly": [{"date": "1Q2020", "revenue": 4274990000, "earnings": 279170000}, {"date": "2Q2020", "revenue": 297400000, "earnings": -1492800000}, {"date": "3Q2020", "revenue": 719200000, "earnings": -1158300000}, {"date": "4Q2020", "revenue": 1791600000, "earnings": -557300000}]}, "financialCurrency": "INR"}, "financialData": {"maxAge": 86400, "currentPrice": 86.7, "targetHighPrice": 215.0, "targetLowPrice": 180.0, "targetMeanPrice": 197.5, "targetMedianPrice": 197.5, "recommendationMean": 3.0, "recommendationKey": "hold", "numberOfAnalystOpinions": 2, "totalCash": 2757199872, "totalCashPerShare": 4.502, "ebitda": -1737002496, "totalDebt": 7739400192, "totalRevenue": 7083189760, "debtToEquity": 26.188, "revenuePerShare": 12.194, "grossProfits": 8615840000, "revenueGrowth": -0.648, "grossMargins": 0.21392, "ebitdaMargins": -0.24523, "operatingMargins": -0.41708001, "profitMargins": -0.41355, "financialCurrency": "INR"}}}