{"EIMCOELECO.BO": {"recommendationTrend": {"trend": [{"period": "0m", "strongBuy": 0, "buy": 0, "hold": 0, "sell": 0, "strongSell": 0}, {"period": "-1m", "strongBuy": 0, "buy": 0, "hold": 0, "sell": 0, "strongSell": 0}, {"period": "-2m", "strongBuy": 0, "buy": 0, "hold": 0, "sell": 0, "strongSell": 0}, {"period": "-3m", "strongBuy": 0, "buy": 0, "hold": 0, "sell": 0, "strongSell": 0}], "maxAge": 86400}, "cashflowStatementHistory": {"cashflowStatements": [{"maxAge": 1, "endDate": "2020-03-31", "netIncome": 94882000, "depreciation": 57804000, "changeToNetincome": -150670000, "changeToAccountReceivables": 298389000, "changeToLiabilities": -28207000, "changeToInventory": -125388000, "changeToOperatingActivities": -32952000, "totalCashFromOperatingActivities": 114423000, "capitalExpenditures": -97720000, "investments": 58478000, "otherCashflowsFromInvestingActivities": 8208000, "totalCashflowsFromInvestingActivities": -29099000, "dividendsPaid": -40328000, "netBorrowings": -3662000, "otherCashflowsFromFinancingActivities": -9334000, "totalCashFromFinancingActivities": -53324000, "changeInCash": 31999000}, {"maxAge": 1, "endDate": "2019-03-31", "netIncome": 231721000, "depreciation": 49126000, "changeToNetincome": -82093000, "changeToAccountReceivables": -5695000, "changeToLiabilities": -45396000, "changeToInventory": -9096000, "changeToOperatingActivities": -38517000, "totalCashFromOperatingActivities": 100661000, "capitalExpenditures": -116884000, "investments": 18393000, "otherCashflowsFromInvestingActivities": 14888000, "totalCashflowsFromInvestingActivities": -80193000, "dividendsPaid": -28748000, "netBorrowings": 10125000, "otherCashflowsFromFinancingActivities": -6452000, "totalCashFromFinancingActivities": -25075000, "changeInCash": -4607000}, {"maxAge": 1, "endDate": "2018-03-31", "netIncome": 162707000, "depreciation": 49258000, "changeToNetincome": -103411000, "changeToAccountReceivables": -112321000, "changeToLiabilities": 105742000, "changeToInventory": -50642000, "changeToOperatingActivities": 45980000, "totalCashFromOperatingActivities": 97968000, "capitalExpenditures": -156936000, "investments": 54987000, "otherCashflowsFromInvestingActivities": 34737000, "totalCashflowsFromInvestingActivities": -51803000, "dividendsPaid": -28705000, "netBorrowings": 6178000, "otherCashflowsFromFinancingActivities": -6253000, "totalCashFromFinancingActivities": -28780000, "changeInCash": 17385000}, {"maxAge": 1, "endDate": "2017-03-31", "netIncome": 247161000, "depreciation": 48265000, "changeToNetincome": -102200000, "changeToAccountReceivables": 29001000, "changeToLiabilities": -90368000, "changeToInventory": 35251000, "changeToOperatingActivities": 15565000, "totalCashFromOperatingActivities": 186180000, "capitalExpenditures": -37592000, "investments": -146779000, "otherCashflowsFromInvestingActivities": 39868000, "totalCashflowsFromInvestingActivities": -142589000, "dividendsPaid": -28733000, "netBorrowings": 6178000, "otherCashflowsFromFinancingActivities": -5881000, "totalCashFromFinancingActivities": -34614000, "changeInCash": 8977000}], "maxAge": 86400}, "institutionOwnership": {"ownershipList": [], "maxAge": 1}, "balanceSheetHistoryQuarterly": {"balanceSheetStatements": [{"maxAge": 1, "endDate": "2020-06-30", "totalStockholderEquity": 3189316000, "netTangibleAssets": 3143396000}, {"maxAge": 1, "endDate": "2020-03-31", "cash": 67557000, "netReceivables": 352312000, "inventory": 526996000, "otherCurrentAssets": 67728000, "totalCurrentAssets": 1095850000, "longTermInvestments": 1474980000, "propertyPlantEquipment": 811687000, "intangibleAssets": 45920000, "otherAssets": 106064000, "totalAssets": 3534501000, "accountsPayable": 170588000, "shortLongTermDebt": 1651000, "otherCurrentLiab": 26127000, "longTermDebt": 10990000, "otherLiab": 101922000, "totalCurrentLiabilities": 219704000, "totalLiab": 345185000, "commonStock": 57684000, "retainedEarnings": 3055958000, "treasuryStock": 291000, "capitalSurplus": 75383000, "otherStockholderEquity": 291000, "totalStockholderEquity": 3189316000, "netTangibleAssets": 3143396000}, {"maxAge": 1, "endDate": "2019-12-31", "totalStockholderEquity": 3148955000, "netTangibleAssets": 3044156000}, {"maxAge": 1, "endDate": "2019-09-30", "cash": 54011000, "shortTermInvestments": 48267000, "netReceivables": 269054000, "inventory": 555316000, "otherCurrentAssets": 132230000, "totalCurrentAssets": 1058878000, "longTermInvestments": 1495786000, "propertyPlantEquipment": 742725000, "intangibleAssets": 104799000, "otherAssets": 88367000, "totalAssets": 3490555000, "accountsPayable": 157970000, "otherCurrentLiab": 64045000, "longTermDebt": 13788000, "otherLiab": 105797000, "totalCurrentLiabilities": 222015000, "totalLiab": 341600000, "commonStock": 57684000, "treasuryStock": 3091271000, "otherStockholderEquity": 3091271000, "totalStockholderEquity": 3148955000, "netTangibleAssets": 3044156000}], "maxAge": 86400}, "earningsHistory": {"history": [{"maxAge": 1, "epsActual": {}, "epsEstimate": {}, "epsDifference": {}, "surprisePercent": {}, "quarter": {}, "period": "-4q"}, {"maxAge": 1, "epsActual": {}, "epsEstimate": {}, "epsDifference": {}, "surprisePercent": {}, "quarter": {}, "period": "-3q"}, {"maxAge": 1, "epsActual": {}, "epsEstimate": {}, "epsDifference": {}, "surprisePercent": {}, "quarter": {}, "period": "-2q"}, {"maxAge": 1, "epsActual": {}, "epsEstimate": {}, "epsDifference": {}, "surprisePercent": {}, "quarter": {}, "period": "-1q"}], "maxAge": 86400}, "indexTrend": {"maxAge": 1, "symbol": "SP5", "peRatio": 19.7411, "pegRatio": 1.34172, "estimates": [{"period": "0q", "growth": 0.549}, {"period": "+1q", "growth": 0.431}, {"period": "0y", "growth": 0.305}, {"period": "+1y", "growth": 0.109}, {"period": "+5y", "growth": 0.120865}, {"period": "-5y"}]}, "industryTrend": {"maxAge": 1, "symbol": null, "estimates": []}, "quoteType": {"exchange": "BSE", "quoteType": "EQUITY", "symbol": "EIMCOELECO.BO", "underlyingSymbol": "EIMCOELECO.BO", "shortName": "EIMCO ELECON (INDIA) LTD.", "longName": "Eimco Elecon (India) Limited", "firstTradeDateEpochUtc": "2000-06-29 09:15:00", "timeZoneFullName": "Asia/Kolkata", "timeZoneShortName": "IST", "uuid": "e3914476-b3ea-3aa9-825a-6c3543c61907", "gmtOffSetMilliseconds": 19800000, "maxAge": 1}, "incomeStatementHistory": {"incomeStatementHistory": [{"maxAge": 1, "endDate": "2020-03-31", "totalRevenue": 1075057000, "costOfRevenue": 622018000, "grossProfit": 453039000, "researchDevelopment": {}, "sellingGeneralAdministrative": 135317000, "nonRecurring": {}, "otherOperatingExpenses": 249346000, "totalOperatingExpenses": 1065050000, "operatingIncome": 10007000, "totalOtherIncomeExpenseNet": 92831000, "ebit": 10007000, "interestExpense": -2260000, "incomeBeforeTax": 102838000, "incomeTaxExpense": 7956000, "minorityInterest": {}, "netIncomeFromContinuingOps": 94882000, "discontinuedOperations": {}, "extraordinaryItems": {}, "effectOfAccountingCharges": {}, "otherItems": {}, "netIncome": 94882000, "netIncomeApplicableToCommonShares": 94882000}, {"maxAge": 1, "endDate": "2019-03-31", "totalRevenue": 1843710000, "costOfRevenue": 1062731000, "grossProfit": 780979000, "researchDevelopment": {}, "sellingGeneralAdministrative": 159978000, "nonRecurring": {}, "otherOperatingExpenses": 354839000, "totalOperatingExpenses": 1632311000, "operatingIncome": 211399000, "totalOtherIncomeExpenseNet": 92339000, "ebit": 211399000, "interestExpense": -522000, "incomeBeforeTax": 303738000, "incomeTaxExpense": 72017000, "minorityInterest": {}, "netIncomeFromContinuingOps": 231721000, "discontinuedOperations": {}, "extraordinaryItems": {}, "effectOfAccountingCharges": {}, "otherItems": {}, "netIncome": 231721000, "netIncomeApplicableToCommonShares": 231721000}, {"maxAge": 1, "endDate": "2018-03-31", "totalRevenue": 1397410000, "costOfRevenue": 787500000, "grossProfit": 609910000, "researchDevelopment": {}, "sellingGeneralAdministrative": 162414000, "nonRecurring": {}, "otherOperatingExpenses": 280613000, "totalOperatingExpenses": 1286764000, "operatingIncome": 110646000, "totalOtherIncomeExpenseNet": 81981000, "ebit": 110646000, "interestExpense": -381000, "incomeBeforeTax": 192627000, "incomeTaxExpense": 29920000, "minorityInterest": {}, "netIncomeFromContinuingOps": 162707000, "discontinuedOperations": {}, "extraordinaryItems": {}, "effectOfAccountingCharges": {}, "otherItems": {}, "netIncome": 162707000, "netIncomeApplicableToCommonShares": 162707000}, {"maxAge": 1, "endDate": "2017-03-31", "totalRevenue": 1707734000, "costOfRevenue": 924020000, "grossProfit": 783714000, "researchDevelopment": {}, "sellingGeneralAdministrative": 164349000, "nonRecurring": {}, "otherOperatingExpenses": 394166000, "totalOperatingExpenses": 1534305000, "operatingIncome": 173429000, "totalOtherIncomeExpenseNet": 120741000, "ebit": 173429000, "interestExpense": -9000, "incomeBeforeTax": 294170000, "incomeTaxExpense": 47009000, "minorityInterest": {}, "netIncomeFromContinuingOps": 247161000, "discontinuedOperations": {}, "extraordinaryItems": {}, "effectOfAccountingCharges": {}, "otherItems": {}, "netIncome": 247161000, "netIncomeApplicableToCommonShares": 247161000}], "maxAge": 86400}, "fundOwnership": {"ownershipList": [], "maxAge": 1}, "summaryDetail": {"maxAge": 1, "priceHint": 2, "previousClose": 343.5, "open": 337.7, "dayLow": 334.0, "dayHigh": 345.3, "regularMarketPreviousClose": 343.5, "regularMarketOpen": 337.7, "regularMarketDayLow": 334.0, "regularMarketDayHigh": 345.3, "trailingPE": 14.549311, "forwardPE": 8.205742, "volume": 974, "regularMarketVolume": 974, "averageVolume": 1552, "averageVolume10days": 1312, "averageDailyVolume10Day": 1312, "bid": 343.0, "ask": 345.0, "bidSize": 0, "askSize": 0, "marketCap": 1978554368, "fiftyTwoWeekLow": 180.0, "fiftyTwoWeekHigh": 423.0, "fiftyDayAverage": 347.24847, "twoHundredDayAverage": 329.18832, "trailingAnnualDividendRate": 5.0, "trailingAnnualDividendYield": 0.014556041, "currency": "INR", "fromCurrency": null, "lastMarket": null, "algorithm": null, "tradeable": false}, "sectorTrend": {"maxAge": 1, "symbol": null, "estimates": []}, "incomeStatementHistoryQuarterly": {"incomeStatementHistory": [{"maxAge": 1, "endDate": "2020-06-30", "totalRevenue": 222560000, "costOfRevenue": 101131000, "grossProfit": 121429000, "researchDevelopment": {}, "sellingGeneralAdministrative": 55608000, "nonRecurring": {}, "otherOperatingExpenses": 36463000, "totalOperatingExpenses": 209170000, "operatingIncome": 13390000, "totalOtherIncomeExpenseNet": 44838000, "ebit": 13390000, "interestExpense": -1331000, "incomeBeforeTax": 58228000, "incomeTaxExpense": 7425000, "minorityInterest": {}, "netIncomeFromContinuingOps": 50803000, "discontinuedOperations": {}, "extraordinaryItems": {}, "effectOfAccountingCharges": {}, "otherItems": {}, "netIncome": 50803000, "netIncomeApplicableToCommonShares": 50803000}, {"maxAge": 1, "endDate": "2020-03-31", "totalRevenue": 312907000, "costOfRevenue": 246545000, "grossProfit": 66362000, "researchDevelopment": {}, "sellingGeneralAdministrative": -43200000, "nonRecurring": {}, "otherOperatingExpenses": 105565000, "totalOperatingExpenses": 325166000, "operatingIncome": -12259000, "totalOtherIncomeExpenseNet": 15412000, "ebit": -12259000, "interestExpense": -1331000, "incomeBeforeTax": 3153000, "incomeTaxExpense": -8620000, "minorityInterest": {}, "netIncomeFromContinuingOps": 11773000, "discontinuedOperations": {}, "extraordinaryItems": {}, "effectOfAccountingCharges": {}, "otherItems": {}, "netIncome": 11773000, "netIncomeApplicableToCommonShares": 11773000}, {"maxAge": 1, "endDate": "2019-12-31", "totalRevenue": 367776000, "costOfRevenue": 228906000, "grossProfit": 138870000, "researchDevelopment": {}, "sellingGeneralAdministrative": 65626000, "nonRecurring": {}, "otherOperatingExpenses": 52029000, "totalOperatingExpenses": 361106000, "operatingIncome": 6670000, "totalOtherIncomeExpenseNet": 29572000, "ebit": 6670000, "interestExpense": -1334000, "incomeBeforeTax": 36242000, "incomeTaxExpense": 7561000, "minorityInterest": {}, "netIncomeFromContinuingOps": 28681000, "discontinuedOperations": {}, "extraordinaryItems": {}, "effectOfAccountingCharges": {}, "otherItems": {}, "netIncome": 28681000, "netIncomeApplicableToCommonShares": 28681000}, {"maxAge": 1, "endDate": "2019-09-30", "totalRevenue": 205096000, "costOfRevenue": 69278000, "grossProfit": 135818000, "researchDevelopment": {}, "sellingGeneralAdministrative": 59605000, "nonRecurring": {}, "otherOperatingExpenses": 48397000, "totalOperatingExpenses": 191433000, "operatingIncome": 13663000, "totalOtherIncomeExpenseNet": 39792000, "ebit": 13663000, "interestExpense": -1044000, "incomeBeforeTax": 53455000, "incomeTaxExpense": 8789000, "minorityInterest": {}, "netIncomeFromContinuingOps": 44666000, "discontinuedOperations": {}, "extraordinaryItems": {}, "effectOfAccountingCharges": {}, "otherItems": {}, "netIncome": 44666000, "netIncomeApplicableToCommonShares": 44666000}], "maxAge": 86400}, "cashflowStatementHistoryQuarterly": {"cashflowStatements": [{"maxAge": 1, "endDate": "2020-06-30", "netIncome": 50803000, "changeToLiabilities": 0}, {"maxAge": 1, "endDate": "2020-03-31", "netIncome": 11773000, "changeToLiabilities": 0}, {"maxAge": 1, "endDate": "2019-12-31", "netIncome": 28681000, "changeToLiabilities": 0}, {"maxAge": 1, "endDate": "2019-09-30", "netIncome": 44666000, "changeToLiabilities": 0}], "maxAge": 86400}, "insiderHolders": {"holders": [], "maxAge": 1}, "earnings": {"maxAge": 86400, "earningsChart": {"quarterly": [], "earningsDate": []}, "financialsChart": {"yearly": [{"date": 2017, "revenue": 1707734000, "earnings": 247161000}, {"date": 2018, "revenue": 1397410000, "earnings": 162707000}, {"date": 2019, "revenue": 1843710000, "earnings": 231721000}, {"date": 2020, "revenue": 1075057000, "earnings": 94882000}], "quarterly": [{"date": "3Q2019", "revenue": 205096000, "earnings": 44666000}, {"date": "4Q2019", "revenue": 367776000, "earnings": 28681000}, {"date": "1Q2020", "revenue": 312907000, "earnings": 11773000}, {"date": "2Q2020", "revenue": 222560000, "earnings": 50803000}]}, "financialCurrency": "INR"}, "calendarEvents": {"maxAge": 1, "earnings": {"earningsDate": []}}, "upgradeDowngradeHistory": {"history": [], "maxAge": 86400}, "price": {"maxAge": 1, "regularMarketChangePercent": -0.0014556041, "regularMarketChange": -0.5, "regularMarketTime": "2021-04-30 15:29:19", "priceHint": 2, "regularMarketPrice": 343.0, "regularMarketDayHigh": 345.3, "regularMarketDayLow": 334.0, "regularMarketVolume": 974, "averageDailyVolume10Day": 1312, "averageDailyVolume3Month": 1552, "regularMarketPreviousClose": 343.5, "regularMarketSource": "FREE_REALTIME", "regularMarketOpen": 337.7, "exchange": "BSE", "exchangeName": "BSE", "exchangeDataDelayedBy": 0, "marketState": "CLOSED", "quoteType": "EQUITY", "symbol": "EIMCOELECO.BO", "underlyingSymbol": null, "shortName": "EIMCO ELECON (INDIA) LTD.", "longName": "Eimco Elecon (India) Limited", "currency": "INR", "quoteSourceName": "Delayed Quote", "currencySymbol": "\u20b9", "fromCurrency": null, "lastMarket": null, "marketCap": 1978554368}, "balanceSheetHistory": {"balanceSheetStatements": [{"maxAge": 1, "endDate": "2020-03-31", "cash": 67557000, "netReceivables": 352312000, "inventory": 526996000, "otherCurrentAssets": 67728000, "totalCurrentAssets": 1095850000, "longTermInvestments": 1474980000, "propertyPlantEquipment": 811687000, "intangibleAssets": 45920000, "otherAssets": 106064000, "totalAssets": 3534501000, "accountsPayable": 170588000, "shortLongTermDebt": 1651000, "otherCurrentLiab": 26127000, "longTermDebt": 10990000, "otherLiab": 101922000, "totalCurrentLiabilities": 219704000, "totalLiab": 345185000, "commonStock": 57684000, "retainedEarnings": 3055958000, "treasuryStock": 291000, "capitalSurplus": 75383000, "otherStockholderEquity": 291000, "totalStockholderEquity": 3189316000, "netTangibleAssets": 3143396000}, {"maxAge": 1, "endDate": "2019-03-31", "cash": 35558000, "netReceivables": 638911000, "inventory": 401608000, "otherCurrentAssets": 37978000, "totalCurrentAssets": 1184186000, "longTermInvestments": 1452098000, "propertyPlantEquipment": 798886000, "intangibleAssets": 3329000, "otherAssets": 91544000, "totalAssets": 3530043000, "accountsPayable": 198795000, "shortLongTermDebt": 3670000, "otherCurrentLiab": 43442000, "longTermDebt": 12633000, "otherLiab": 97100000, "totalCurrentLiabilities": 277102000, "totalLiab": 386835000, "commonStock": 57684000, "retainedEarnings": 3009850000, "treasuryStock": 291000, "capitalSurplus": 75383000, "otherStockholderEquity": 291000, "totalStockholderEquity": 3143208000, "netTangibleAssets": 3139879000}, {"maxAge": 1, "endDate": "2018-03-31", "cash": 40165000, "netReceivables": 641952000, "inventory": 392512000, "otherCurrentAssets": 26631000, "totalCurrentAssets": 1730139000, "longTermInvestments": 826063000, "propertyPlantEquipment": 732357000, "intangibleAssets": 3940000, "otherAssets": 87391000, "totalAssets": 3379890000, "accountsPayable": 244191000, "otherCurrentLiab": 35880000, "longTermDebt": 6178000, "otherLiab": 93996000, "totalCurrentLiabilities": 333784000, "totalLiab": 433958000, "commonStock": 57684000, "retainedEarnings": 2812574000, "treasuryStock": 291000, "capitalSurplus": 75383000, "otherStockholderEquity": 291000, "totalStockholderEquity": 2945932000, "netTangibleAssets": 2941992000}, {"maxAge": 1, "endDate": "2017-03-31", "cash": 22780000, "netReceivables": 523999000, "inventory": 341870000, "otherCurrentAssets": 65065000, "totalCurrentAssets": 1649732000, "longTermInvestments": 767920000, "propertyPlantEquipment": 635830000, "intangibleAssets": 668000, "otherAssets": 84945000, "totalAssets": 3139095000, "accountsPayable": 138449000, "otherCurrentLiab": 54759000, "otherLiab": 99908000, "totalCurrentLiabilities": 222897000, "totalLiab": 322805000, "commonStock": 57684000, "retainedEarnings": 2682932000, "treasuryStock": 291000, "capitalSurplus": 75383000, "otherStockholderEquity": 291000, "totalStockholderEquity": 2816290000, "netTangibleAssets": 2815622000}], "maxAge": 86400}, "earningsTrend": {"trend": [{"maxAge": 1, "period": "0q", "endDate": null, "growth": {}, "earningsEstimate": {"avg": 0.0, "low": 0.0, "high": 0.0, "yearAgoEps": {}, "numberOfAnalysts": 0, "growth": {}}, "revenueEstimate": {"avg": 0, "low": 0, "high": 0, "numberOfAnalysts": 0, "yearAgoRevenue": {}, "growth": {}}, "epsTrend": {"current": 0.0, "7daysAgo": 0.0, "30daysAgo": 0.0, "60daysAgo": 0.0, "90daysAgo": 0.0}, "epsRevisions": {"upLast7days": 0, "upLast30days": 0, "downLast30days": 0, "downLast90days": {}}}, {"maxAge": 1, "period": "+1q", "endDate": null, "growth": {}, "earningsEstimate": {"avg": 0.0, "low": 0.0, "high": 0.0, "yearAgoEps": {}, "numberOfAnalysts": 0, "growth": {}}, "revenueEstimate": {"avg": 0, "low": 0, "high": 0, "numberOfAnalysts": 0, "yearAgoRevenue": {}, "growth": {}}, "epsTrend": {"current": 0.0, "7daysAgo": 0.0, "30daysAgo": 0.0, "60daysAgo": 0.0, "90daysAgo": 0.0}, "epsRevisions": {"upLast7days": 0, "upLast30days": 0, "downLast30days": 0, "downLast90days": {}}}, {"maxAge": 1, "period": "0y", "endDate": null, "growth": {}, "earningsEstimate": {"avg": 0.0, "low": 0.0, "high": 0.0, "yearAgoEps": {}, "numberOfAnalysts": 0, "growth": {}}, "revenueEstimate": {"avg": 0, "low": 0, "high": 0, "numberOfAnalysts": 0, "yearAgoRevenue": {}, "growth": {}}, "epsTrend": {"current": 0.0, "7daysAgo": 0.0, "30daysAgo": 0.0, "60daysAgo": 0.0, "90daysAgo": 0.0}, "epsRevisions": {"upLast7days": 0, "upLast30days": 0, "downLast30days": 0, "downLast90days": {}}}, {"maxAge": 1, "period": "+1y", "endDate": null, "growth": {}, "earningsEstimate": {"avg": 0.0, "low": 0.0, "high": 0.0, "yearAgoEps": {}, "numberOfAnalysts": 0, "growth": {}}, "revenueEstimate": {"avg": 0, "low": 0, "high": 0, "numberOfAnalysts": 0, "yearAgoRevenue": {}, "growth": {}}, "epsTrend": {"current": 0.0, "7daysAgo": 0.0, "30daysAgo": 0.0, "60daysAgo": 0.0, "90daysAgo": 0.0}, "epsRevisions": {"upLast7days": 0, "upLast30days": 0, "downLast30days": 0, "downLast90days": {}}}, {"maxAge": 1, "period": "+5y", "endDate": null, "growth": {}, "earningsEstimate": {"avg": {}, "low": {}, "high": {}, "yearAgoEps": {}, "numberOfAnalysts": {}, "growth": {}}, "revenueEstimate": {"avg": {}, "low": {}, "high": {}, "numberOfAnalysts": {}, "yearAgoRevenue": {}, "growth": {}}, "epsTrend": {"current": {}, "7daysAgo": {}, "30daysAgo": {}, "60daysAgo": {}, "90daysAgo": {}}, "epsRevisions": {"upLast7days": {}, "upLast30days": {}, "downLast30days": {}, "downLast90days": {}}}, {"maxAge": 1, "period": "-5y", "endDate": null, "growth": {}, "earningsEstimate": {"avg": {}, "low": {}, "high": {}, "yearAgoEps": {}, "numberOfAnalysts": {}, "growth": {}}, "revenueEstimate": {"avg": {}, "low": {}, "high": {}, "numberOfAnalysts": {}, "yearAgoRevenue": {}, "growth": {}}, "epsTrend": {"current": {}, "7daysAgo": {}, "30daysAgo": {}, "60daysAgo": {}, "90daysAgo": {}}, "epsRevisions": {"upLast7days": {}, "upLast30days": {}, "downLast30days": {}, "downLast90days": {}}}], "maxAge": 1}, "financialData": {"maxAge": 86400, "currentPrice": 343.0, "targetHighPrice": 678.0, "targetLowPrice": 678.0, "targetMeanPrice": 678.0, "targetMedianPrice": 678.0, "recommendationKey": "none", "numberOfAnalystOpinions": 1, "grossProfits": 453039000, "financialCurrency": "INR"}}}