{"ELAND.BO": {"cashflowStatementHistory": {"cashflowStatements": [{"maxAge": 1, "endDate": "2020-03-31", "netIncome": -524283000, "depreciation": 43906000, "changeToNetincome": 473572000, "changeToAccountReceivables": 18911000, "changeToLiabilities": -104014000, "changeToInventory": 5745000, "changeToOperatingActivities": 229577000, "totalCashFromOperatingActivities": 143414000, "capitalExpenditures": -182835000, "investments": 2639000, "otherCashflowsFromInvestingActivities": 1801000, "totalCashflowsFromInvestingActivities": -177271000, "netBorrowings": -6810000, "otherCashflowsFromFinancingActivities": -4041000, "totalCashFromFinancingActivities": -10851000, "changeInCash": -44708000}, {"maxAge": 1, "endDate": "2019-03-31", "netIncome": -415188000, "depreciation": 15949000, "changeToNetincome": 444324000, "changeToAccountReceivables": 58417000, "changeToLiabilities": -58633000, "changeToInventory": 55700000, "changeToOperatingActivities": 71215000, "totalCashFromOperatingActivities": 175274000, "capitalExpenditures": -9437000, "investments": 107820000, "otherCashflowsFromInvestingActivities": 3886000, "totalCashflowsFromInvestingActivities": 104121000, "netBorrowings": -250370000, "otherCashflowsFromFinancingActivities": 2000, "totalCashFromFinancingActivities": -250368000, "changeInCash": 29027000}, {"maxAge": 1, "endDate": "2018-03-31", "netIncome": -784249000, "depreciation": 17342000, "changeToNetincome": 586421000, "changeToAccountReceivables": 151016000, "changeToLiabilities": -53644000, "changeToInventory": 84116000, "changeToOperatingActivities": 2219258000, "totalCashFromOperatingActivities": 2223861000, "capitalExpenditures": -6941000, "investments": 50517000, "otherCashflowsFromInvestingActivities": 3455000, "totalCashflowsFromInvestingActivities": 173647000, "netBorrowings": -2362481000, "otherCashflowsFromFinancingActivities": -43180000, "totalCashFromFinancingActivities": -2405661000, "changeInCash": -8153000}, {"maxAge": 1, "endDate": "2017-03-31", "netIncome": -802103000, "depreciation": 22647000, "changeToNetincome": 525331000, "changeToAccountReceivables": 13835000, "changeToLiabilities": 85015000, "changeToInventory": 142250000, "changeToOperatingActivities": 630886000, "totalCashFromOperatingActivities": 621051000, "capitalExpenditures": -31264000, "investments": -9964000, "otherCashflowsFromInvestingActivities": 55653000, "totalCashflowsFromInvestingActivities": 90730000, "netBorrowings": -646263000, "otherCashflowsFromFinancingActivities": -46001000, "totalCashFromFinancingActivities": -692264000, "effectOfExchangeRate": -357000, "changeInCash": 19161000}], "maxAge": 86400}, "institutionOwnership": {"maxAge": 1, "ownershipList": []}, "balanceSheetHistoryQuarterly": {"balanceSheetStatements": [{"maxAge": 1, "endDate": "2020-06-30", "totalStockholderEquity": -3585796000, "netTangibleAssets": -3586771000}, {"maxAge": 1, "endDate": "2020-03-31", "cash": 25011000, "shortTermInvestments": 2455000, "netReceivables": 167629000, "inventory": 158201000, "otherCurrentAssets": 108731000, "totalCurrentAssets": 462027000, "longTermInvestments": 100000, "propertyPlantEquipment": 680569000, "intangibleAssets": 975000, "otherAssets": 47811000, "totalAssets": 1191482000, "accountsPayable": 209609000, "shortLongTermDebt": 3414000, "otherCurrentLiab": 112003000, "longTermDebt": 427763000, "otherLiab": 3915880000, "totalCurrentLiabilities": 325026000, "totalLiab": 4777278000, "commonStock": 479905000, "treasuryStock": -4065701000, "otherStockholderEquity": -4065701000, "totalStockholderEquity": -3585796000, "netTangibleAssets": -3586771000}, {"maxAge": 1, "endDate": "2019-12-31", "cash": 30888000, "shortTermInvestments": 2848000, "netReceivables": 180165000, "inventory": 196712000, "otherCurrentAssets": 105300000, "totalCurrentAssets": 515913000, "longTermInvestments": 100000, "propertyPlantEquipment": 678433000, "intangibleAssets": 1068000, "otherAssets": 30951000, "totalAssets": 1226465000, "accountsPayable": 237175000, "otherCurrentLiab": 117456000, "longTermDebt": 377087000, "otherLiab": 3945141000, "totalCurrentLiabilities": 354631000, "totalLiab": 4676859000, "commonStock": 479905000, "treasuryStock": -3930299000, "otherStockholderEquity": -3930299000, "totalStockholderEquity": -3450394000, "netTangibleAssets": -3451462000}, {"maxAge": 1, "endDate": "2019-09-30", "cash": 4889000, "shortTermInvestments": 2168000, "netReceivables": 268899000, "inventory": 137154000, "otherCurrentAssets": 106841000, "totalCurrentAssets": 519951000, "longTermInvestments": 100000, "propertyPlantEquipment": 534725000, "intangibleAssets": 1088000, "otherAssets": 41503000, "totalAssets": 1097367000, "accountsPayable": 238661000, "otherCurrentLiab": 87575000, "longTermDebt": 347340000, "otherLiab": 3729224000, "totalCurrentLiabilities": 326236000, "totalLiab": 4402800000, "commonStock": 479905000, "treasuryStock": -3785338000, "otherStockholderEquity": -3785338000, "totalStockholderEquity": -3305433000, "netTangibleAssets": -3306521000}], "maxAge": 86400}, "indexTrend": {"maxAge": 1, "symbol": "SP5", "peRatio": 19.7411, "pegRatio": 1.34172, "estimates": [{"period": "0q", "growth": 0.549}, {"period": "+1q", "growth": 0.431}, {"period": "0y", "growth": 0.305}, {"period": "+1y", "growth": 0.109}, {"period": "+5y", "growth": 0.120859005}, {"period": "-5y"}]}, "insiderTransactions": {"transactions": [{"maxAge": 1, "shares": 2585000, "filerUrl": "", "transactionText": "", "filerName": "Agarwal (Murarilal Bisheshwar)", "filerRelation": "Promoter", "moneyText": "", "startDate": "2014-09-29", "ownership": "D"}, {"maxAge": 1, "shares": 2585000, "filerUrl": "", "transactionText": "", "filerName": "Agarwal (Ravindra Bisheshwar)", "filerRelation": "Promoter", "moneyText": "", "startDate": "2014-09-29", "ownership": "D"}, {"maxAge": 1, "shares": 10000000, "filerUrl": "", "transactionText": "", "filerName": "E-Land Fashion China Holdings, Ltd", "filerRelation": "Promoter", "moneyText": "", "startDate": "2011-08-23", "ownership": "D"}, {"maxAge": 1, "shares": 9598094, "filerUrl": "", "transactionText": "", "filerName": "E-Land Fashion China Holdings, Ltd", "filerRelation": "Promoter", "moneyText": "", "startDate": "2011-07-23", "ownership": "D"}, {"maxAge": 1, "shares": 12000000, "filerUrl": "", "transactionText": "", "filerName": "E-Land Fashion China Holdings, Ltd", "filerRelation": "Promoter", "moneyText": "", "startDate": "2010-11-27", "ownership": "D"}], "maxAge": 1}, "quoteType": {"exchange": "BSE", "quoteType": "EQUITY", "symbol": "ELAND.BO", "underlyingSymbol": "ELAND.BO", "shortName": "E-Land Apparel Limited", "longName": "E-Land Apparel Limited", "firstTradeDateEpochUtc": "2007-03-09 09:15:00", "timeZoneFullName": "Asia/Kolkata", "timeZoneShortName": "IST", "uuid": "dea6c160-a339-3ce3-989e-fbea2de21e15", "messageBoardId": null, "gmtOffSetMilliseconds": 19800000, "maxAge": 1}, "incomeStatementHistory": {"incomeStatementHistory": [{"maxAge": 1, "endDate": "2020-03-31", "totalRevenue": 1493490000, "costOfRevenue": 783672000, "grossProfit": 709818000, "researchDevelopment": {}, "sellingGeneralAdministrative": 541702000, "nonRecurring": {}, "otherOperatingExpenses": 166241000, "totalOperatingExpenses": 1535521000, "operatingIncome": -42031000, "totalOtherIncomeExpenseNet": -482252000, "ebit": -42031000, "interestExpense": -482252000, "incomeBeforeTax": -524283000, "incomeTaxExpense": 0, "minorityInterest": {}, "netIncomeFromContinuingOps": -524283000, "discontinuedOperations": {}, "extraordinaryItems": {}, "effectOfAccountingCharges": {}, "otherItems": {}, "netIncome": -524283000, "netIncomeApplicableToCommonShares": -524283000}, {"maxAge": 1, "endDate": "2019-03-31", "totalRevenue": 1720189000, "costOfRevenue": 955489000, "grossProfit": 764700000, "researchDevelopment": {}, "sellingGeneralAdministrative": 558494000, "nonRecurring": {}, "otherOperatingExpenses": 218611000, "totalOperatingExpenses": 1762077000, "operatingIncome": -41888000, "totalOtherIncomeExpenseNet": -373300000, "ebit": -41888000, "interestExpense": -391037000, "incomeBeforeTax": -415188000, "incomeTaxExpense": 0, "minorityInterest": {}, "netIncomeFromContinuingOps": -415188000, "discontinuedOperations": {}, "extraordinaryItems": {}, "effectOfAccountingCharges": {}, "otherItems": {}, "netIncome": -415188000, "netIncomeApplicableToCommonShares": -415188000}, {"maxAge": 1, "endDate": "2018-03-31", "totalRevenue": 1835048000, "costOfRevenue": 1129313000, "grossProfit": 705735000, "researchDevelopment": {}, "sellingGeneralAdministrative": 665566000, "nonRecurring": {}, "otherOperatingExpenses": 214338000, "totalOperatingExpenses": 2046371000, "operatingIncome": -211323000, "totalOtherIncomeExpenseNet": -572926000, "ebit": -211323000, "interestExpense": -224131000, "incomeBeforeTax": -784249000, "incomeTaxExpense": 0, "minorityInterest": {}, "netIncomeFromContinuingOps": -784249000, "discontinuedOperations": {}, "extraordinaryItems": {}, "effectOfAccountingCharges": {}, "otherItems": {}, "netIncome": -784249000, "netIncomeApplicableToCommonShares": -784249000}, {"maxAge": 1, "endDate": "2017-03-31", "totalRevenue": 2153410000, "costOfRevenue": 1374395000, "grossProfit": 779015000, "researchDevelopment": {}, "sellingGeneralAdministrative": 725003000, "nonRecurring": {}, "otherOperatingExpenses": 345377000, "totalOperatingExpenses": 2482033000, "operatingIncome": -328623000, "totalOtherIncomeExpenseNet": -473480000, "ebit": -328623000, "interestExpense": -340733000, "incomeBeforeTax": -802103000, "incomeTaxExpense": 0, "minorityInterest": {}, "netIncomeFromContinuingOps": -802103000, "discontinuedOperations": {}, "extraordinaryItems": {}, "effectOfAccountingCharges": {}, "otherItems": {}, "netIncome": -802103000, "netIncomeApplicableToCommonShares": -802103000}], "maxAge": 86400}, "fundOwnership": {"maxAge": 1, "ownershipList": []}, "summaryDetail": {"maxAge": 1, "priceHint": 4, "previousClose": 4.19, "open": 4.3, "dayLow": 3.97, "dayHigh": 4.3, "regularMarketPreviousClose": 4.19, "regularMarketOpen": 4.3, "regularMarketDayLow": 3.97, "regularMarketDayHigh": 4.3, "volume": 9350, "regularMarketVolume": 9350, "averageVolume": 16271, "averageVolume10days": 9743, "averageDailyVolume10Day": 9743, "bid": 4.1, "ask": 4.35, "bidSize": 0, "askSize": 0, "marketCap": 201080192, "fiftyTwoWeekLow": 2.87, "fiftyTwoWeekHigh": 6.9, "fiftyDayAverage": 4.9114285, "twoHundredDayAverage": 5.1748176, "currency": "INR", "fromCurrency": null, "toCurrency": null, "lastMarket": null, "algorithm": null, "tradeable": false}, "incomeStatementHistoryQuarterly": {"incomeStatementHistory": [{"maxAge": 1, "endDate": "2020-06-30", "totalRevenue": 182305000, "costOfRevenue": 78994000, "grossProfit": 103311000, "researchDevelopment": {}, "sellingGeneralAdministrative": 81816000, "nonRecurring": {}, "otherOperatingExpenses": 38493000, "totalOperatingExpenses": 209606000, "operatingIncome": -27301000, "totalOtherIncomeExpenseNet": -119216000, "ebit": -27301000, "interestExpense": -119216000, "incomeBeforeTax": -146517000, "incomeTaxExpense": 0, "minorityInterest": {}, "netIncomeFromContinuingOps": -146517000, "discontinuedOperations": {}, "extraordinaryItems": {}, "effectOfAccountingCharges": {}, "otherItems": {}, "netIncome": -146517000, "netIncomeApplicableToCommonShares": -146517000}, {"maxAge": 1, "endDate": "2020-03-31", "totalRevenue": 365484000, "costOfRevenue": 189109000, "grossProfit": 176375000, "researchDevelopment": {}, "sellingGeneralAdministrative": 146313000, "nonRecurring": {}, "otherOperatingExpenses": 9145000, "totalOperatingExpenses": 355112000, "operatingIncome": 10372000, "totalOtherIncomeExpenseNet": -148774000, "ebit": 10372000, "interestExpense": -148774000, "incomeBeforeTax": -138402000, "incomeTaxExpense": 0, "minorityInterest": {}, "netIncomeFromContinuingOps": -138402000, "discontinuedOperations": {}, "extraordinaryItems": {}, "effectOfAccountingCharges": {}, "otherItems": {}, "netIncome": -138402000, "netIncomeApplicableToCommonShares": -138402000}, {"maxAge": 1, "endDate": "2019-12-31", "totalRevenue": 343553000, "costOfRevenue": 173503000, "grossProfit": 170050000, "researchDevelopment": {}, "sellingGeneralAdministrative": 132899000, "nonRecurring": {}, "otherOperatingExpenses": 35915000, "totalOperatingExpenses": 366021000, "operatingIncome": -22468000, "totalOtherIncomeExpenseNet": -122495000, "ebit": -22468000, "interestExpense": -122494000, "incomeBeforeTax": -144963000, "incomeTaxExpense": 0, "minorityInterest": {}, "netIncomeFromContinuingOps": -144963000, "discontinuedOperations": {}, "extraordinaryItems": {}, "effectOfAccountingCharges": {}, "otherItems": {}, "netIncome": -144963000, "netIncomeApplicableToCommonShares": -144963000}, {"maxAge": 1, "endDate": "2019-09-30", "totalRevenue": 449594000, "costOfRevenue": 233649000, "grossProfit": 215945000, "researchDevelopment": {}, "sellingGeneralAdministrative": 131029000, "nonRecurring": {}, "otherOperatingExpenses": 68217000, "totalOperatingExpenses": 438108000, "operatingIncome": 11486000, "totalOtherIncomeExpenseNet": -104630000, "ebit": 11486000, "interestExpense": -104630000, "incomeBeforeTax": -93144000, "incomeTaxExpense": 0, "minorityInterest": {}, "netIncomeFromContinuingOps": -93144000, "discontinuedOperations": {}, "extraordinaryItems": {}, "effectOfAccountingCharges": {}, "otherItems": {}, "netIncome": -93144000, "netIncomeApplicableToCommonShares": -93144000}], "maxAge": 86400}, "cashflowStatementHistoryQuarterly": {"cashflowStatements": [{"maxAge": 1, "endDate": "2020-06-30", "netIncome": -146517000, "changeToLiabilities": 0}, {"maxAge": 1, "endDate": "2020-03-31", "netIncome": -138402000, "changeToLiabilities": 0}, {"maxAge": 1, "endDate": "2019-12-31", "netIncome": -144963000, "changeToLiabilities": 0}, {"maxAge": 1, "endDate": "2019-09-30", "netIncome": -93144000, "changeToLiabilities": 0}], "maxAge": 86400}, "insiderHolders": {"holders": [{"maxAge": 1, "name": "Agarwal (Murarilal Bisheshwar)", "relation": "Promoter", "url": "", "transactionDescription": "Sale", "latestTransDate": "2014-09-29", "positionDirect": 1534386, "positionDirectDate": "2014-09-29"}, {"maxAge": 1, "name": "Agarwal (Ravindra Bisheshwar)", "relation": "Promoter", "url": "", "transactionDescription": "Sale", "latestTransDate": "2014-09-29", "positionDirect": 1556697, "positionDirectDate": "2014-09-29"}, {"maxAge": 1, "name": "E-Land Fashion China Holdings, Ltd", "relation": "Promoter", "url": "", "transactionDescription": "Acquisition", "latestTransDate": "2011-08-23", "positionDirect": 31598094, "positionDirectDate": "2011-08-23"}], "maxAge": 1}, "calendarEvents": {"maxAge": 1, "earnings": {"earningsDate": ["2020-09-14 05:30:S"]}}, "price": {"maxAge": 1, "regularMarketChangePercent": 0.0, "regularMarketChange": 0.0, "regularMarketTime": "2021-04-29 14:48:55", "priceHint": 4, "regularMarketPrice": 4.19, "regularMarketDayHigh": 4.3, "regularMarketDayLow": 3.97, "regularMarketVolume": 9350, "averageDailyVolume10Day": 9743, "averageDailyVolume3Month": 16271, "regularMarketPreviousClose": 4.19, "regularMarketSource": "FREE_REALTIME", "regularMarketOpen": 4.3, "exchange": "BSE", "exchangeName": "BSE", "exchangeDataDelayedBy": 0, "marketState": "CLOSED", "quoteType": "EQUITY", "symbol": "ELAND.BO", "underlyingSymbol": null, "shortName": "E-Land Apparel Limited", "longName": "E-Land Apparel Limited", "currency": "INR", "quoteSourceName": "Delayed Quote", "currencySymbol": "\u20b9", "fromCurrency": null, "toCurrency": null, "lastMarket": null, "marketCap": 201080192}, "balanceSheetHistory": {"balanceSheetStatements": [{"maxAge": 1, "endDate": "2020-03-31", "cash": 25011000, "shortTermInvestments": 2455000, "netReceivables": 167629000, "inventory": 158201000, "otherCurrentAssets": 108731000, "totalCurrentAssets": 462027000, "longTermInvestments": 100000, "propertyPlantEquipment": 680569000, "intangibleAssets": 975000, "otherAssets": 47811000, "totalAssets": 1191482000, "accountsPayable": 209609000, "shortLongTermDebt": 3414000, "otherCurrentLiab": 112003000, "longTermDebt": 427763000, "otherLiab": 3915880000, "totalCurrentLiabilities": 325026000, "totalLiab": 4777278000, "commonStock": 479905000, "treasuryStock": -4065701000, "otherStockholderEquity": -4065701000, "totalStockholderEquity": -3585796000, "netTangibleAssets": -3586771000}, {"maxAge": 1, "endDate": "2019-03-31", "cash": 174901000, "shortTermInvestments": 1847000, "netReceivables": 302417000, "inventory": 163947000, "otherCurrentAssets": 10234000, "totalCurrentAssets": 654799000, "longTermInvestments": 100000, "propertyPlantEquipment": 429572000, "intangibleAssets": 2199000, "otherAssets": 65276000, "totalAssets": 1151946000, "accountsPayable": 302842000, "otherCurrentLiab": 43856000, "longTermDebt": 350464000, "otherLiab": 3510784000, "totalCurrentLiabilities": 355213000, "totalLiab": 4216461000, "commonStock": 479905000, "retainedEarnings": -6379633000, "treasuryStock": 76790000, "capitalSurplus": 2758423000, "otherStockholderEquity": 76790000, "totalStockholderEquity": -3064515000, "netTangibleAssets": -3066714000}, {"maxAge": 1, "endDate": "2018-03-31", "cash": 56074000, "shortTermInvestments": 2278000, "netReceivables": 295976000, "inventory": 219646000, "otherCurrentAssets": 29763000, "totalCurrentAssets": 606718000, "longTermInvestments": 100000, "propertyPlantEquipment": 433652000, "intangibleAssets": 5386000, "otherAssets": 70770000, "totalAssets": 1116626000, "accountsPayable": 360541000, "otherCurrentLiab": 65859000, "longTermDebt": 100097000, "otherLiab": 2929589000, "totalCurrentLiabilities": 434210000, "totalLiab": 3463896000, "commonStock": 479905000, "retainedEarnings": -5757937000, "treasuryStock": 73918000, "capitalSurplus": 2856844000, "otherStockholderEquity": 73918000, "totalStockholderEquity": -2347270000, "netTangibleAssets": -2352656000}, {"maxAge": 1, "endDate": "2017-03-31", "cash": 115012000, "shortTermInvestments": 3740000, "netReceivables": 424649000, "inventory": 303762000, "otherCurrentAssets": 163604000, "totalCurrentAssets": 1013195000, "longTermInvestments": 100000, "propertyPlantEquipment": 446685000, "intangibleAssets": 8383000, "otherAssets": 83452000, "totalAssets": 1551815000, "accountsPayable": 414030000, "otherCurrentLiab": 185230000, "longTermDebt": 934190000, "otherLiab": 618571000, "totalCurrentLiabilities": 979422000, "totalLiab": 2532183000, "commonStock": 479905000, "retainedEarnings": -4980056000, "treasuryStock": 73918000, "capitalSurplus": 3445865000, "otherStockholderEquity": 73918000, "totalStockholderEquity": -980368000, "netTangibleAssets": -988751000}], "maxAge": 86400}, "financialData": {"maxAge": 86400, "currentPrice": 4.19, "recommendationKey": "none", "grossProfits": 709818000, "financialCurrency": "INR"}}}