{"ELANTAS.BO": {"recommendationTrend": {"trend": [{"period": "0m", "strongBuy": 0, "buy": 0, "hold": 0, "sell": 0, "strongSell": 0}, {"period": "-1m", "strongBuy": 0, "buy": 0, "hold": 0, "sell": 0, "strongSell": 0}, {"period": "-2m", "strongBuy": 0, "buy": 0, "hold": 0, "sell": 0, "strongSell": 0}, {"period": "-3m", "strongBuy": 0, "buy": 0, "hold": 0, "sell": 0, "strongSell": 0}], "maxAge": 86400}, "cashflowStatementHistory": {"cashflowStatements": [{"maxAge": 1, "endDate": "2019-12-31", "netIncome": 495608000, "depreciation": 59404000, "changeToNetincome": -125415000, "changeToAccountReceivables": 191941000, "changeToLiabilities": -104536000, "changeToInventory": 13550000, "changeToOperatingActivities": -66095000, "totalCashFromOperatingActivities": 478590000, "capitalExpenditures": -125406000, "investments": -33035000, "otherCashflowsFromInvestingActivities": 124772000, "totalCashflowsFromInvestingActivities": -396157000, "dividendsPaid": -35675000, "otherCashflowsFromFinancingActivities": -10908000, "totalCashFromFinancingActivities": -46583000, "changeInCash": 35850000}, {"maxAge": 1, "endDate": "2018-12-31", "netIncome": 657850000, "depreciation": 52572000, "changeToNetincome": -230560000, "changeToAccountReceivables": -110466000, "changeToLiabilities": 48664000, "changeToInventory": -62418000, "changeToOperatingActivities": -38619000, "totalCashFromOperatingActivities": 330237000, "capitalExpenditures": -231793000, "investments": -388857000, "otherCashflowsFromInvestingActivities": 85589000, "totalCashflowsFromInvestingActivities": -317363000, "dividendsPaid": -35675000, "otherCashflowsFromFinancingActivities": -9184000, "totalCashFromFinancingActivities": -44859000, "changeInCash": -31985000}, {"maxAge": 1, "endDate": "2017-12-31", "netIncome": 550816000, "depreciation": 53337000, "changeToNetincome": -44023000, "changeToAccountReceivables": -204249000, "changeToLiabilities": 26148000, "changeToInventory": 113202000, "changeToOperatingActivities": 10486000, "totalCashFromOperatingActivities": 508253000, "capitalExpenditures": -196571000, "investments": -312616000, "otherCashflowsFromInvestingActivities": 63503000, "totalCashflowsFromInvestingActivities": -446154000, "dividendsPaid": -35675000, "otherCashflowsFromFinancingActivities": -9441000, "totalCashFromFinancingActivities": -45116000, "changeInCash": 16983000}, {"maxAge": 1, "endDate": "2016-12-31", "netIncome": 544882000, "depreciation": 49369000, "changeToNetincome": -49548000, "changeToAccountReceivables": 24803000, "changeToLiabilities": 31206000, "changeToInventory": -55618000, "changeToOperatingActivities": 10991000, "totalCashFromOperatingActivities": 558581000, "capitalExpenditures": -53223000, "investments": -505788000, "otherCashflowsFromInvestingActivities": 53234000, "totalCashflowsFromInvestingActivities": -505407000, "dividendsPaid": -47862000, "otherCashflowsFromFinancingActivities": -2208000, "totalCashFromFinancingActivities": -50070000, "changeInCash": 3104000}], "maxAge": 86400}, "institutionOwnership": {"maxAge": 1, "ownershipList": []}, "balanceSheetHistoryQuarterly": {"balanceSheetStatements": [{"maxAge": 1, "endDate": "2019-12-31", "cash": 58363000, "shortTermInvestments": 179576000, "netReceivables": 636695000, "inventory": 497739000, "otherCurrentAssets": 93222000, "totalCurrentAssets": 3079287000, "longTermInvestments": 191624000, "propertyPlantEquipment": 660717000, "intangibleAssets": 493257000, "otherAssets": 138682000, "totalAssets": 4563567000, "accountsPayable": 364874000, "otherCurrentLiab": 146874000, "otherLiab": 120732000, "totalCurrentLiabilities": 602545000, "totalLiab": 723277000, "commonStock": 79277000, "retainedEarnings": 3687495000, "treasuryStock": 4000000, "capitalSurplus": 69518000, "otherStockholderEquity": 4000000, "totalStockholderEquity": 3840290000, "netTangibleAssets": 3347033000}, {"maxAge": 1, "endDate": "2019-09-30", "totalStockholderEquity": 3594382000, "netTangibleAssets": 3548919000}, {"maxAge": 1, "endDate": "2019-06-30", "cash": 218734000, "shortTermInvestments": 1867981000, "netReceivables": 756736000, "inventory": 612970000, "otherCurrentAssets": 34064000, "totalCurrentAssets": 3490485000, "longTermInvestments": 87690000, "propertyPlantEquipment": 607163000, "intangibleAssets": 45463000, "otherAssets": 126672000, "totalAssets": 4357473000, "accountsPayable": 489527000, "otherCurrentLiab": 106442000, "otherLiab": 146877000, "totalCurrentLiabilities": 616214000, "totalLiab": 763091000, "commonStock": 79277000, "treasuryStock": 3515105000, "otherStockholderEquity": 3515105000, "totalStockholderEquity": 3594382000, "netTangibleAssets": 3548919000}, {"maxAge": 1, "endDate": "2019-03-31", "totalStockholderEquity": 3390133000, "netTangibleAssets": 3339274000}], "maxAge": 86400}, "earningsHistory": {"history": [{"maxAge": 1, "epsActual": {}, "epsEstimate": {}, "epsDifference": {}, "surprisePercent": {}, "quarter": {}, "period": "-4q"}, {"maxAge": 1, "epsActual": {}, "epsEstimate": {}, "epsDifference": {}, "surprisePercent": {}, "quarter": {}, "period": "-3q"}, {"maxAge": 1, "epsActual": {}, "epsEstimate": {}, "epsDifference": {}, "surprisePercent": {}, "quarter": {}, "period": "-2q"}, {"maxAge": 1, "epsActual": {}, "epsEstimate": {}, "epsDifference": {}, "surprisePercent": {}, "quarter": {}, "period": "-1q"}], "maxAge": 86400}, "indexTrend": {"maxAge": 1, "symbol": "SP5", "peRatio": 19.7411, "pegRatio": 1.34172, "estimates": [{"period": "0q", "growth": 0.549}, {"period": "+1q", "growth": 0.431}, {"period": "0y", "growth": 0.305}, {"period": "+1y", "growth": 0.109}, {"period": "+5y", "growth": 0.120859005}, {"period": "-5y"}]}, "industryTrend": {"maxAge": 1, "symbol": null, "estimates": []}, "insiderTransactions": {"transactions": [{"maxAge": 1, "shares": 20000, "filerUrl": "", "transactionText": "", "filerName": "Reliance Capital Trustee Co Ltd - Reliance", "filerRelation": "Institution- Corporation", "moneyText": "", "startDate": "2020-08-07", "ownership": "D"}], "maxAge": 1}, "quoteType": {"exchange": "BSE", "quoteType": "EQUITY", "symbol": "ELANTAS.BO", "underlyingSymbol": "ELANTAS.BO", "shortName": "ELANTAS BECK INDIA LTD.", "longName": "ELANTAS Beck India Limited", "firstTradeDateEpochUtc": "2000-06-22 09:15:00", "timeZoneFullName": "Asia/Kolkata", "timeZoneShortName": "IST", "uuid": "13dd2bd2-821c-347f-84c8-81d4ff086fdd", "messageBoardId": null, "gmtOffSetMilliseconds": 19800000, "maxAge": 1}, "incomeStatementHistory": {"incomeStatementHistory": [{"maxAge": 1, "endDate": "2019-12-31", "totalRevenue": 3941201000, "costOfRevenue": 2578140000, "grossProfit": 1363061000, "researchDevelopment": {}, "sellingGeneralAdministrative": 276417000, "nonRecurring": {}, "otherOperatingExpenses": 532271000, "totalOperatingExpenses": 3460365000, "operatingIncome": 480836000, "totalOtherIncomeExpenseNet": 157041000, "ebit": 480836000, "interestExpense": -20000, "incomeBeforeTax": 637877000, "incomeTaxExpense": 142269000, "minorityInterest": {}, "netIncomeFromContinuingOps": 495608000, "discontinuedOperations": {}, "extraordinaryItems": {}, "effectOfAccountingCharges": {}, "otherItems": {}, "netIncome": 495608000, "netIncomeApplicableToCommonShares": 495608000}, {"maxAge": 1, "endDate": "2018-12-31", "totalRevenue": 4094201000, "costOfRevenue": 2720321000, "grossProfit": 1373880000, "researchDevelopment": {}, "sellingGeneralAdministrative": 258124000, "nonRecurring": {}, "otherOperatingExpenses": 443912000, "totalOperatingExpenses": 3488143000, "operatingIncome": 606058000, "totalOtherIncomeExpenseNet": 285589000, "ebit": 606058000, "interestExpense": -2000, "incomeBeforeTax": 891647000, "incomeTaxExpense": 233797000, "minorityInterest": {}, "netIncomeFromContinuingOps": 657850000, "discontinuedOperations": {}, "extraordinaryItems": {}, "effectOfAccountingCharges": {}, "otherItems": {}, "netIncome": 657850000, "netIncomeApplicableToCommonShares": 657850000}, {"maxAge": 1, "endDate": "2017-12-31", "totalRevenue": 3826837000, "costOfRevenue": 2381795000, "grossProfit": 1445042000, "researchDevelopment": {}, "sellingGeneralAdministrative": 227362000, "nonRecurring": {}, "otherOperatingExpenses": 428207000, "totalOperatingExpenses": 3093237000, "operatingIncome": 733600000, "totalOtherIncomeExpenseNet": 77326000, "ebit": 733600000, "interestExpense": -1000, "incomeBeforeTax": 810926000, "incomeTaxExpense": 260110000, "minorityInterest": {}, "netIncomeFromContinuingOps": 550816000, "discontinuedOperations": {}, "extraordinaryItems": {}, "effectOfAccountingCharges": {}, "otherItems": {}, "netIncome": 550816000, "netIncomeApplicableToCommonShares": 550816000}, {"maxAge": 1, "endDate": "2016-12-31", "totalRevenue": 3658496000, "costOfRevenue": 2226976000, "grossProfit": 1431520000, "researchDevelopment": {}, "sellingGeneralAdministrative": 223771000, "nonRecurring": {}, "otherOperatingExpenses": 406828000, "totalOperatingExpenses": 2909420000, "operatingIncome": 749076000, "totalOtherIncomeExpenseNet": 59841000, "ebit": 749076000, "interestExpense": -2054000, "incomeBeforeTax": 808917000, "incomeTaxExpense": 264035000, "minorityInterest": {}, "netIncomeFromContinuingOps": 544882000, "discontinuedOperations": {}, "extraordinaryItems": {}, "effectOfAccountingCharges": {}, "otherItems": {}, "netIncome": 544882000, "netIncomeApplicableToCommonShares": 544882000}], "maxAge": 86400}, "fundOwnership": {"maxAge": 1, "ownershipList": []}, "summaryDetail": {"maxAge": 1, "priceHint": 2, "previousClose": 3568.75, "open": 3600.0, "dayLow": 3451.0, "dayHigh": 3600.0, "regularMarketPreviousClose": 3568.75, "regularMarketOpen": 3600.0, "regularMarketDayLow": 3451.0, "regularMarketDayHigh": 3600.0, "trailingPE": 55.724133, "forwardPE": 41.046894, "volume": 1277, "regularMarketVolume": 1277, "averageVolume": 2167, "averageVolume10days": 1749, "averageDailyVolume10Day": 1749, "bid": 3475.1, "ask": 3535.0, "bidSize": 0, "askSize": 0, "marketCap": 27617261568, "fiftyTwoWeekLow": 1580.0, "fiftyTwoWeekHigh": 3600.0, "fiftyDayAverage": 2920.6914, "twoHundredDayAverage": 2607.0286, "trailingAnnualDividendRate": 5.0, "trailingAnnualDividendYield": 0.0014010508, "currency": "INR", "fromCurrency": null, "toCurrency": null, "lastMarket": null, "algorithm": null, "tradeable": false}, "sectorTrend": {"maxAge": 1, "symbol": null, "estimates": []}, "incomeStatementHistoryQuarterly": {"incomeStatementHistory": [{"maxAge": 1, "endDate": "2019-12-31", "totalRevenue": 933329000, "costOfRevenue": 621341000, "grossProfit": 311988000, "researchDevelopment": {}, "sellingGeneralAdministrative": 68904000, "nonRecurring": {}, "otherOperatingExpenses": 118201000, "totalOperatingExpenses": 827398000, "operatingIncome": 105931000, "totalOtherIncomeExpenseNet": 23824000, "ebit": 105931000, "interestExpense": {}, "incomeBeforeTax": 129755000, "incomeTaxExpense": 24207000, "minorityInterest": {}, "netIncomeFromContinuingOps": 105548000, "discontinuedOperations": {}, "extraordinaryItems": {}, "effectOfAccountingCharges": {}, "otherItems": {}, "netIncome": 105548000, "netIncomeApplicableToCommonShares": 105548000}, {"maxAge": 1, "endDate": "2019-09-30", "totalRevenue": 952709000, "costOfRevenue": 611439000, "grossProfit": 341270000, "researchDevelopment": {}, "sellingGeneralAdministrative": 69650000, "nonRecurring": {}, "otherOperatingExpenses": 141098000, "totalOperatingExpenses": 840141000, "operatingIncome": 112568000, "totalOtherIncomeExpenseNet": 41863000, "ebit": 112568000, "interestExpense": {}, "incomeBeforeTax": 154431000, "incomeTaxExpense": 12053000, "minorityInterest": {}, "netIncomeFromContinuingOps": 142378000, "discontinuedOperations": {}, "extraordinaryItems": {}, "effectOfAccountingCharges": {}, "otherItems": {}, "netIncome": 142378000, "netIncomeApplicableToCommonShares": 142378000}, {"maxAge": 1, "endDate": "2019-06-30", "totalRevenue": 1070220000, "costOfRevenue": 712724000, "grossProfit": 357496000, "researchDevelopment": {}, "sellingGeneralAdministrative": 71641000, "nonRecurring": {}, "otherOperatingExpenses": 136909000, "totalOperatingExpenses": 939611000, "operatingIncome": 130609000, "totalOtherIncomeExpenseNet": 53879000, "ebit": 130609000, "interestExpense": -6000, "incomeBeforeTax": 184488000, "incomeTaxExpense": 56050000, "minorityInterest": {}, "netIncomeFromContinuingOps": 128438000, "discontinuedOperations": {}, "extraordinaryItems": {}, "effectOfAccountingCharges": {}, "otherItems": {}, "netIncome": 128438000, "netIncomeApplicableToCommonShares": 128438000}, {"maxAge": 1, "endDate": "2019-03-31", "totalRevenue": 984943000, "costOfRevenue": 632636000, "grossProfit": 352307000, "researchDevelopment": {}, "sellingGeneralAdministrative": 66222000, "nonRecurring": {}, "otherOperatingExpenses": 136063000, "totalOperatingExpenses": 853215000, "operatingIncome": 131728000, "totalOtherIncomeExpenseNet": 37475000, "ebit": 131728000, "interestExpense": -3652000, "incomeBeforeTax": 169203000, "incomeTaxExpense": 49959000, "minorityInterest": {}, "netIncomeFromContinuingOps": 119244000, "discontinuedOperations": {}, "extraordinaryItems": {}, "effectOfAccountingCharges": {}, "otherItems": {}, "netIncome": 119244000, "netIncomeApplicableToCommonShares": 119244000}], "maxAge": 86400}, "cashflowStatementHistoryQuarterly": {"cashflowStatements": [{"maxAge": 1, "endDate": "2019-12-31", "netIncome": 105548000, "changeToLiabilities": 0}, {"maxAge": 1, "endDate": "2019-09-30", "netIncome": 142378000, "changeToLiabilities": 0}, {"maxAge": 1, "endDate": "2019-06-30", "netIncome": 128438000, "changeToLiabilities": 0}, {"maxAge": 1, "endDate": "2019-03-31", "netIncome": 119244000, "changeToLiabilities": 0}], "maxAge": 86400}, "insiderHolders": {"holders": [{"maxAge": 1, "name": "Reliance Capital Trustee Co Ltd - Reliance", "relation": "Institution- Corporation", "url": "", "transactionDescription": "Acquisition", "latestTransDate": "2020-08-07", "positionDirect": 397646, "positionDirectDate": "2020-08-07"}], "maxAge": 1}, "earnings": {"maxAge": 86400, "earningsChart": {"quarterly": [], "earningsDate": ["2020-07-28 05:30:S"]}, "financialsChart": {"yearly": [{"date": 2016, "revenue": 3658496000, "earnings": 544882000}, {"date": 2017, "revenue": 3826837000, "earnings": 550816000}, {"date": 2018, "revenue": 4094201000, "earnings": 657850000}, {"date": 2019, "revenue": 3941201000, "earnings": 495608000}], "quarterly": [{"date": "1Q2019", "revenue": 984943000, "earnings": 119244000}, {"date": "2Q2019", "revenue": 1070220000, "earnings": 128438000}, {"date": "3Q2019", "revenue": 952709000, "earnings": 142378000}, {"date": "4Q2019", "revenue": 933329000, "earnings": 105548000}]}, "financialCurrency": "INR"}, "calendarEvents": {"maxAge": 1, "earnings": {"earningsDate": ["2020-07-28 05:30:S"]}}, "price": {"maxAge": 1, "regularMarketChangePercent": -0.023845911, "regularMarketChange": -85.1001, "regularMarketTime": "2021-04-30 15:29:28", "priceHint": 2, "regularMarketPrice": 3483.65, "regularMarketDayHigh": 3600.0, "regularMarketDayLow": 3451.0, "regularMarketVolume": 1277, "averageDailyVolume10Day": 1749, "averageDailyVolume3Month": 2167, "regularMarketPreviousClose": 3568.75, "regularMarketSource": "FREE_REALTIME", "regularMarketOpen": 3600.0, "exchange": "BSE", "exchangeName": "BSE", "exchangeDataDelayedBy": 0, "marketState": "CLOSED", "quoteType": "EQUITY", "symbol": "ELANTAS.BO", "underlyingSymbol": null, "shortName": "ELANTAS BECK INDIA LTD.", "longName": "ELANTAS Beck India Limited", "currency": "INR", "quoteSourceName": "Delayed Quote", "currencySymbol": "\u20b9", "fromCurrency": null, "toCurrency": null, "lastMarket": null, "marketCap": 27617261568}, "balanceSheetHistory": {"balanceSheetStatements": [{"maxAge": 1, "endDate": "2019-12-31", "cash": 58363000, "shortTermInvestments": 179576000, "netReceivables": 636695000, "inventory": 497739000, "otherCurrentAssets": 93222000, "totalCurrentAssets": 3079287000, "longTermInvestments": 191624000, "propertyPlantEquipment": 660717000, "intangibleAssets": 493257000, "otherAssets": 138682000, "totalAssets": 4563567000, "accountsPayable": 364874000, "otherCurrentLiab": 146874000, "otherLiab": 120732000, "totalCurrentLiabilities": 602545000, "totalLiab": 723277000, "commonStock": 79277000, "retainedEarnings": 3687495000, "treasuryStock": 4000000, "capitalSurplus": 69518000, "otherStockholderEquity": 4000000, "totalStockholderEquity": 3840290000, "netTangibleAssets": 3347033000}, {"maxAge": 1, "endDate": "2018-12-31", "cash": 22513000, "shortTermInvestments": 74394000, "netReceivables": 853443000, "inventory": 511289000, "otherCurrentAssets": 20549000, "totalCurrentAssets": 3232446000, "longTermInvestments": 125198000, "propertyPlantEquipment": 599729000, "intangibleAssets": 50859000, "otherAssets": 142357000, "totalAssets": 4150589000, "accountsPayable": 487869000, "otherCurrentLiab": 58337000, "otherLiab": 142165000, "totalCurrentLiabilities": 618291000, "totalLiab": 760456000, "commonStock": 79277000, "retainedEarnings": 3237338000, "treasuryStock": 4000000, "capitalSurplus": 69518000, "otherStockholderEquity": 4000000, "totalStockholderEquity": 3390133000, "netTangibleAssets": 3339274000}, {"maxAge": 1, "endDate": "2017-12-31", "cash": 54498000, "shortTermInvestments": 160445000, "netReceivables": 739623000, "inventory": 448871000, "otherCurrentAssets": 82732000, "totalCurrentAssets": 2886687000, "longTermInvestments": 155000, "propertyPlantEquipment": 496445000, "intangibleAssets": 53308000, "otherAssets": 42424000, "totalAssets": 3479019000, "accountsPayable": 438717000, "otherCurrentLiab": 78714000, "otherLiab": 70833000, "totalCurrentLiabilities": 631918000, "totalLiab": 702751000, "commonStock": 79277000, "retainedEarnings": 2623473000, "treasuryStock": 4000000, "capitalSurplus": 69518000, "otherStockholderEquity": 4000000, "totalStockholderEquity": 2776268000, "netTangibleAssets": 2722960000}, {"maxAge": 1, "endDate": "2016-12-31", "cash": 172057000, "shortTermInvestments": 1092931000, "netReceivables": 542528000, "inventory": 568710000, "otherCurrentAssets": 69087000, "totalCurrentAssets": 2457833000, "longTermInvestments": 3328000, "propertyPlantEquipment": 414671000, "intangibleAssets": 3461000, "otherAssets": 34620000, "deferredLongTermAssetCharges": 8613000, "totalAssets": 2913913000, "accountsPayable": 412659000, "otherCurrentLiab": 121838000, "otherLiab": 51509000, "totalCurrentLiabilities": 643514000, "totalLiab": 695023000, "commonStock": 79277000, "retainedEarnings": 2066095000, "treasuryStock": 4000000, "capitalSurplus": 69518000, "otherStockholderEquity": 4000000, "totalStockholderEquity": 2218890000, "netTangibleAssets": 2215429000}], "maxAge": 86400}, "earningsTrend": {"trend": [{"maxAge": 1, "period": "0q", "endDate": null, "growth": {}, "earningsEstimate": {"avg": 0.0, "low": 0.0, "high": 0.0, "yearAgoEps": {}, "numberOfAnalysts": 0, "growth": {}}, "revenueEstimate": {"avg": 0, "low": 0, "high": 0, "numberOfAnalysts": 0, "yearAgoRevenue": {}, "growth": {}}, "epsTrend": {"current": 0.0, "7daysAgo": 0.0, "30daysAgo": 0.0, "60daysAgo": 0.0, "90daysAgo": 0.0}, "epsRevisions": {"upLast7days": 0, "upLast30days": 0, "downLast30days": 0, "downLast90days": {}}}, {"maxAge": 1, "period": "+1q", "endDate": null, "growth": {}, "earningsEstimate": {"avg": 0.0, "low": 0.0, "high": 0.0, "yearAgoEps": {}, "numberOfAnalysts": 0, "growth": {}}, "revenueEstimate": {"avg": 0, "low": 0, "high": 0, "numberOfAnalysts": 0, "yearAgoRevenue": {}, "growth": {}}, "epsTrend": {"current": 0.0, "7daysAgo": 0.0, "30daysAgo": 0.0, "60daysAgo": 0.0, "90daysAgo": 0.0}, "epsRevisions": {"upLast7days": 0, "upLast30days": 0, "downLast30days": 0, "downLast90days": {}}}, {"maxAge": 1, "period": "0y", "endDate": null, "growth": {}, "earningsEstimate": {"avg": 0.0, "low": 0.0, "high": 0.0, "yearAgoEps": {}, "numberOfAnalysts": 0, "growth": {}}, "revenueEstimate": {"avg": 0, "low": 0, "high": 0, "numberOfAnalysts": 0, "yearAgoRevenue": {}, "growth": {}}, "epsTrend": {"current": 0.0, "7daysAgo": 0.0, "30daysAgo": 0.0, "60daysAgo": 0.0, "90daysAgo": 0.0}, "epsRevisions": {"upLast7days": 0, "upLast30days": 0, "downLast30days": 0, "downLast90days": {}}}, {"maxAge": 1, "period": "+1y", "endDate": null, "growth": {}, "earningsEstimate": {"avg": 0.0, "low": 0.0, "high": 0.0, "yearAgoEps": {}, "numberOfAnalysts": 0, "growth": {}}, "revenueEstimate": {"avg": 0, "low": 0, "high": 0, "numberOfAnalysts": 0, "yearAgoRevenue": {}, "growth": {}}, "epsTrend": {"current": 0.0, "7daysAgo": 0.0, "30daysAgo": 0.0, "60daysAgo": 0.0, "90daysAgo": 0.0}, "epsRevisions": {"upLast7days": 0, "upLast30days": 0, "downLast30days": 0, "downLast90days": {}}}, {"maxAge": 1, "period": "+5y", "endDate": null, "growth": {}, "earningsEstimate": {"avg": {}, "low": {}, "high": {}, "yearAgoEps": {}, "numberOfAnalysts": {}, "growth": {}}, "revenueEstimate": {"avg": {}, "low": {}, "high": {}, "numberOfAnalysts": {}, "yearAgoRevenue": {}, "growth": {}}, "epsTrend": {"current": {}, "7daysAgo": {}, "30daysAgo": {}, "60daysAgo": {}, "90daysAgo": {}}, "epsRevisions": {"upLast7days": {}, "upLast30days": {}, "downLast30days": {}, "downLast90days": {}}}, {"maxAge": 1, "period": "-5y", "endDate": null, "growth": {}, "earningsEstimate": {"avg": {}, "low": {}, "high": {}, "yearAgoEps": {}, "numberOfAnalysts": {}, "growth": {}}, "revenueEstimate": {"avg": {}, "low": {}, "high": {}, "numberOfAnalysts": {}, "yearAgoRevenue": {}, "growth": {}}, "epsTrend": {"current": {}, "7daysAgo": {}, "30daysAgo": {}, "60daysAgo": {}, "90daysAgo": {}}, "epsRevisions": {"upLast7days": {}, "upLast30days": {}, "downLast30days": {}, "downLast90days": {}}}], "maxAge": 1}, "financialData": {"maxAge": 86400, "currentPrice": 3483.65, "targetHighPrice": 1250.0, "targetLowPrice": 1250.0, "targetMeanPrice": 1250.0, "targetMedianPrice": 1250.0, "recommendationKey": "none", "numberOfAnalystOpinions": 1, "grossProfits": 1363061000, "financialCurrency": "INR"}}}