{"ELECTHERM.BO": {"recommendationTrend": {"trend": [{"period": "0m", "strongBuy": 0, "buy": 0, "hold": 0, "sell": 0, "strongSell": 0}, {"period": "-1m", "strongBuy": 0, "buy": 0, "hold": 0, "sell": 0, "strongSell": 0}, {"period": "-2m", "strongBuy": 0, "buy": 0, "hold": 0, "sell": 0, "strongSell": 0}, {"period": "-3m", "strongBuy": 0, "buy": 0, "hold": 0, "sell": 0, "strongSell": 0}], "maxAge": 86400}, "cashflowStatementHistory": {"cashflowStatements": [{"maxAge": 1, "endDate": "2020-03-31", "netIncome": 241000000, "depreciation": 1339800000, "changeToNetincome": -250000000, "changeToAccountReceivables": 304400000, "changeToLiabilities": -269500000, "changeToInventory": 726300000, "changeToOperatingActivities": -323500000, "totalCashFromOperatingActivities": 1770800000, "capitalExpenditures": -237300000, "investments": 144800000, "otherCashflowsFromInvestingActivities": 32900000, "totalCashflowsFromInvestingActivities": 49500000, "netBorrowings": -1810800000, "otherCashflowsFromFinancingActivities": -179200000, "totalCashFromFinancingActivities": -1990000000, "changeInCash": -169700000}, {"maxAge": 1, "endDate": "2019-03-31", "netIncome": 1418500000, "depreciation": 1426100000, "changeToNetincome": 37600000, "changeToAccountReceivables": 452700000, "changeToLiabilities": 130000000, "changeToInventory": -1150200000, "changeToOperatingActivities": 1119100000, "totalCashFromOperatingActivities": 3435900000, "capitalExpenditures": -779900000, "investments": 51300000, "otherCashflowsFromInvestingActivities": 58000000, "totalCashflowsFromInvestingActivities": -668100000, "netBorrowings": -2299200000, "otherCashflowsFromFinancingActivities": -321700000, "totalCashFromFinancingActivities": -2620900000, "changeInCash": 146900000}, {"maxAge": 1, "endDate": "2018-03-31", "netIncome": 29600000, "depreciation": 1492300000, "changeToNetincome": 356900000, "changeToAccountReceivables": -928200000, "changeToLiabilities": 1092200000, "changeToInventory": -954000000, "changeToOperatingActivities": 524000000, "totalCashFromOperatingActivities": 1613000000, "capitalExpenditures": -500600000, "investments": -51900000, "otherCashflowsFromInvestingActivities": 92000000, "totalCashflowsFromInvestingActivities": -460500000, "dividendsPaid": -200000, "netBorrowings": -1005600000, "otherCashflowsFromFinancingActivities": -54800000, "totalCashFromFinancingActivities": -1060600000, "changeInCash": 91900000}, {"maxAge": 1, "endDate": "2017-03-31", "netIncome": -912700000, "depreciation": 1482900000, "changeToNetincome": 89200000, "changeToAccountReceivables": -640900000, "changeToLiabilities": 1080400000, "changeToInventory": -818900000, "changeToOperatingActivities": 295100000, "totalCashFromOperatingActivities": 576900000, "capitalExpenditures": -317200000, "investments": 11500000, "otherCashflowsFromInvestingActivities": 52400000, "totalCashflowsFromInvestingActivities": -249400000, "dividendsPaid": -100000, "netBorrowings": -475800000, "otherCashflowsFromFinancingActivities": -39900000, "totalCashFromFinancingActivities": -515800000, "changeInCash": -188300000}], "maxAge": 86400}, "institutionOwnership": {"ownershipList": [], "maxAge": 1}, "balanceSheetHistoryQuarterly": {"balanceSheetStatements": [{"maxAge": 1, "endDate": "2020-06-30", "totalStockholderEquity": -10933200000, "netTangibleAssets": -11349600000}, {"maxAge": 1, "endDate": "2020-03-31", "cash": 304100000, "shortTermInvestments": 163000000, "netReceivables": 3215500000, "inventory": 4904900000, "otherCurrentAssets": 1402600000, "totalCurrentAssets": 10036400000, "longTermInvestments": 71500000, "propertyPlantEquipment": 8111800000, "goodWill": 364600000, "intangibleAssets": 51800000, "otherAssets": 564700000, "totalAssets": 19200800000, "accountsPayable": 4490400000, "shortLongTermDebt": 9916300000, "otherCurrentLiab": 2474900000, "longTermDebt": 12726500000, "otherLiab": 207900000, "deferredLongTermLiab": 146600000, "totalCurrentLiabilities": 17192500000, "totalLiab": 30134000000, "commonStock": 127400000, "retainedEarnings": -15184200000, "treasuryStock": 1585700000, "capitalSurplus": 2537900000, "otherStockholderEquity": 1585700000, "totalStockholderEquity": -10933200000, "netTangibleAssets": -11349600000}, {"maxAge": 1, "endDate": "2019-12-31", "totalStockholderEquity": -10502000000, "netTangibleAssets": -10887200000}, {"maxAge": 1, "endDate": "2019-09-30", "cash": 413700000, "shortTermInvestments": 9800000, "netReceivables": 2518600000, "inventory": 5857700000, "otherCurrentAssets": 1676900000, "totalCurrentAssets": 10476700000, "longTermInvestments": 481100000, "propertyPlantEquipment": 8979000000, "goodWill": 364600000, "intangibleAssets": 20600000, "otherAssets": 154500000, "totalAssets": 20476500000, "accountsPayable": 4565400000, "shortLongTermDebt": 9498800000, "otherCurrentLiab": 2351700000, "longTermDebt": 13997100000, "otherLiab": 117100000, "totalCurrentLiabilities": 16864300000, "totalLiab": 30978500000, "commonStock": 127400000, "treasuryStock": -10629400000, "otherStockholderEquity": -10629400000, "totalStockholderEquity": -10502000000, "netTangibleAssets": -10887200000}], "maxAge": 86400}, "earningsHistory": {"history": [{"maxAge": 1, "epsActual": {}, "epsEstimate": {}, "epsDifference": {}, "surprisePercent": {}, "quarter": {}, "period": "-4q"}, {"maxAge": 1, "epsActual": {}, "epsEstimate": {}, "epsDifference": {}, "surprisePercent": {}, "quarter": {}, "period": "-3q"}, {"maxAge": 1, "epsActual": {}, "epsEstimate": {}, "epsDifference": {}, "surprisePercent": {}, "quarter": {}, "period": "-2q"}, {"maxAge": 1, "epsActual": {}, "epsEstimate": {}, "epsDifference": {}, "surprisePercent": {}, "quarter": {}, "period": "-1q"}], "maxAge": 86400}, "indexTrend": {"maxAge": 1, "symbol": "SP5", "peRatio": 19.7411, "pegRatio": 1.34172, "estimates": [{"period": "0q", "growth": 0.549}, {"period": "+1q", "growth": 0.431}, {"period": "0y", "growth": 0.305}, {"period": "+1y", "growth": 0.109}, {"period": "+5y", "growth": 0.120865}, {"period": "-5y"}]}, "industryTrend": {"maxAge": 1, "symbol": null, "estimates": []}, "insiderTransactions": {"transactions": [{"maxAge": 1, "shares": 15500, "filerUrl": "", "transactionText": "", "filerName": "Bhandari (Anurag Mukesh)", "filerRelation": "Promoter", "moneyText": "", "startDate": "2018-06-07", "ownership": "D"}, {"maxAge": 1, "shares": 16400, "filerUrl": "", "transactionText": "", "filerName": "Bhandari (Siddharth Mukesh)", "filerRelation": "Executive Chairman", "moneyText": "", "startDate": "2018-06-04", "ownership": "D"}, {"maxAge": 1, "shares": 17400, "filerUrl": "", "transactionText": "", "filerName": "Bhandari (Siddharth Mukesh)", "filerRelation": "Wholetime Director", "moneyText": "", "startDate": "2018-03-09", "ownership": "D"}, {"maxAge": 1, "shares": 16300, "filerUrl": "", "transactionText": "", "filerName": "Bhandari (Siddharth Mukesh)", "filerRelation": "Wholetime Director", "moneyText": "", "startDate": "2018-01-23", "ownership": "D"}, {"maxAge": 1, "shares": 15000, "filerUrl": "", "transactionText": "", "filerName": "Bhandari (Siddharth Mukesh)", "filerRelation": "Wholetime Director", "moneyText": "", "startDate": "2018-01-03", "ownership": "D"}, {"maxAge": 1, "shares": 36500, "filerUrl": "", "transactionText": "", "filerName": "Bhandari (Suraj Shailesh)", "filerRelation": "UNREPORTED", "moneyText": "", "startDate": "2017-12-19", "ownership": "D"}, {"maxAge": 1, "shares": 44600, "filerUrl": "", "transactionText": "", "filerName": "Bhandari (Suraj Shailesh)", "filerRelation": "UNREPORTED", "moneyText": "", "startDate": "2017-09-25", "ownership": "D"}, {"maxAge": 1, "shares": 205050, "filerUrl": "", "transactionText": "", "filerName": "Airen (Anil Kumar)", "filerRelation": "UNREPORTED", "moneyText": "", "startDate": "2015-03-25", "ownership": "D"}, {"maxAge": 1, "shares": 201275, "filerUrl": "", "transactionText": "", "filerName": "Airen (Anil Kumar)", "filerRelation": "UNREPORTED", "moneyText": "", "startDate": "2015-03-24", "ownership": "D"}, {"maxAge": 1, "shares": 402001, "filerUrl": "", "transactionText": "", "filerName": "Airen (Anil Kumar)", "filerRelation": "UNREPORTED", "moneyText": "", "startDate": "2015-03-23", "ownership": "D"}, {"maxAge": 1, "shares": 173780, "filerUrl": "", "transactionText": "", "filerName": "Airen (Anil Kumar)", "filerRelation": "UNREPORTED", "moneyText": "", "startDate": "2015-03-20", "ownership": "D"}, {"maxAge": 1, "shares": 499, "filerUrl": "", "transactionText": "", "filerName": "Airen (Anil Kumar)", "filerRelation": "UNREPORTED", "moneyText": "", "startDate": "2015-03-19", "ownership": "D"}, {"maxAge": 1, "shares": 119842, "filerUrl": "", "transactionText": "", "filerName": "Airen (Anil Kumar)", "filerRelation": "UNREPORTED", "moneyText": "", "startDate": "2015-03-18", "ownership": "D"}, {"maxAge": 1, "shares": 222916, "filerUrl": "", "transactionText": "", "filerName": "Airen (Anil Kumar)", "filerRelation": "UNREPORTED", "moneyText": "", "startDate": "2015-03-17", "ownership": "D"}, {"maxAge": 1, "shares": 6904, "filerUrl": "", "transactionText": "", "filerName": "Airen (Anil Kumar)", "filerRelation": "UNREPORTED", "moneyText": "", "startDate": "2015-03-16", "ownership": "D"}, {"maxAge": 1, "shares": 32087, "filerUrl": "", "transactionText": "", "filerName": "Airen (Anil Kumar)", "filerRelation": "UNREPORTED", "moneyText": "", "startDate": "2015-03-13", "ownership": "D"}, {"maxAge": 1, "shares": 78, "filerUrl": "", "transactionText": "", "filerName": "Airen (Anil Kumar)", "filerRelation": "UNREPORTED", "moneyText": "", "startDate": "2015-03-12", "ownership": "D"}, {"maxAge": 1, "shares": 1132, "filerUrl": "", "transactionText": "", "filerName": "Airen (Anil Kumar)", "filerRelation": "UNREPORTED", "moneyText": "", "startDate": "2015-03-11", "ownership": "D"}, {"maxAge": 1, "shares": 1102, "filerUrl": "", "transactionText": "", "filerName": "Airen (Anil Kumar)", "filerRelation": "UNREPORTED", "moneyText": "", "startDate": "2015-03-09", "ownership": "D"}, {"maxAge": 1, "shares": 1366666, "filerUrl": "", "transactionText": "", "filerName": "Airen (Anil Kumar)", "filerRelation": "UNREPORTED", "moneyText": "", "startDate": "2015-01-23", "ownership": "D"}], "maxAge": 1}, "quoteType": {"exchange": "BSE", "quoteType": "EQUITY", "symbol": "ELECTHERM.BO", "underlyingSymbol": "ELECTHERM.BO", "shortName": "ELECTROTHERM (INDIA) LTD.", "longName": "Electrotherm (India) Limited", "firstTradeDateEpochUtc": "2002-11-21 09:15:00", "timeZoneFullName": "Asia/Kolkata", "timeZoneShortName": "IST", "uuid": "2aa8ee4a-65f4-37f5-9bda-0599100862c1", "gmtOffSetMilliseconds": 19800000, "maxAge": 1}, "incomeStatementHistory": {"incomeStatementHistory": [{"maxAge": 1, "endDate": "2020-03-31", "totalRevenue": 31999200000, "costOfRevenue": 22959300000, "grossProfit": 9039900000, "researchDevelopment": {}, "sellingGeneralAdministrative": 1858900000, "nonRecurring": {}, "otherOperatingExpenses": 5858200000, "totalOperatingExpenses": 32018500000, "operatingIncome": -19300000, "totalOtherIncomeExpenseNet": 260500000, "ebit": -19300000, "interestExpense": -142300000, "incomeBeforeTax": 241200000, "incomeTaxExpense": 200000, "minorityInterest": {}, "netIncomeFromContinuingOps": 241000000, "discontinuedOperations": {}, "extraordinaryItems": {}, "effectOfAccountingCharges": {}, "otherItems": {}, "netIncome": 241000000, "netIncomeApplicableToCommonShares": 241000000}, {"maxAge": 1, "endDate": "2019-03-31", "totalRevenue": 40401800000, "costOfRevenue": 29249200000, "grossProfit": 11152600000, "researchDevelopment": {}, "sellingGeneralAdministrative": 1786200000, "nonRecurring": {}, "otherOperatingExpenses": 6245100000, "totalOperatingExpenses": 38708700000, "operatingIncome": 1693100000, "totalOtherIncomeExpenseNet": -273800000, "ebit": 1693100000, "interestExpense": -320700000, "incomeBeforeTax": 1419300000, "incomeTaxExpense": 800000, "minorityInterest": {}, "netIncomeFromContinuingOps": 1418500000, "discontinuedOperations": {}, "extraordinaryItems": {}, "effectOfAccountingCharges": {}, "otherItems": {}, "netIncome": 1418500000, "netIncomeApplicableToCommonShares": 1418500000}, {"maxAge": 1, "endDate": "2018-03-31", "totalRevenue": 29274400000, "costOfRevenue": 21128700000, "grossProfit": 8145700000, "researchDevelopment": {}, "sellingGeneralAdministrative": 1610700000, "nonRecurring": {}, "otherOperatingExpenses": 5010200000, "totalOperatingExpenses": 29242100000, "operatingIncome": 32300000, "totalOtherIncomeExpenseNet": -2400000, "ebit": 32300000, "interestExpense": -11900000, "incomeBeforeTax": 29900000, "incomeTaxExpense": 300000, "minorityInterest": {}, "netIncomeFromContinuingOps": 29600000, "discontinuedOperations": {}, "extraordinaryItems": {}, "effectOfAccountingCharges": {}, "otherItems": {}, "netIncome": 29600000, "netIncomeApplicableToCommonShares": 29600000}, {"maxAge": 1, "endDate": "2017-03-31", "totalRevenue": 22585200000, "costOfRevenue": 14948300000, "grossProfit": 7636900000, "researchDevelopment": {}, "sellingGeneralAdministrative": 1485200000, "nonRecurring": {}, "otherOperatingExpenses": 5528700000, "totalOperatingExpenses": 23446800000, "operatingIncome": -861600000, "totalOtherIncomeExpenseNet": -50800000, "ebit": -861600000, "interestExpense": -6800000, "incomeBeforeTax": -912400000, "incomeTaxExpense": 300000, "minorityInterest": {}, "netIncomeFromContinuingOps": -912700000, "discontinuedOperations": {}, "extraordinaryItems": {}, "effectOfAccountingCharges": {}, "otherItems": {}, "netIncome": -912700000, "netIncomeApplicableToCommonShares": -912700000}], "maxAge": 86400}, "fundOwnership": {"ownershipList": [], "maxAge": 1}, "summaryDetail": {"maxAge": 1, "priceHint": 2, "previousClose": 109.5, "open": 110.05, "dayLow": 106.1, "dayHigh": 114.35, "regularMarketPreviousClose": 109.5, "regularMarketOpen": 110.05, "regularMarketDayLow": 106.1, "regularMarketDayHigh": 114.35, "volume": 2542, "regularMarketVolume": 2542, "averageVolume": 11201, "averageVolume10days": 1679, "averageDailyVolume10Day": 1679, "bid": 108.4, "ask": 110.0, "bidSize": 0, "askSize": 0, "marketCap": 1401070848, "fiftyTwoWeekLow": 69.0, "fiftyTwoWeekHigh": 169.8, "fiftyDayAverage": 116.76515, "twoHundredDayAverage": 107.38419, "currency": "INR", "fromCurrency": null, "lastMarket": null, "algorithm": null, "tradeable": false}, "sectorTrend": {"maxAge": 1, "symbol": null, "estimates": []}, "incomeStatementHistoryQuarterly": {"incomeStatementHistory": [{"maxAge": 1, "endDate": "2020-06-30", "totalRevenue": 3217900000, "costOfRevenue": 2350200000, "grossProfit": 867700000, "researchDevelopment": {}, "sellingGeneralAdministrative": 344500000, "nonRecurring": {}, "otherOperatingExpenses": 640800000, "totalOperatingExpenses": 3671200000, "operatingIncome": -453300000, "totalOtherIncomeExpenseNet": -42800000, "ebit": -453300000, "interestExpense": -42800000, "incomeBeforeTax": -496100000, "incomeTaxExpense": 100000, "minorityInterest": {}, "netIncomeFromContinuingOps": -496200000, "discontinuedOperations": {}, "extraordinaryItems": {}, "effectOfAccountingCharges": {}, "otherItems": {}, "netIncome": -496200000, "netIncomeApplicableToCommonShares": -496200000}, {"maxAge": 1, "endDate": "2020-03-31", "totalRevenue": 7906800000, "costOfRevenue": 5987600000, "grossProfit": 1919200000, "researchDevelopment": {}, "sellingGeneralAdministrative": 585600000, "nonRecurring": {}, "otherOperatingExpenses": 1501500000, "totalOperatingExpenses": 8403800000, "operatingIncome": -497000000, "totalOtherIncomeExpenseNet": 13000000, "ebit": -497000000, "interestExpense": -34500000, "incomeBeforeTax": -484000000, "incomeTaxExpense": 0, "minorityInterest": {}, "netIncomeFromContinuingOps": -484000000, "discontinuedOperations": {}, "extraordinaryItems": {}, "effectOfAccountingCharges": {}, "otherItems": {}, "netIncome": -484000000, "netIncomeApplicableToCommonShares": -484000000}, {"maxAge": 1, "endDate": "2019-12-31", "totalRevenue": 7197500000, "costOfRevenue": 4930100000, "grossProfit": 2267400000, "researchDevelopment": {}, "sellingGeneralAdministrative": 420900000, "nonRecurring": {}, "otherOperatingExpenses": 1403100000, "totalOperatingExpenses": 7091700000, "operatingIncome": 105800000, "totalOtherIncomeExpenseNet": -31900000, "ebit": 105800000, "interestExpense": -31800000, "incomeBeforeTax": 73900000, "incomeTaxExpense": 100000, "minorityInterest": {}, "netIncomeFromContinuingOps": 73800000, "discontinuedOperations": {}, "extraordinaryItems": {}, "effectOfAccountingCharges": {}, "otherItems": {}, "netIncome": 73800000, "netIncomeApplicableToCommonShares": 73800000}, {"maxAge": 1, "endDate": "2019-09-30", "totalRevenue": 7312900000, "costOfRevenue": 5202700000, "grossProfit": 2110200000, "researchDevelopment": {}, "sellingGeneralAdministrative": 445000000, "nonRecurring": {}, "otherOperatingExpenses": 1371200000, "totalOperatingExpenses": 7354000000, "operatingIncome": -41100000, "totalOtherIncomeExpenseNet": 315300000, "ebit": -41100000, "interestExpense": -40100000, "incomeBeforeTax": 274200000, "incomeTaxExpense": 0, "minorityInterest": {}, "netIncomeFromContinuingOps": 274200000, "discontinuedOperations": {}, "extraordinaryItems": {}, "effectOfAccountingCharges": {}, "otherItems": {}, "netIncome": 274200000, "netIncomeApplicableToCommonShares": 274200000}], "maxAge": 86400}, "cashflowStatementHistoryQuarterly": {"cashflowStatements": [{"maxAge": 1, "endDate": "2020-06-30", "netIncome": -496200000, "changeToLiabilities": 0}, {"maxAge": 1, "endDate": "2020-03-31", "netIncome": -484000000, "changeToLiabilities": 0}, {"maxAge": 1, "endDate": "2019-12-31", "netIncome": 73800000, "changeToLiabilities": 0}, {"maxAge": 1, "endDate": "2019-09-30", "netIncome": 274200000, "changeToLiabilities": 0}], "maxAge": 86400}, "insiderHolders": {"holders": [{"maxAge": 1, "name": "Airen (Anil Kumar)", "relation": "UNREPORTED", "url": "", "transactionDescription": "Sale", "latestTransDate": "2015-03-25", "positionDirect": 0, "positionDirectDate": "2015-03-25"}, {"maxAge": 1, "name": "Bhandari (Anurag Mukesh)", "relation": "Promoter", "url": "", "transactionDescription": "Acquisition", "latestTransDate": "2018-06-07", "positionDirect": 76050, "positionDirectDate": "2018-06-07"}, {"maxAge": 1, "name": "Bhandari (Siddharth Mukesh)", "relation": "Executive Chairman", "url": "", "transactionDescription": "Acquisition", "latestTransDate": "2018-06-04", "positionDirect": 65100, "positionDirectDate": "2018-06-04"}, {"maxAge": 1, "name": "Bhandari (Suraj Shailesh)", "relation": "UNREPORTED", "url": "", "transactionDescription": "Acquisition", "latestTransDate": "2017-12-19", "positionDirect": 81100, "positionDirectDate": "2017-12-19"}], "maxAge": 1}, "earnings": {"maxAge": 86400, "earningsChart": {"quarterly": [], "earningsDate": []}, "financialsChart": {"yearly": [{"date": 2017, "revenue": 22585200000, "earnings": -912700000}, {"date": 2018, "revenue": 29274400000, "earnings": 29600000}, {"date": 2019, "revenue": 40401800000, "earnings": 1418500000}, {"date": 2020, "revenue": 31999200000, "earnings": 241000000}], "quarterly": [{"date": "3Q2019", "revenue": 7312900000, "earnings": 274200000}, {"date": "4Q2019", "revenue": 7197500000, "earnings": 73800000}, {"date": "1Q2020", "revenue": 7906800000, "earnings": -484000000}, {"date": "2Q2020", "revenue": 3217900000, "earnings": -496200000}]}, "financialCurrency": "INR"}, "calendarEvents": {"maxAge": 1, "earnings": {"earningsDate": []}}, "upgradeDowngradeHistory": {"history": [], "maxAge": 86400}, "price": {"maxAge": 1, "regularMarketChangePercent": 0.004109561, "regularMarketChange": 0.44999695, "regularMarketTime": "2021-04-30 15:40:03", "priceHint": 2, "regularMarketPrice": 109.95, "regularMarketDayHigh": 114.35, "regularMarketDayLow": 106.1, "regularMarketVolume": 2542, "averageDailyVolume10Day": 1679, "averageDailyVolume3Month": 11201, "regularMarketPreviousClose": 109.5, "regularMarketSource": "FREE_REALTIME", "regularMarketOpen": 110.05, "exchange": "BSE", "exchangeName": "BSE", "exchangeDataDelayedBy": 0, "marketState": "CLOSED", "quoteType": "EQUITY", "symbol": "ELECTHERM.BO", "underlyingSymbol": null, "shortName": "ELECTROTHERM (INDIA) LTD.", "longName": "Electrotherm (India) Limited", "currency": "INR", "quoteSourceName": "Delayed Quote", "currencySymbol": "\u20b9", "fromCurrency": null, "lastMarket": null, "marketCap": 1401070848}, "balanceSheetHistory": {"balanceSheetStatements": [{"maxAge": 1, "endDate": "2020-03-31", "cash": 304100000, "shortTermInvestments": 163000000, "netReceivables": 3215500000, "inventory": 4904900000, "otherCurrentAssets": 1402600000, "totalCurrentAssets": 10036400000, "longTermInvestments": 71500000, "propertyPlantEquipment": 8111800000, "goodWill": 364600000, "intangibleAssets": 51800000, "otherAssets": 564700000, "totalAssets": 19200800000, "accountsPayable": 4490400000, "shortLongTermDebt": 9916300000, "otherCurrentLiab": 2474900000, "longTermDebt": 12726500000, "otherLiab": 207900000, "deferredLongTermLiab": 146600000, "totalCurrentLiabilities": 17192500000, "totalLiab": 30134000000, "commonStock": 127400000, "retainedEarnings": -15184200000, "treasuryStock": 1585700000, "capitalSurplus": 2537900000, "otherStockholderEquity": 1585700000, "totalStockholderEquity": -10933200000, "netTangibleAssets": -11349600000}, {"maxAge": 1, "endDate": "2019-03-31", "cash": 473800000, "shortTermInvestments": 158800000, "netReceivables": 3379300000, "inventory": 5631200000, "otherCurrentAssets": 1449300000, "totalCurrentAssets": 11124900000, "longTermInvestments": 73600000, "propertyPlantEquipment": 9390800000, "goodWill": 364600000, "intangibleAssets": 20600000, "otherAssets": 712400000, "totalAssets": 21686900000, "accountsPayable": 4763000000, "shortLongTermDebt": 10203000000, "otherCurrentLiab": 2518000000, "longTermDebt": 14432100000, "otherLiab": 130900000, "deferredLongTermLiab": 146600000, "totalCurrentLiabilities": 19343600000, "totalLiab": 33906600000, "commonStock": 127400000, "retainedEarnings": -15397600000, "treasuryStock": 512600000, "capitalSurplus": 2537900000, "otherStockholderEquity": 512600000, "totalStockholderEquity": -12219700000, "netTangibleAssets": -12604900000}, {"maxAge": 1, "endDate": "2018-03-31", "cash": 326900000, "shortTermInvestments": 210200000, "netReceivables": 3744800000, "inventory": 4481000000, "otherCurrentAssets": 1753300000, "totalCurrentAssets": 10529700000, "longTermInvestments": 73300000, "propertyPlantEquipment": 10071200000, "goodWill": 364600000, "intangibleAssets": 4400000, "otherAssets": 553400000, "totalAssets": 21596600000, "accountsPayable": 4752900000, "shortLongTermDebt": 10012800000, "otherCurrentLiab": 1629300000, "longTermDebt": 16073800000, "otherLiab": 91300000, "deferredLongTermLiab": 146600000, "totalCurrentLiabilities": 19055300000, "totalLiab": 35220400000, "commonStock": 127400000, "retainedEarnings": -16801700000, "treasuryStock": 512600000, "capitalSurplus": 2537900000, "otherStockholderEquity": 512600000, "totalStockholderEquity": -13623800000, "netTangibleAssets": -13992800000}, {"maxAge": 1, "endDate": "2017-03-31", "cash": 235000000, "shortTermInvestments": 168300000, "netReceivables": 3096800000, "inventory": 3527000000, "otherCurrentAssets": 2975900000, "totalCurrentAssets": 10026100000, "longTermInvestments": 72600000, "propertyPlantEquipment": 11024700000, "goodWill": 364600000, "intangibleAssets": 4600000, "otherAssets": 700800000, "totalAssets": 22193400000, "accountsPayable": 3667500000, "shortLongTermDebt": 9986600000, "otherCurrentLiab": 1248000000, "longTermDebt": 18277200000, "otherLiab": 93600000, "deferredLongTermLiab": 143800000, "totalCurrentLiabilities": 17481800000, "totalLiab": 35852600000, "commonStock": 127400000, "retainedEarnings": -16837100000, "treasuryStock": 512600000, "capitalSurplus": 2537900000, "otherStockholderEquity": 512600000, "totalStockholderEquity": -13659200000, "netTangibleAssets": -14028400000}], "maxAge": 86400}, "earningsTrend": {"trend": [{"maxAge": 1, "period": "0q", "endDate": null, "growth": {}, "earningsEstimate": {"avg": 0.0, "low": 0.0, "high": 0.0, "yearAgoEps": {}, "numberOfAnalysts": 0, "growth": {}}, "revenueEstimate": {"avg": 0, "low": 0, "high": 0, "numberOfAnalysts": 0, "yearAgoRevenue": {}, "growth": {}}, "epsTrend": {"current": 0.0, "7daysAgo": 0.0, "30daysAgo": 0.0, "60daysAgo": 0.0, "90daysAgo": 0.0}, "epsRevisions": {"upLast7days": 0, "upLast30days": 0, "downLast30days": 0, "downLast90days": {}}}, {"maxAge": 1, "period": "+1q", "endDate": null, "growth": {}, "earningsEstimate": {"avg": 0.0, "low": 0.0, "high": 0.0, "yearAgoEps": {}, "numberOfAnalysts": 0, "growth": {}}, "revenueEstimate": {"avg": 0, "low": 0, "high": 0, "numberOfAnalysts": 0, "yearAgoRevenue": {}, "growth": {}}, "epsTrend": {"current": 0.0, "7daysAgo": 0.0, "30daysAgo": 0.0, "60daysAgo": 0.0, "90daysAgo": 0.0}, "epsRevisions": {"upLast7days": 0, "upLast30days": 0, "downLast30days": 0, "downLast90days": {}}}, {"maxAge": 1, "period": "0y", "endDate": null, "growth": {}, "earningsEstimate": {"avg": 0.0, "low": 0.0, "high": 0.0, "yearAgoEps": {}, "numberOfAnalysts": 0, "growth": {}}, "revenueEstimate": {"avg": 0, "low": 0, "high": 0, "numberOfAnalysts": 0, "yearAgoRevenue": {}, "growth": {}}, "epsTrend": {"current": 0.0, "7daysAgo": 0.0, "30daysAgo": 0.0, "60daysAgo": 0.0, "90daysAgo": 0.0}, "epsRevisions": {"upLast7days": 0, "upLast30days": 0, "downLast30days": 0, "downLast90days": {}}}, {"maxAge": 1, "period": "+1y", "endDate": null, "growth": {}, "earningsEstimate": {"avg": 0.0, "low": 0.0, "high": 0.0, "yearAgoEps": {}, "numberOfAnalysts": 0, "growth": {}}, "revenueEstimate": {"avg": 0, "low": 0, "high": 0, "numberOfAnalysts": 0, "yearAgoRevenue": {}, "growth": {}}, "epsTrend": {"current": 0.0, "7daysAgo": 0.0, "30daysAgo": 0.0, "60daysAgo": 0.0, "90daysAgo": 0.0}, "epsRevisions": {"upLast7days": 0, "upLast30days": 0, "downLast30days": 0, "downLast90days": {}}}, {"maxAge": 1, "period": "+5y", "endDate": null, "growth": {}, "earningsEstimate": {"avg": {}, "low": {}, "high": {}, "yearAgoEps": {}, "numberOfAnalysts": {}, "growth": {}}, "revenueEstimate": {"avg": {}, "low": {}, "high": {}, "numberOfAnalysts": {}, "yearAgoRevenue": {}, "growth": {}}, "epsTrend": {"current": {}, "7daysAgo": {}, "30daysAgo": {}, "60daysAgo": {}, "90daysAgo": {}}, "epsRevisions": {"upLast7days": {}, "upLast30days": {}, "downLast30days": {}, "downLast90days": {}}}, {"maxAge": 1, "period": "-5y", "endDate": null, "growth": {}, "earningsEstimate": {"avg": {}, "low": {}, "high": {}, "yearAgoEps": {}, "numberOfAnalysts": {}, "growth": {}}, "revenueEstimate": {"avg": {}, "low": {}, "high": {}, "numberOfAnalysts": {}, "yearAgoRevenue": {}, "growth": {}}, "epsTrend": {"current": {}, "7daysAgo": {}, "30daysAgo": {}, "60daysAgo": {}, "90daysAgo": {}}, "epsRevisions": {"upLast7days": {}, "upLast30days": {}, "downLast30days": {}, "downLast90days": {}}}], "maxAge": 1}, "financialData": {"maxAge": 86400, "currentPrice": 109.95, "targetHighPrice": 342.0, "targetLowPrice": 342.0, "targetMeanPrice": 342.0, "targetMedianPrice": 342.0, "recommendationKey": "none", "numberOfAnalystOpinions": 1, "grossProfits": 9039900000, "financialCurrency": "INR"}}}