{"ELEFLOR.BO": {"cashflowStatementHistory": {"cashflowStatements": [{"maxAge": 1, "endDate": "2020-03-31", "netIncome": -1254281, "depreciation": 4394928, "changeToNetincome": -4320129, "changeToAccountReceivables": 1336383, "changeToLiabilities": -403308, "changeToOperatingActivities": 29939920, "totalCashFromOperatingActivities": 29693513, "capitalExpenditures": -350276, "otherCashflowsFromInvestingActivities": 6082665, "totalCashflowsFromInvestingActivities": -28346071, "netBorrowings": -176044, "otherCashflowsFromFinancingActivities": -824670, "totalCashFromFinancingActivities": -1000714, "changeInCash": 346728}, {"maxAge": 1, "endDate": "2019-03-31", "netIncome": -1016655, "depreciation": 4378290, "changeToNetincome": -3126332, "changeToAccountReceivables": -1548405, "changeToLiabilities": 219874, "changeToOperatingActivities": 2076615, "totalCashFromOperatingActivities": 983387, "capitalExpenditures": -414210, "otherCashflowsFromInvestingActivities": 4322110, "totalCashflowsFromInvestingActivities": 1385665, "netBorrowings": 12709, "otherCashflowsFromFinancingActivities": -839989, "totalCashFromFinancingActivities": -827280, "changeInCash": 1541772}, {"maxAge": 1, "endDate": "2018-03-31", "netIncome": 332169, "depreciation": 4358259, "changeToNetincome": -2854082, "changeToAccountReceivables": 684017, "changeToLiabilities": -1777417, "changeToOperatingActivities": -19840723, "totalCashFromOperatingActivities": -19097777, "capitalExpenditures": -471078, "otherCashflowsFromInvestingActivities": 4027096, "totalCashflowsFromInvestingActivities": 21904404, "netBorrowings": -5696241, "otherCashflowsFromFinancingActivities": -917768, "totalCashFromFinancingActivities": -6614009, "changeInCash": -3807382}, {"maxAge": 1, "endDate": "2017-03-31", "netIncome": 9218588, "depreciation": 4333304, "changeToNetincome": -4185582, "changeToAccountReceivables": -1082826, "changeToLiabilities": 2139440, "changeToOperatingActivities": 114691, "totalCashFromOperatingActivities": 10537615, "capitalExpenditures": -13316528, "otherCashflowsFromInvestingActivities": 4101332, "totalCashflowsFromInvestingActivities": -6687853, "netBorrowings": 3065991, "otherCashflowsFromFinancingActivities": -1298982, "totalCashFromFinancingActivities": 1767009, "changeInCash": 5616771}], "maxAge": 86400}, "institutionOwnership": {"ownershipList": [], "maxAge": 1}, "balanceSheetHistoryQuarterly": {"balanceSheetStatements": [{"maxAge": 1, "endDate": "2020-06-30", "totalStockholderEquity": 213693602, "netTangibleAssets": 213693602}, {"maxAge": 1, "endDate": "2020-03-31", "cash": 4611268, "netReceivables": 49802604, "inventory": 654460, "otherCurrentAssets": 4936666, "totalCurrentAssets": 60013213, "propertyPlantEquipment": 28232392, "otherAssets": 135747119, "totalAssets": 223992724, "accountsPayable": 447480, "otherCurrentLiab": 3151341, "longTermDebt": 6671188, "otherLiab": 10753, "totalCurrentLiabilities": 3617181, "totalLiab": 10299122, "commonStock": 199671500, "retainedEarnings": 7866673, "treasuryStock": 6155429, "otherStockholderEquity": 6155429, "totalStockholderEquity": 213693602, "netTangibleAssets": 213693602}, {"maxAge": 1, "endDate": "2019-12-31", "totalStockholderEquity": 215787354, "netTangibleAssets": 215787354}, {"maxAge": 1, "endDate": "2019-09-30", "cash": 3437029, "netReceivables": 84330447, "inventory": 654460, "totalCurrentAssets": 88421936, "propertyPlantEquipment": 32491244, "otherAssets": 104618597, "deferredLongTermAssetCharges": 456035, "totalAssets": 225531777, "accountsPayable": 1531661, "otherCurrentLiab": 1912619, "longTermDebt": 6300143, "totalCurrentLiabilities": 3444280, "totalLiab": 9744423, "commonStock": 199671500, "treasuryStock": 16115854, "otherStockholderEquity": 16115854, "totalStockholderEquity": 215787354, "netTangibleAssets": 215787354}], "maxAge": 86400}, "indexTrend": {"maxAge": 1, "symbol": "SP5", "peRatio": 19.7411, "pegRatio": 1.34172, "estimates": [{"period": "0q", "growth": 0.549}, {"period": "+1q", "growth": 0.431}, {"period": "0y", "growth": 0.305}, {"period": "+1y", "growth": 0.109}, {"period": "+5y", "growth": 0.120859005}, {"period": "-5y"}]}, "insiderTransactions": {"transactions": [{"maxAge": 1, "shares": 18812, "filerUrl": "", "transactionText": "", "filerName": "Agarwal (Pawankumar Basudev)", "filerRelation": "Director (Non-Executive)", "moneyText": "", "startDate": "2013-04-18", "ownership": "D"}, {"maxAge": 1, "shares": 1644, "filerUrl": "", "transactionText": "", "filerName": "Agarwal (Pawankumar Basudev)", "filerRelation": "Director (Non-Executive)", "moneyText": "", "startDate": "2013-04-17", "ownership": "D"}, {"maxAge": 1, "shares": 42954, "filerUrl": "", "transactionText": "", "filerName": "Agarwal (Pawankumar Basudev)", "filerRelation": "Director (Non-Executive)", "moneyText": "", "startDate": "2013-04-09", "ownership": "D"}], "maxAge": 1}, "quoteType": {"exchange": "BSE", "quoteType": "EQUITY", "symbol": "ELEFLOR.BO", "underlyingSymbol": "ELEFLOR.BO", "shortName": "ELEGANT FLORICULTURE & AGROTEC", "longName": "Elegant Floriculture & Agrotech (India) Limited", "firstTradeDateEpochUtc": "2002-02-20 09:15:00", "timeZoneFullName": "Asia/Kolkata", "timeZoneShortName": "IST", "uuid": "2e823f25-7f7b-32bb-af1a-0b5cd6c063df", "gmtOffSetMilliseconds": 19800000, "maxAge": 1}, "incomeStatementHistory": {"incomeStatementHistory": [{"maxAge": 1, "endDate": "2020-03-31", "totalRevenue": 9966958, "costOfRevenue": 5696891, "grossProfit": 4270067, "researchDevelopment": {}, "sellingGeneralAdministrative": 1719284, "nonRecurring": {}, "otherOperatingExpenses": 2885230, "totalOperatingExpenses": 14696333, "operatingIncome": -4729375, "totalOtherIncomeExpenseNet": 5257885, "ebit": -4729375, "interestExpense": -824780, "incomeBeforeTax": 528510, "incomeTaxExpense": 1782791, "minorityInterest": {}, "netIncomeFromContinuingOps": -1254281, "discontinuedOperations": {}, "extraordinaryItems": {}, "effectOfAccountingCharges": {}, "otherItems": {}, "netIncome": -1254281, "netIncomeApplicableToCommonShares": -1254281}, {"maxAge": 1, "endDate": "2019-03-31", "totalRevenue": 16715731, "costOfRevenue": 6686792, "grossProfit": 10028939, "researchDevelopment": {}, "sellingGeneralAdministrative": 1502738, "nonRecurring": {}, "otherOperatingExpenses": 7415468, "totalOperatingExpenses": 19983288, "operatingIncome": -3267557, "totalOtherIncomeExpenseNet": 3468465, "ebit": -3267557, "interestExpense": -839989, "incomeBeforeTax": 200908, "incomeTaxExpense": 1217563, "minorityInterest": {}, "netIncomeFromContinuingOps": -1016655, "discontinuedOperations": {}, "extraordinaryItems": {}, "effectOfAccountingCharges": {}, "otherItems": {}, "netIncome": -1016655, "netIncomeApplicableToCommonShares": -1016655}, {"maxAge": 1, "endDate": "2018-03-31", "totalRevenue": 12509816, "costOfRevenue": 5882528, "grossProfit": 6627288, "researchDevelopment": {}, "sellingGeneralAdministrative": 1675106, "nonRecurring": {}, "otherOperatingExpenses": 2608234, "totalOperatingExpenses": 14524127, "operatingIncome": -2014311, "totalOtherIncomeExpenseNet": 3366409, "ebit": -2014311, "interestExpense": -918338, "incomeBeforeTax": 1352098, "incomeTaxExpense": 1019929, "minorityInterest": {}, "netIncomeFromContinuingOps": 332169, "discontinuedOperations": {}, "extraordinaryItems": {}, "effectOfAccountingCharges": {}, "otherItems": {}, "netIncome": 332169, "netIncomeApplicableToCommonShares": 332169}, {"maxAge": 1, "endDate": "2017-03-31", "totalRevenue": 19627046, "costOfRevenue": 6634624, "grossProfit": 12992422, "researchDevelopment": {}, "sellingGeneralAdministrative": 1611048, "nonRecurring": {}, "otherOperatingExpenses": 6711744, "totalOperatingExpenses": 19290720, "operatingIncome": 336326, "totalOtherIncomeExpenseNet": 4875344, "ebit": 336326, "interestExpense": -1300076, "incomeBeforeTax": 5211670, "incomeTaxExpense": -4006918, "minorityInterest": {}, "netIncomeFromContinuingOps": 9218588, "discontinuedOperations": {}, "extraordinaryItems": {}, "effectOfAccountingCharges": {}, "otherItems": {}, "netIncome": 9218588, "netIncomeApplicableToCommonShares": 9218588}], "maxAge": 86400}, "fundOwnership": {"ownershipList": [], "maxAge": 1}, "summaryDetail": {"maxAge": 1, "priceHint": 4, "previousClose": 1.92, "open": 2.0, "dayLow": 2.0, "dayHigh": 2.0, "regularMarketPreviousClose": 1.92, "regularMarketOpen": 2.0, "regularMarketDayLow": 2.0, "regularMarketDayHigh": 2.0, "volume": 661, "regularMarketVolume": 661, "averageVolume": 1376, "averageVolume10days": 443, "averageDailyVolume10Day": 443, "bid": 2.0, "ask": 0.0, "bidSize": 0, "askSize": 0, "marketCap": 40000000, "fiftyTwoWeekLow": 1.63, "fiftyTwoWeekHigh": 6.7, "fiftyDayAverage": 1.8748485, "twoHundredDayAverage": 2.810803, "currency": "INR", "fromCurrency": null, "lastMarket": null, "algorithm": null, "tradeable": false}, "incomeStatementHistoryQuarterly": {"incomeStatementHistory": [{"maxAge": 1, "endDate": "2020-06-30", "totalRevenue": 9000, "costOfRevenue": 293000, "grossProfit": -284000, "researchDevelopment": {}, "sellingGeneralAdministrative": 118000, "nonRecurring": {}, "otherOperatingExpenses": 515000, "totalOperatingExpenses": 926000, "operatingIncome": -917000, "totalOtherIncomeExpenseNet": 1498000, "ebit": -917000, "interestExpense": {}, "incomeBeforeTax": 581000, "incomeTaxExpense": 0, "minorityInterest": {}, "netIncomeFromContinuingOps": 581000, "discontinuedOperations": {}, "extraordinaryItems": {}, "effectOfAccountingCharges": {}, "otherItems": {}, "netIncome": 581000, "netIncomeApplicableToCommonShares": 581000}, {"maxAge": 1, "endDate": "2020-03-31", "totalRevenue": 4183958, "costOfRevenue": 1546891, "grossProfit": 2637067, "researchDevelopment": {}, "sellingGeneralAdministrative": 702284, "nonRecurring": {}, "otherOperatingExpenses": 845230, "totalOperatingExpenses": 7489333, "operatingIncome": -3305375, "totalOtherIncomeExpenseNet": 2308885, "ebit": -3305375, "interestExpense": -290780, "incomeBeforeTax": -996490, "incomeTaxExpense": 1782791, "minorityInterest": {}, "netIncomeFromContinuingOps": -2779281, "discontinuedOperations": {}, "extraordinaryItems": {}, "effectOfAccountingCharges": {}, "otherItems": {}, "netIncome": -2779281, "netIncomeApplicableToCommonShares": -2779281}, {"maxAge": 1, "endDate": "2019-12-31", "totalRevenue": 2126000, "costOfRevenue": 1371000, "grossProfit": 755000, "researchDevelopment": {}, "sellingGeneralAdministrative": 358000, "nonRecurring": {}, "otherOperatingExpenses": 392000, "totalOperatingExpenses": 2121000, "operatingIncome": 5000, "totalOtherIncomeExpenseNet": 681000, "ebit": 5000, "interestExpense": -177000, "incomeBeforeTax": 686000, "incomeTaxExpense": 0, "minorityInterest": {}, "netIncomeFromContinuingOps": 686000, "discontinuedOperations": {}, "extraordinaryItems": {}, "effectOfAccountingCharges": {}, "otherItems": {}, "netIncome": 686000, "netIncomeApplicableToCommonShares": 686000}, {"maxAge": 1, "endDate": "2019-09-30", "totalRevenue": 1179000, "costOfRevenue": 1313000, "grossProfit": -134000, "researchDevelopment": {}, "sellingGeneralAdministrative": 335000, "nonRecurring": {}, "otherOperatingExpenses": 625000, "totalOperatingExpenses": 2273000, "operatingIncome": -1094000, "totalOtherIncomeExpenseNet": 1452000, "ebit": -1094000, "interestExpense": -158000, "incomeBeforeTax": 358000, "incomeTaxExpense": 0, "minorityInterest": {}, "netIncomeFromContinuingOps": 358000, "discontinuedOperations": {}, "extraordinaryItems": {}, "effectOfAccountingCharges": {}, "otherItems": {}, "netIncome": 358000, "netIncomeApplicableToCommonShares": 358000}], "maxAge": 86400}, "cashflowStatementHistoryQuarterly": {"cashflowStatements": [{"maxAge": 1, "endDate": "2020-06-30", "netIncome": 581000, "changeToLiabilities": 0}, {"maxAge": 1, "endDate": "2020-03-31", "netIncome": -2779281, "changeToLiabilities": 0}, {"maxAge": 1, "endDate": "2019-12-31", "netIncome": 686000, "changeToLiabilities": 0}, {"maxAge": 1, "endDate": "2019-09-30", "netIncome": 358000, "changeToLiabilities": 0}], "maxAge": 86400}, "insiderHolders": {"holders": [{"maxAge": 1, "name": "Agarwal (Pawankumar Basudev)", "relation": "Director (Non-Executive)", "url": "", "transactionDescription": "Acquisition", "latestTransDate": "2013-04-18", "positionDirect": 132860, "positionDirectDate": "2013-04-18"}], "maxAge": 1}, "calendarEvents": {"maxAge": 1, "earnings": {"earningsDate": ["2020-09-15 05:30:S"]}}, "upgradeDowngradeHistory": {"history": [], "maxAge": 86400}, "price": {"maxAge": 1, "regularMarketChangePercent": 0.04166669, "regularMarketChange": 0.08000004, "regularMarketTime": "2021-04-30 10:41:14", "priceHint": 4, "regularMarketPrice": 2.0, "regularMarketDayHigh": 2.0, "regularMarketDayLow": 2.0, "regularMarketVolume": 661, "averageDailyVolume10Day": 443, "averageDailyVolume3Month": 1376, "regularMarketPreviousClose": 1.92, "regularMarketSource": "FREE_REALTIME", "regularMarketOpen": 2.0, "exchange": "BSE", "exchangeName": "BSE", "exchangeDataDelayedBy": 0, "marketState": "CLOSED", "quoteType": "EQUITY", "symbol": "ELEFLOR.BO", "underlyingSymbol": null, "shortName": "ELEGANT FLORICULTURE & AGROTEC", "longName": "Elegant Floriculture & Agrotech (India) Limited", "currency": "INR", "quoteSourceName": "Delayed Quote", "currencySymbol": "\u20b9", "fromCurrency": null, "lastMarket": null, "marketCap": 40000000}, "balanceSheetHistory": {"balanceSheetStatements": [{"maxAge": 1, "endDate": "2020-03-31", "cash": 4611268, "netReceivables": 49802604, "inventory": 654460, "otherCurrentAssets": 4936666, "totalCurrentAssets": 60013213, "propertyPlantEquipment": 28232392, "otherAssets": 135747119, "totalAssets": 223992724, "accountsPayable": 447480, "otherCurrentLiab": 3151341, "longTermDebt": 6671188, "otherLiab": 10753, "totalCurrentLiabilities": 3617181, "totalLiab": 10299122, "commonStock": 199671500, "retainedEarnings": 7866673, "treasuryStock": 6155429, "otherStockholderEquity": 6155429, "totalStockholderEquity": 213693602, "netTangibleAssets": 213693602}, {"maxAge": 1, "endDate": "2019-03-31", "cash": 4741645, "netReceivables": 141200938, "inventory": 654460, "otherCurrentAssets": 2635861, "totalCurrentAssets": 149276517, "propertyPlantEquipment": 32277044, "otherAssets": 102124694, "deferredLongTermAssetCharges": 456035, "totalAssets": 283678255, "accountsPayable": 850788, "otherCurrentLiab": 1894004, "longTermDebt": 5964837, "totalCurrentLiabilities": 62765535, "totalLiab": 68730372, "commonStock": 199671500, "retainedEarnings": 9120954, "treasuryStock": 6155429, "otherStockholderEquity": 6155429, "totalStockholderEquity": 214947883, "netTangibleAssets": 214947883}, {"maxAge": 1, "endDate": "2018-03-31", "cash": 3199873, "netReceivables": 138253392, "inventory": 654460, "totalCurrentAssets": 142107725, "propertyPlantEquipment": 36241124, "otherAssets": 100327274, "deferredLongTermAssetCharges": 703745, "totalAssets": 278676123, "accountsPayable": 630914, "otherCurrentLiab": 1131441, "longTermDebt": 5952128, "totalCurrentLiabilities": 56759457, "totalLiab": 62711585, "commonStock": 199671500, "retainedEarnings": 10137609, "treasuryStock": 6155429, "otherStockholderEquity": 6155429, "totalStockholderEquity": 215964538, "netTangibleAssets": 215964538}, {"maxAge": 1, "endDate": "2017-03-31", "cash": 7007255, "netReceivables": 63932434, "inventory": 654460, "totalCurrentAssets": 71594149, "propertyPlantEquipment": 40128305, "otherAssets": 118837376, "deferredLongTermAssetCharges": 865461, "totalAssets": 230559830, "accountsPayable": 2408331, "otherCurrentLiab": 701295, "longTermDebt": 11648369, "totalCurrentLiabilities": 3279092, "totalLiab": 14927461, "commonStock": 199671500, "retainedEarnings": 9805440, "treasuryStock": 6155429, "otherStockholderEquity": 6155429, "totalStockholderEquity": 215632369, "netTangibleAssets": 215632369}], "maxAge": 86400}, "financialData": {"maxAge": 86400, "currentPrice": 2.0, "recommendationKey": "none", "grossProfits": 4270067, "financialCurrency": "INR"}}}