{"ELEMARB.BO": {"recommendationTrend": {"trend": [{"period": "0m", "strongBuy": 0, "buy": 0, "hold": 0, "sell": 0, "strongSell": 0}, {"period": "-1m", "strongBuy": 0, "buy": 0, "hold": 0, "sell": 0, "strongSell": 0}, {"period": "-2m", "strongBuy": 0, "buy": 0, "hold": 0, "sell": 0, "strongSell": 0}, {"period": "-3m", "strongBuy": 0, "buy": 0, "hold": 0, "sell": 0, "strongSell": 0}], "maxAge": 86400}, "cashflowStatementHistory": {"cashflowStatements": [{"maxAge": 1, "endDate": "2020-03-31", "netIncome": 14741000, "depreciation": 1323000, "changeToNetincome": -28656000, "changeToAccountReceivables": 1933000, "changeToLiabilities": -16662000, "changeToInventory": 11800000, "changeToOperatingActivities": -1880000, "totalCashFromOperatingActivities": -17401000, "capitalExpenditures": -208000, "investments": 5679000, "otherCashflowsFromInvestingActivities": 20053000, "totalCashflowsFromInvestingActivities": 25524000, "changeInCash": 8123000}, {"maxAge": 1, "endDate": "2019-03-31", "netIncome": 32672000, "depreciation": 2817000, "changeToNetincome": -32259000, "changeToAccountReceivables": -1327000, "changeToLiabilities": -85243000, "changeToInventory": -13136000, "changeToOperatingActivities": 8109000, "totalCashFromOperatingActivities": -88367000, "capitalExpenditures": -4768000, "investments": 65409000, "otherCashflowsFromInvestingActivities": 22091000, "totalCashflowsFromInvestingActivities": 82732000, "changeInCash": -5635000}, {"maxAge": 1, "endDate": "2018-03-31", "netIncome": 43678000, "depreciation": 1663000, "changeToNetincome": -57084000, "changeToAccountReceivables": 91000, "changeToLiabilities": -47000, "changeToInventory": -33030000, "changeToOperatingActivities": -392000, "totalCashFromOperatingActivities": -45121000, "capitalExpenditures": -442000, "investments": 191098000, "otherCashflowsFromInvestingActivities": 29738000, "totalCashflowsFromInvestingActivities": 220394000, "totalCashFromFinancingActivities": -172200000, "changeInCash": 3073000, "repurchaseOfStock": -172200000}, {"maxAge": 1, "endDate": "2017-03-31", "netIncome": 59517000, "depreciation": 1904000, "changeToNetincome": -63671000, "changeToAccountReceivables": 686000, "changeToLiabilities": 8137000, "changeToInventory": -8907000, "changeToOperatingActivities": -13920000, "totalCashFromOperatingActivities": -16254000, "capitalExpenditures": -668000, "investments": -38832000, "otherCashflowsFromInvestingActivities": 53098000, "totalCashflowsFromInvestingActivities": 13598000, "totalCashFromFinancingActivities": -172200000, "changeInCash": -2656000, "repurchaseOfStock": -172200000}], "maxAge": 86400}, "institutionOwnership": {"ownershipList": [], "maxAge": 1}, "balanceSheetHistoryQuarterly": {"balanceSheetStatements": [{"maxAge": 1, "endDate": "2020-06-30", "totalStockholderEquity": 697115000, "netTangibleAssets": 697115000}, {"maxAge": 1, "endDate": "2020-03-31", "cash": 15788000, "netReceivables": 23929000, "inventory": 142684000, "otherCurrentAssets": 2132000, "totalCurrentAssets": 186334000, "longTermInvestments": 502586000, "propertyPlantEquipment": 9217000, "otherAssets": 20073000, "deferredLongTermAssetCharges": 13683000, "totalAssets": 718210000, "accountsPayable": 1580000, "otherCurrentLiab": 10512000, "otherLiab": 4584000, "totalCurrentLiabilities": 16511000, "totalLiab": 21095000, "commonStock": 36600000, "retainedEarnings": 684889000, "treasuryStock": -24374000, "otherStockholderEquity": -24374000, "totalStockholderEquity": 697115000, "netTangibleAssets": 697115000}, {"maxAge": 1, "endDate": "2019-12-31", "totalStockholderEquity": 829559000, "netTangibleAssets": 829559000}, {"maxAge": 1, "endDate": "2019-09-30", "cash": 4372000, "netReceivables": 23020000, "inventory": 142499000, "otherCurrentAssets": 2058000, "totalCurrentAssets": 171949000, "longTermInvestments": 654101000, "propertyPlantEquipment": 9876000, "otherAssets": 16878000, "deferredLongTermAssetCharges": 15626000, "totalAssets": 852804000, "accountsPayable": 8267000, "otherCurrentLiab": 8635000, "otherLiab": 6343000, "totalCurrentLiabilities": 16902000, "totalLiab": 23245000, "commonStock": 36600000, "treasuryStock": 792959000, "otherStockholderEquity": 792959000, "totalStockholderEquity": 829559000, "netTangibleAssets": 829559000}], "maxAge": 86400}, "earningsHistory": {"history": [{"maxAge": 1, "epsActual": {}, "epsEstimate": {}, "epsDifference": {}, "surprisePercent": {}, "quarter": {}, "period": "-4q"}, {"maxAge": 1, "epsActual": {}, "epsEstimate": {}, "epsDifference": {}, "surprisePercent": {}, "quarter": {}, "period": "-3q"}, {"maxAge": 1, "epsActual": {}, "epsEstimate": {}, "epsDifference": {}, "surprisePercent": {}, "quarter": {}, "period": "-2q"}, {"maxAge": 1, "epsActual": {}, "epsEstimate": {}, "epsDifference": {}, "surprisePercent": {}, "quarter": {}, "period": "-1q"}], "maxAge": 86400}, "indexTrend": {"maxAge": 1, "symbol": "SP5", "peRatio": 19.7411, "pegRatio": 1.34172, "estimates": [{"period": "0q", "growth": 0.549}, {"period": "+1q", "growth": 0.431}, {"period": "0y", "growth": 0.305}, {"period": "+1y", "growth": 0.109}, {"period": "+5y", "growth": 0.120859005}, {"period": "-5y"}]}, "industryTrend": {"maxAge": 1, "symbol": null, "estimates": []}, "quoteType": {"exchange": "BSE", "quoteType": "EQUITY", "symbol": "ELEMARB.BO", "underlyingSymbol": "ELEMARB.BO", "shortName": "ELEGANT MARBLES & GRANI INDUST", "longName": "Elegant Marbles and Grani Industries Limited", "firstTradeDateEpochUtc": "2000-03-30 09:15:00", "timeZoneFullName": "Asia/Kolkata", "timeZoneShortName": "IST", "uuid": "7f4a823f-b69e-3ab8-b46c-f2e1c80edc70", "gmtOffSetMilliseconds": 19800000, "maxAge": 1}, "incomeStatementHistory": {"incomeStatementHistory": [{"maxAge": 1, "endDate": "2020-03-31", "totalRevenue": 102756000, "costOfRevenue": 61063000, "grossProfit": 41693000, "researchDevelopment": {}, "sellingGeneralAdministrative": 26838000, "nonRecurring": {}, "otherOperatingExpenses": 27854000, "totalOperatingExpenses": 117078000, "operatingIncome": -14322000, "totalOtherIncomeExpenseNet": 29313000, "ebit": -14322000, "interestExpense": {}, "incomeBeforeTax": 14991000, "incomeTaxExpense": 250000, "minorityInterest": {}, "netIncomeFromContinuingOps": 14741000, "discontinuedOperations": {}, "extraordinaryItems": {}, "effectOfAccountingCharges": {}, "otherItems": {}, "netIncome": 14741000, "netIncomeApplicableToCommonShares": 14741000}, {"maxAge": 1, "endDate": "2019-03-31", "totalRevenue": 196617000, "costOfRevenue": 114924000, "grossProfit": 81693000, "researchDevelopment": {}, "sellingGeneralAdministrative": 30181000, "nonRecurring": {}, "otherOperatingExpenses": 40217000, "totalOperatingExpenses": 188139000, "operatingIncome": 8478000, "totalOtherIncomeExpenseNet": 30533000, "ebit": 8478000, "interestExpense": {}, "incomeBeforeTax": 39011000, "incomeTaxExpense": 6339000, "minorityInterest": {}, "netIncomeFromContinuingOps": 32672000, "discontinuedOperations": {}, "extraordinaryItems": {}, "effectOfAccountingCharges": {}, "otherItems": {}, "netIncome": 32672000, "netIncomeApplicableToCommonShares": 32672000}, {"maxAge": 1, "endDate": "2018-03-31", "totalRevenue": 240352000, "costOfRevenue": 168274000, "grossProfit": 72078000, "researchDevelopment": {}, "sellingGeneralAdministrative": 24580000, "nonRecurring": {}, "otherOperatingExpenses": 38204000, "totalOperatingExpenses": 232721000, "operatingIncome": 7631000, "totalOtherIncomeExpenseNet": 44825000, "ebit": 7631000, "interestExpense": {}, "incomeBeforeTax": 52456000, "incomeTaxExpense": 8778000, "minorityInterest": {}, "netIncomeFromContinuingOps": 43678000, "discontinuedOperations": {}, "extraordinaryItems": {}, "effectOfAccountingCharges": {}, "otherItems": {}, "netIncome": 43678000, "netIncomeApplicableToCommonShares": 43678000}, {"maxAge": 1, "endDate": "2017-03-31", "totalRevenue": 284736000, "costOfRevenue": 223012000, "grossProfit": 61724000, "researchDevelopment": {}, "sellingGeneralAdministrative": 17942000, "nonRecurring": {}, "otherOperatingExpenses": 28625000, "totalOperatingExpenses": 271483000, "operatingIncome": 13253000, "totalOtherIncomeExpenseNet": 63646000, "ebit": 13253000, "interestExpense": {}, "incomeBeforeTax": 76899000, "incomeTaxExpense": 17382000, "minorityInterest": {}, "netIncomeFromContinuingOps": 59517000, "discontinuedOperations": {}, "extraordinaryItems": {}, "effectOfAccountingCharges": {}, "otherItems": {}, "netIncome": 59517000, "netIncomeApplicableToCommonShares": 59517000}], "maxAge": 86400}, "fundOwnership": {"ownershipList": [], "maxAge": 1}, "summaryDetail": {"maxAge": 1, "priceHint": 2, "previousClose": 115.0, "open": 120.5, "dayLow": 120.5, "dayHigh": 120.5, "regularMarketPreviousClose": 115.0, "regularMarketOpen": 120.5, "regularMarketDayLow": 120.5, "regularMarketDayHigh": 120.5, "trailingPE": 44.155365, "forwardPE": 7.621758, "volume": 1, "regularMarketVolume": 1, "averageVolume": 1482, "averageVolume10days": 227, "averageDailyVolume10Day": 227, "bid": 115.0, "ask": 120.5, "bidSize": 0, "askSize": 0, "marketCap": 441030016, "fiftyTwoWeekLow": 52.0, "fiftyTwoWeekHigh": 120.5, "fiftyDayAverage": 77.40303, "twoHundredDayAverage": 68.35699, "trailingAnnualDividendRate": 2.0, "trailingAnnualDividendYield": 0.017391304, "currency": "INR", "fromCurrency": null, "lastMarket": null, "algorithm": null, "tradeable": false}, "sectorTrend": {"maxAge": 1, "symbol": null, "estimates": []}, "incomeStatementHistoryQuarterly": {"incomeStatementHistory": [{"maxAge": 1, "endDate": "2020-06-30", "totalRevenue": 8956000, "costOfRevenue": 46000, "grossProfit": 8910000, "researchDevelopment": {}, "sellingGeneralAdministrative": 5530000, "nonRecurring": {}, "otherOperatingExpenses": 3844000, "totalOperatingExpenses": 9743000, "operatingIncome": -787000, "totalOtherIncomeExpenseNet": 0, "ebit": -787000, "interestExpense": {}, "incomeBeforeTax": -787000, "incomeTaxExpense": -10000, "minorityInterest": {}, "netIncomeFromContinuingOps": -777000, "discontinuedOperations": {}, "extraordinaryItems": {}, "effectOfAccountingCharges": {}, "otherItems": {}, "netIncome": -777000, "netIncomeApplicableToCommonShares": -777000}, {"maxAge": 1, "endDate": "2020-03-31", "totalRevenue": 24315000, "costOfRevenue": 19858000, "grossProfit": 4457000, "researchDevelopment": {}, "sellingGeneralAdministrative": 7892000, "nonRecurring": {}, "otherOperatingExpenses": 4357000, "totalOperatingExpenses": 32523000, "operatingIncome": -8208000, "totalOtherIncomeExpenseNet": 11527000, "ebit": -8208000, "interestExpense": {}, "incomeBeforeTax": 3319000, "incomeTaxExpense": -1104000, "minorityInterest": {}, "netIncomeFromContinuingOps": 4423000, "discontinuedOperations": {}, "extraordinaryItems": {}, "effectOfAccountingCharges": {}, "otherItems": {}, "netIncome": 4423000, "netIncomeApplicableToCommonShares": 4423000}, {"maxAge": 1, "endDate": "2019-12-31", "totalRevenue": 19370000, "costOfRevenue": 10390000, "grossProfit": 8980000, "researchDevelopment": {}, "sellingGeneralAdministrative": 7410000, "nonRecurring": {}, "otherOperatingExpenses": 6810000, "totalOperatingExpenses": 24900000, "operatingIncome": -5530000, "totalOtherIncomeExpenseNet": 6540000, "ebit": -5530000, "interestExpense": {}, "incomeBeforeTax": 1010000, "incomeTaxExpense": 230000, "minorityInterest": {}, "netIncomeFromContinuingOps": 780000, "discontinuedOperations": {}, "extraordinaryItems": {}, "effectOfAccountingCharges": {}, "otherItems": {}, "netIncome": 780000, "netIncomeApplicableToCommonShares": 780000}, {"maxAge": 1, "endDate": "2019-09-30", "totalRevenue": 25863000, "costOfRevenue": 12799000, "grossProfit": 13064000, "researchDevelopment": {}, "sellingGeneralAdministrative": 5734000, "nonRecurring": {}, "otherOperatingExpenses": 8607000, "totalOperatingExpenses": 27432000, "operatingIncome": -1569000, "totalOtherIncomeExpenseNet": 6973000, "ebit": -1569000, "interestExpense": {}, "incomeBeforeTax": 5404000, "incomeTaxExpense": -180000, "minorityInterest": {}, "netIncomeFromContinuingOps": 5584000, "discontinuedOperations": {}, "extraordinaryItems": {}, "effectOfAccountingCharges": {}, "otherItems": {}, "netIncome": 5584000, "netIncomeApplicableToCommonShares": 5584000}], "maxAge": 86400}, "cashflowStatementHistoryQuarterly": {"cashflowStatements": [{"maxAge": 1, "endDate": "2020-06-30", "netIncome": -777000, "changeToLiabilities": 0}, {"maxAge": 1, "endDate": "2020-03-31", "netIncome": 4423000, "changeToLiabilities": 0}, {"maxAge": 1, "endDate": "2019-12-31", "netIncome": 780000, "changeToLiabilities": 0}, {"maxAge": 1, "endDate": "2019-09-30", "netIncome": 5584000, "changeToLiabilities": 0}], "maxAge": 86400}, "insiderHolders": {"holders": [], "maxAge": 1}, "earnings": {"maxAge": 86400, "earningsChart": {"quarterly": [], "earningsDate": ["2020-08-06 05:30:S"]}, "financialsChart": {"yearly": [{"date": 2017, "revenue": 284736000, "earnings": 59517000}, {"date": 2018, "revenue": 240352000, "earnings": 43678000}, {"date": 2019, "revenue": 196617000, "earnings": 32672000}, {"date": 2020, "revenue": 102756000, "earnings": 14741000}], "quarterly": [{"date": "3Q2019", "revenue": 25863000, "earnings": 5584000}, {"date": "4Q2019", "revenue": 19370000, "earnings": 780000}, {"date": "1Q2020", "revenue": 24315000, "earnings": 4423000}, {"date": "2Q2020", "revenue": 8956000, "earnings": -777000}]}, "financialCurrency": "INR"}, "calendarEvents": {"maxAge": 1, "earnings": {"earningsDate": ["2020-08-06 05:30:S"], "revenueLow": 307400000, "revenueHigh": 307400000}}, "upgradeDowngradeHistory": {"history": [], "maxAge": 86400}, "price": {"maxAge": 1, "regularMarketChangePercent": 0.047826085, "regularMarketChange": 5.5, "regularMarketTime": "2021-04-30 15:15:04", "priceHint": 2, "regularMarketPrice": 120.5, "regularMarketDayHigh": 120.5, "regularMarketDayLow": 120.5, "regularMarketVolume": 1, "averageDailyVolume10Day": 227, "averageDailyVolume3Month": 1482, "regularMarketPreviousClose": 115.0, "regularMarketSource": "FREE_REALTIME", "regularMarketOpen": 120.5, "exchange": "BSE", "exchangeName": "BSE", "exchangeDataDelayedBy": 0, "marketState": "CLOSED", "quoteType": "EQUITY", "symbol": "ELEMARB.BO", "underlyingSymbol": null, "shortName": "ELEGANT MARBLES & GRANI INDUST", "longName": "Elegant Marbles and Grani Industries Limited", "currency": "INR", "quoteSourceName": "Delayed Quote", "currencySymbol": "\u20b9", "fromCurrency": null, "lastMarket": null, "marketCap": 441030016}, "balanceSheetHistory": {"balanceSheetStatements": [{"maxAge": 1, "endDate": "2020-03-31", "cash": 15788000, "netReceivables": 23929000, "inventory": 142684000, "otherCurrentAssets": 2132000, "totalCurrentAssets": 186334000, "longTermInvestments": 502586000, "propertyPlantEquipment": 9217000, "otherAssets": 20073000, "deferredLongTermAssetCharges": 13683000, "totalAssets": 718210000, "accountsPayable": 1580000, "otherCurrentLiab": 10512000, "otherLiab": 4584000, "totalCurrentLiabilities": 16511000, "totalLiab": 21095000, "commonStock": 36600000, "retainedEarnings": 684889000, "treasuryStock": -24374000, "otherStockholderEquity": -24374000, "totalStockholderEquity": 697115000, "netTangibleAssets": 697115000}, {"maxAge": 1, "endDate": "2019-03-31", "cash": 7665000, "netReceivables": 25781000, "inventory": 154484000, "otherCurrentAssets": 2340000, "totalCurrentAssets": 191916000, "longTermInvestments": 724168000, "propertyPlantEquipment": 10331000, "otherAssets": 17181000, "deferredLongTermAssetCharges": 15929000, "totalAssets": 943596000, "accountsPayable": 9334000, "otherCurrentLiab": 20864000, "otherLiab": 6018000, "totalCurrentLiabilities": 31205000, "totalLiab": 37223000, "commonStock": 36600000, "retainedEarnings": 649874000, "treasuryStock": 219899000, "otherStockholderEquity": 219899000, "totalStockholderEquity": 906373000, "netTangibleAssets": 906373000}, {"maxAge": 1, "endDate": "2018-03-31", "cash": 13300000, "netReceivables": 23552000, "inventory": 141347000, "otherCurrentAssets": 7213000, "totalCurrentAssets": 187211000, "longTermInvestments": 781848000, "propertyPlantEquipment": 8380000, "otherAssets": 13896000, "deferredLongTermAssetCharges": 9815000, "totalAssets": 991335000, "accountsPayable": 79346000, "otherCurrentLiab": 37939000, "totalCurrentLiabilities": 117816000, "totalLiab": 117816000, "commonStock": 36600000, "retainedEarnings": 589089000, "treasuryStock": 247830000, "otherStockholderEquity": 247830000, "totalStockholderEquity": 873519000, "netTangibleAssets": 873519000}, {"maxAge": 1, "endDate": "2017-03-31", "cash": 10227000, "netReceivables": 29490000, "inventory": 108317000, "otherCurrentAssets": 1395000, "totalCurrentAssets": 150881000, "longTermInvestments": 845504000, "propertyPlantEquipment": 9601000, "otherAssets": 13441000, "deferredLongTermAssetCharges": 9360000, "totalAssets": 1019427000, "accountsPayable": 102231000, "otherCurrentLiab": 15871000, "totalCurrentLiabilities": 120009000, "totalLiab": 120009000, "commonStock": 45000000, "retainedEarnings": 648580000, "treasuryStock": 177338000, "capitalSurplus": 28500000, "otherStockholderEquity": 177338000, "totalStockholderEquity": 899418000, "netTangibleAssets": 899418000}], "maxAge": 86400}, "earningsTrend": {"trend": [{"maxAge": 1, "period": "0q", "endDate": "2017-06-30", "growth": {}, "earningsEstimate": {"avg": 0.0, "low": 0.0, "high": 0.0, "yearAgoEps": {}, "numberOfAnalysts": 0, "growth": {}}, "revenueEstimate": {"avg": 0, "low": 307400000, "high": 307400000, "numberOfAnalysts": 1, "yearAgoRevenue": {}, "growth": {}}, "epsTrend": {"current": 0.0, "7daysAgo": 5.05, "30daysAgo": 5.05, "60daysAgo": 5.05, "90daysAgo": 5.05}, "epsRevisions": {"upLast7days": 0, "upLast30days": 0, "downLast30days": 0, "downLast90days": {}}}, {"maxAge": 1, "period": "+1q", "endDate": "2017-09-30", "growth": {}, "earningsEstimate": {"avg": 0.0, "low": 0.0, "high": 0.0, "yearAgoEps": {}, "numberOfAnalysts": 0, "growth": {}}, "revenueEstimate": {"avg": 0, "low": 307400000, "high": 307400000, "numberOfAnalysts": 1, "yearAgoRevenue": {}, "growth": {}}, "epsTrend": {"current": 0.0, "7daysAgo": 0.0, "30daysAgo": 0.0, "60daysAgo": 0.0, "90daysAgo": 0.0}, "epsRevisions": {"upLast7days": 0, "upLast30days": 0, "downLast30days": 0, "downLast90days": {}}}, {"maxAge": 1, "period": "0y", "endDate": "2017-03-31", "growth": {}, "earningsEstimate": {"avg": 0.0, "low": 0.0, "high": 0.0, "yearAgoEps": {}, "numberOfAnalysts": 0, "growth": {}}, "revenueEstimate": {"avg": 0, "low": 307400000, "high": 307400000, "numberOfAnalysts": 1, "yearAgoRevenue": {}, "growth": {}}, "epsTrend": {"current": 0.0, "7daysAgo": 15.81, "30daysAgo": 15.81, "60daysAgo": 15.81, "90daysAgo": 15.81}, "epsRevisions": {"upLast7days": 0, "upLast30days": 0, "downLast30days": 0, "downLast90days": {}}}, {"maxAge": 1, "period": "+1y", "endDate": "2018-03-31", "growth": {}, "earningsEstimate": {"avg": 0.0, "low": 0.0, "high": 0.0, "yearAgoEps": {}, "numberOfAnalysts": 0, "growth": {}}, "revenueEstimate": {"avg": 0, "low": 338620000, "high": 338620000, "numberOfAnalysts": 1, "yearAgoRevenue": {}, "growth": {}}, "epsTrend": {"current": 0.0, "7daysAgo": 15.81, "30daysAgo": 15.81, "60daysAgo": 15.81, "90daysAgo": 15.81}, "epsRevisions": {"upLast7days": 0, "upLast30days": 0, "downLast30days": 0, "downLast90days": {}}}, {"maxAge": 1, "period": "+5y", "endDate": null, "growth": {}, "earningsEstimate": {"avg": {}, "low": {}, "high": {}, "yearAgoEps": {}, "numberOfAnalysts": {}, "growth": {}}, "revenueEstimate": {"avg": {}, "low": {}, "high": {}, "numberOfAnalysts": {}, "yearAgoRevenue": {}, "growth": {}}, "epsTrend": {"current": {}, "7daysAgo": {}, "30daysAgo": {}, "60daysAgo": {}, "90daysAgo": {}}, "epsRevisions": {"upLast7days": {}, "upLast30days": {}, "downLast30days": {}, "downLast90days": {}}}, {"maxAge": 1, "period": "-5y", "endDate": null, "growth": {}, "earningsEstimate": {"avg": {}, "low": {}, "high": {}, "yearAgoEps": {}, "numberOfAnalysts": {}, "growth": {}}, "revenueEstimate": {"avg": {}, "low": {}, "high": {}, "numberOfAnalysts": {}, "yearAgoRevenue": {}, "growth": {}}, "epsTrend": {"current": {}, "7daysAgo": {}, "30daysAgo": {}, "60daysAgo": {}, "90daysAgo": {}}, "epsRevisions": {"upLast7days": {}, "upLast30days": {}, "downLast30days": {}, "downLast90days": {}}}], "maxAge": 1}, "financialData": {"maxAge": 86400, "currentPrice": 120.5, "targetHighPrice": 135.0, "targetLowPrice": 135.0, "targetMeanPrice": 135.0, "targetMedianPrice": 135.0, "recommendationKey": "none", "numberOfAnalystOpinions": 1, "grossProfits": 41693000, "financialCurrency": "INR"}}}