{"ELGIRUBCO.NS": {"assetProfile": {"address1": "2000, Trichy Road", "city": "Coimbatore", "zip": "641005", "country": "India", "phone": "91 42 2232 1000", "fax": "91 42 2232 2222", "website": "http://www.elgirubber.com", "industry": "Auto Parts", "sector": "Consumer Cyclical", "longBusinessSummary": "Elgi Rubber Company Limited, together with its subsidiaries, manufactures and sells reclaimed rubber, retreading machinery, and retread rubber in India and internationally. It offers tire retread and repair systems under the Jet brand name; rasp blades, hubs, and spacers under the Pincott brand name; brazed carbide tools under the Carbrasive brand name; gums, adhesives, and sealants under the Midwest Rubber brand name; reclaimed rubber under the Ecorr brand name; and tire and tube repair products under the Westernweld name. The company also provides expandable rims and hubs under the CRS brand name; and retread process equipment under the Armonas brand name. Elgi Rubber Company Limited was incorporated in 2006 and is headquartered in Coimbatore, India.", "fullTimeEmployees": 489, "companyOfficers": [{"maxAge": 1, "name": "Mr. Sudarsan  Varadaraj", "age": 62, "title": "Chairman & MD", "yearBorn": 1958, "fiscalYear": 2020, "totalPay": 6720000, "exercisedValue": 0, "unexercisedValue": 0}, {"maxAge": 1, "name": "Mr. S. R. Venkatachalam", "title": "Chief Financial Officer", "fiscalYear": 2020, "totalPay": 3340000, "exercisedValue": 0, "unexercisedValue": 0}, {"maxAge": 1, "name": "Mr. V. Santhana Krishnan", "title": "Company Sec. & Compliance Officer", "fiscalYear": 2020, "totalPay": 690000, "exercisedValue": 0, "unexercisedValue": 0}, {"maxAge": 1, "name": "Ms. Harsha  Varadaraj", "title": "Whole-time Director", "exercisedValue": 0, "unexercisedValue": 0}, {"maxAge": 1, "name": "Mr. T.  Ashokanand", "age": 67, "title": "Exec.", "yearBorn": 1953, "fiscalYear": 2014, "exercisedValue": 0, "unexercisedValue": 0}, {"maxAge": 1, "name": "R  Gopalan", "title": "Exec.", "fiscalYear": 2014, "exercisedValue": 0, "unexercisedValue": 0}], "compensationAsOfEpochDate": "2020-12-31 05:30:00", "maxAge": 86400}, "cashflowStatementHistory": {"cashflowStatements": [{"maxAge": 1, "endDate": "2020-03-31", "netIncome": -151980000, "depreciation": 168430000, "changeToNetincome": 133920000, "changeToAccountReceivables": 115970000, "changeToLiabilities": 61210000, "changeToInventory": 67530000, "changeToOperatingActivities": -18690000, "totalCashFromOperatingActivities": 376390000, "capitalExpenditures": -151750000, "otherCashflowsFromInvestingActivities": 63630000, "totalCashflowsFromInvestingActivities": 153000000, "dividendsPaid": -8170000, "netBorrowings": -131080000, "otherCashflowsFromFinancingActivities": -400590000, "totalCashFromFinancingActivities": -539840000, "changeInCash": -10450000}, {"maxAge": 1, "endDate": "2019-03-31", "netIncome": -161110000, "depreciation": 183510000, "changeToNetincome": 148750000, "changeToAccountReceivables": -97500000, "changeToLiabilities": 126860000, "changeToInventory": -25210000, "changeToOperatingActivities": 159400000, "totalCashFromOperatingActivities": 334700000, "capitalExpenditures": -136830000, "investments": -3000000, "otherCashflowsFromInvestingActivities": 25760000, "totalCashflowsFromInvestingActivities": 21290000, "dividendsPaid": -60000, "netBorrowings": -197700000, "otherCashflowsFromFinancingActivities": -171270000, "totalCashFromFinancingActivities": -369030000, "changeInCash": -13040000}, {"maxAge": 1, "endDate": "2018-03-31", "netIncome": -56430000, "depreciation": 179790000, "changeToNetincome": 107490000, "changeToAccountReceivables": 65410000, "changeToLiabilities": 54670000, "changeToInventory": -192700000, "changeToOperatingActivities": -84610000, "totalCashFromOperatingActivities": 73620000, "capitalExpenditures": -336620000, "investments": -3000000, "otherCashflowsFromInvestingActivities": 37600000, "totalCashflowsFromInvestingActivities": -207530000, "dividendsPaid": -6370000, "netBorrowings": 343570000, "otherCashflowsFromFinancingActivities": -202340000, "totalCashFromFinancingActivities": 134860000, "changeInCash": 950000}, {"maxAge": 1, "endDate": "2017-03-31", "netIncome": -40260000, "depreciation": 182170000, "changeToNetincome": 90770000, "changeToAccountReceivables": -38510000, "changeToLiabilities": -109550000, "changeToInventory": -155200000, "changeToOperatingActivities": 6820000, "totalCashFromOperatingActivities": -63760000, "capitalExpenditures": -140270000, "investments": 620000, "otherCashflowsFromInvestingActivities": 75490000, "totalCashflowsFromInvestingActivities": -12510000, "dividendsPaid": -18520000, "netBorrowings": 173880000, "otherCashflowsFromFinancingActivities": -119950000, "totalCashFromFinancingActivities": 35410000, "changeInCash": -40860000}], "maxAge": 86400}, "institutionOwnership": {"ownershipList": [], "maxAge": 1}, "majorHoldersBreakdown": {"maxAge": 1}, "balanceSheetHistoryQuarterly": {"balanceSheetStatements": [{"maxAge": 1, "endDate": "2020-12-31", "totalStockholderEquity": 1850204000, "netTangibleAssets": 1684364000}, {"maxAge": 1, "endDate": "2020-09-30", "cash": 291295000, "netReceivables": 539592000, "inventory": 1169157000, "otherCurrentAssets": 177198000, "totalCurrentAssets": 2177242000, "longTermInvestments": 109990000, "propertyPlantEquipment": 2210238000, "goodWill": 130347000, "intangibleAssets": 35493000, "otherAssets": 359341000, "deferredLongTermAssetCharges": 251295000, "totalAssets": 5022651000, "accountsPayable": 393647000, "otherCurrentLiab": 452012000, "longTermDebt": 888746000, "totalCurrentLiabilities": 2279926000, "totalLiab": 3172447000, "commonStock": 50050000, "treasuryStock": 1800154000, "otherStockholderEquity": 1800154000, "totalStockholderEquity": 1850204000, "netTangibleAssets": 1684364000}, {"maxAge": 1, "endDate": "2020-06-30", "totalStockholderEquity": 1855430000, "netTangibleAssets": 1698200000}, {"maxAge": 1, "endDate": "2020-03-31", "cash": 44840000, "netReceivables": 528510000, "inventory": 1357130000, "otherCurrentAssets": 398740000, "totalCurrentAssets": 2366900000, "longTermInvestments": 37280000, "propertyPlantEquipment": 2250130000, "goodWill": 130350000, "intangibleAssets": 26880000, "otherAssets": 440080000, "deferredLongTermAssetCharges": 294600000, "totalAssets": 5251620000, "accountsPayable": 529590000, "shortLongTermDebt": 203560000, "otherCurrentLiab": 97310000, "longTermDebt": 999210000, "deferredLongTermLiab": 270000, "totalCurrentLiabilities": 2392010000, "totalLiab": 3396190000, "commonStock": 50050000, "retainedEarnings": 1025180000, "treasuryStock": 778300000, "capitalSurplus": 1900000, "otherStockholderEquity": 778300000, "totalStockholderEquity": 1855430000, "netTangibleAssets": 1698200000}], "maxAge": 86400}, "indexTrend": {"maxAge": 1, "symbol": "SP5", "peRatio": 19.7411, "pegRatio": 1.34172, "estimates": [{"period": "0q", "growth": 0.549}, {"period": "+1q", "growth": 0.431}, {"period": "0y", "growth": 0.305}, {"period": "+1y", "growth": 0.109}, {"period": "+5y", "growth": 0.120865}, {"period": "-5y"}]}, "defaultKeyStatistics": {"maxAge": 1, "priceHint": 2, "enterpriseValue": 3463805184, "profitMargins": -0.01456, "floatShares": 15301201, "sharesOutstanding": 50050000, "beta": 0.961626, "category": null, "bookValue": 37.085, "priceToBook": 0.76985306, "fundFamily": null, "legalType": null, "lastFiscalYearEnd": "2020-03-31 05:30:00", "nextFiscalYearEnd": "2022-03-31 05:30:00", "mostRecentQuarter": "2020-12-31 05:30:00", "netIncomeToCommon": -49883000, "trailingEps": -1.008, "lastSplitFactor": null, "enterpriseToRevenue": 1.011, "enterpriseToEbitda": 22.905}, "summaryProfile": {"address1": "2000, Trichy Road", "city": "Coimbatore", "zip": "641005", "country": "India", "phone": "91 42 2232 1000", "fax": "91 42 2232 2222", "website": "http://www.elgirubber.com", "industry": "Auto Parts", "sector": "Consumer Cyclical", "longBusinessSummary": "Elgi Rubber Company Limited, together with its subsidiaries, manufactures and sells reclaimed rubber, retreading machinery, and retread rubber in India and internationally. It offers tire retread and repair systems under the Jet brand name; rasp blades, hubs, and spacers under the Pincott brand name; brazed carbide tools under the Carbrasive brand name; gums, adhesives, and sealants under the Midwest Rubber brand name; reclaimed rubber under the Ecorr brand name; and tire and tube repair products under the Westernweld name. The company also provides expandable rims and hubs under the CRS brand name; and retread process equipment under the Armonas brand name. Elgi Rubber Company Limited was incorporated in 2006 and is headquartered in Coimbatore, India.", "fullTimeEmployees": 489, "companyOfficers": [], "maxAge": 86400}, "netSharePurchaseActivity": {"maxAge": 1, "period": "6m", "buyInfoCount": 0, "buyInfoShares": 0, "sellInfoCount": 0, "netInfoCount": 0, "netInfoShares": 0, "totalInsiderShares": 0}, "quoteType": {"exchange": "NSI", "quoteType": "EQUITY", "symbol": "ELGIRUBCO.NS", "underlyingSymbol": "ELGIRUBCO.NS", "shortName": "ELGI RUBBER CO LTD", "longName": "Elgi Rubber Company Limited", "firstTradeDateEpochUtc": "2008-01-01 09:15:00", "timeZoneFullName": "Asia/Kolkata", "timeZoneShortName": "IST", "uuid": "79be8812-9a7e-3b26-b65f-8e59b6c96893", "gmtOffSetMilliseconds": 19800000, "maxAge": 1}, "incomeStatementHistory": {"incomeStatementHistory": [{"maxAge": 1, "endDate": "2020-03-31", "totalRevenue": 3668200000, "costOfRevenue": 1878880000, "grossProfit": 1789320000, "researchDevelopment": {}, "sellingGeneralAdministrative": 885980000, "nonRecurring": {}, "otherOperatingExpenses": 882500000, "totalOperatingExpenses": 3815790000, "operatingIncome": -147590000, "totalOtherIncomeExpenseNet": 2380000, "ebit": -147590000, "interestExpense": -177150000, "incomeBeforeTax": -145210000, "incomeTaxExpense": 6770000, "minorityInterest": {}, "netIncomeFromContinuingOps": -151980000, "discontinuedOperations": {}, "extraordinaryItems": {}, "effectOfAccountingCharges": {}, "otherItems": {}, "netIncome": -151980000, "netIncomeApplicableToCommonShares": -151980000}, {"maxAge": 1, "endDate": "2019-03-31", "totalRevenue": 4098550000, "costOfRevenue": 2211770000, "grossProfit": 1886780000, "researchDevelopment": {}, "sellingGeneralAdministrative": 852940000, "nonRecurring": {}, "otherOperatingExpenses": 916200000, "totalOperatingExpenses": 4164420000, "operatingIncome": -65870000, "totalOtherIncomeExpenseNet": -98010000, "ebit": -65870000, "interestExpense": -150960000, "incomeBeforeTax": -163880000, "incomeTaxExpense": -2770000, "minorityInterest": {}, "netIncomeFromContinuingOps": -161110000, "discontinuedOperations": {}, "extraordinaryItems": {}, "effectOfAccountingCharges": {}, "otherItems": {}, "netIncome": -161110000, "netIncomeApplicableToCommonShares": -161110000}, {"maxAge": 1, "endDate": "2018-03-31", "totalRevenue": 3765110000, "costOfRevenue": 2009920000, "grossProfit": 1755190000, "researchDevelopment": {}, "sellingGeneralAdministrative": 779730000, "nonRecurring": {}, "otherOperatingExpenses": 774440000, "totalOperatingExpenses": 3743880000, "operatingIncome": 21230000, "totalOtherIncomeExpenseNet": -67570000, "ebit": 21230000, "interestExpense": -155540000, "incomeBeforeTax": -46340000, "incomeTaxExpense": 10090000, "minorityInterest": {}, "netIncomeFromContinuingOps": -56430000, "discontinuedOperations": {}, "extraordinaryItems": {}, "effectOfAccountingCharges": {}, "otherItems": {}, "netIncome": -56430000, "netIncomeApplicableToCommonShares": -56430000}, {"maxAge": 1, "endDate": "2017-03-31", "totalRevenue": 3750520000, "costOfRevenue": 1903080000, "grossProfit": 1847440000, "researchDevelopment": {}, "sellingGeneralAdministrative": 861240000, "nonRecurring": {}, "otherOperatingExpenses": 758690000, "totalOperatingExpenses": 3705180000, "operatingIncome": 45340000, "totalOtherIncomeExpenseNet": -60970000, "ebit": 45340000, "interestExpense": -139220000, "incomeBeforeTax": -15630000, "incomeTaxExpense": 24630000, "minorityInterest": {}, "netIncomeFromContinuingOps": -40260000, "discontinuedOperations": {}, "extraordinaryItems": {}, "effectOfAccountingCharges": {}, "otherItems": {}, "netIncome": -40260000, "netIncomeApplicableToCommonShares": -40260000}], "maxAge": 86400}, "fundOwnership": {"ownershipList": [], "maxAge": 1}, "summaryDetail": {"maxAge": 1, "priceHint": 2, "previousClose": 27.5, "open": 27.75, "dayLow": 27.0, "dayHigh": 30.75, "regularMarketPreviousClose": 27.5, "regularMarketOpen": 27.75, "regularMarketDayLow": 27.0, "regularMarketDayHigh": 30.75, "dividendRate": 0.32, "dividendYield": 0.0106, "exDividendDate": "2020-03-18 05:30:00", "beta": 0.961626, "volume": 157467, "regularMarketVolume": 157467, "averageVolume": 127929, "averageVolume10days": 21657, "averageDailyVolume10Day": 21657, "bid": 0.0, "ask": 0.0, "bidSize": 0, "askSize": 0, "marketCap": 1428927488, "fiftyTwoWeekLow": 9.3, "fiftyTwoWeekHigh": 36.45, "priceToSalesTrailing12Months": 0.41694057, "fiftyDayAverage": 28.593939, "twoHundredDayAverage": 22.905, "trailingAnnualDividendRate": 0.0, "trailingAnnualDividendYield": 0.0, "currency": "INR", "fromCurrency": null, "lastMarket": null, "algorithm": null, "tradeable": false}, "incomeStatementHistoryQuarterly": {"incomeStatementHistory": [{"maxAge": 1, "endDate": "2020-12-31", "totalRevenue": 963475000, "costOfRevenue": 436750000, "grossProfit": 526725000, "researchDevelopment": {}, "sellingGeneralAdministrative": 146328000, "nonRecurring": {}, "otherOperatingExpenses": 234749000, "totalOperatingExpenses": 860159000, "operatingIncome": 103316000, "totalOtherIncomeExpenseNet": 14145000, "ebit": 103316000, "interestExpense": -42236000, "incomeBeforeTax": 117461000, "incomeTaxExpense": 1395000, "minorityInterest": {}, "netIncomeFromContinuingOps": 116066000, "discontinuedOperations": {}, "extraordinaryItems": {}, "effectOfAccountingCharges": {}, "otherItems": {}, "netIncome": 116066000, "netIncomeApplicableToCommonShares": 116066000}, {"maxAge": 1, "endDate": "2020-09-30", "totalRevenue": 918059000, "costOfRevenue": 427720000, "grossProfit": 490339000, "researchDevelopment": {}, "sellingGeneralAdministrative": 184998000, "nonRecurring": {}, "otherOperatingExpenses": 200866000, "totalOperatingExpenses": 852988000, "operatingIncome": 65071000, "totalOtherIncomeExpenseNet": -39973000, "ebit": 65071000, "interestExpense": -43057000, "incomeBeforeTax": 25098000, "incomeTaxExpense": 14621000, "minorityInterest": {}, "netIncomeFromContinuingOps": 10477000, "discontinuedOperations": {}, "extraordinaryItems": {}, "effectOfAccountingCharges": {}, "otherItems": {}, "netIncome": 10477000, "netIncomeApplicableToCommonShares": 10477000}, {"maxAge": 1, "endDate": "2020-06-30", "totalRevenue": 616287000, "costOfRevenue": 314695000, "grossProfit": 301592000, "researchDevelopment": {}, "sellingGeneralAdministrative": 163052000, "nonRecurring": {}, "otherOperatingExpenses": 168107000, "totalOperatingExpenses": 686920000, "operatingIncome": -70633000, "totalOtherIncomeExpenseNet": -32103000, "ebit": -70633000, "interestExpense": -47606000, "incomeBeforeTax": -102736000, "incomeTaxExpense": 3454000, "minorityInterest": {}, "netIncomeFromContinuingOps": -106190000, "discontinuedOperations": {}, "extraordinaryItems": {}, "effectOfAccountingCharges": {}, "otherItems": {}, "netIncome": -106190000, "netIncomeApplicableToCommonShares": -106190000}, {"maxAge": 1, "endDate": "2020-03-31", "totalRevenue": 929352000, "costOfRevenue": 502460000, "grossProfit": 426892000, "researchDevelopment": {}, "sellingGeneralAdministrative": 334851000, "nonRecurring": {}, "otherOperatingExpenses": 110634000, "totalOperatingExpenses": 981988000, "operatingIncome": -52636000, "totalOtherIncomeExpenseNet": 3587000, "ebit": -52636000, "interestExpense": -41660000, "incomeBeforeTax": -49049000, "incomeTaxExpense": 21187000, "minorityInterest": {}, "netIncomeFromContinuingOps": -70236000, "discontinuedOperations": {}, "extraordinaryItems": {}, "effectOfAccountingCharges": {}, "otherItems": {}, "netIncome": -70236000, "netIncomeApplicableToCommonShares": -70236000}], "maxAge": 86400}, "cashflowStatementHistoryQuarterly": {"cashflowStatements": [{"maxAge": 1, "endDate": "2020-12-31", "netIncome": 116066000, "changeToLiabilities": 0}, {"maxAge": 1, "endDate": "2020-09-30", "netIncome": 10477000, "changeToLiabilities": 0}, {"maxAge": 1, "endDate": "2020-06-30", "netIncome": -106190000, "changeToLiabilities": 0}, {"maxAge": 1, "endDate": "2020-03-31", "netIncome": -70236000, "changeToLiabilities": 0}], "maxAge": 86400}, "insiderHolders": {"holders": [], "maxAge": 1}, "calendarEvents": {"maxAge": 1, "earnings": {"earningsDate": []}, "exDividendDate": "2020-03-18 05:30:00"}, "upgradeDowngradeHistory": {"history": [], "maxAge": 86400}, "price": {"maxAge": 1, "regularMarketChangePercent": 0.03818179, "regularMarketChange": 1.0499992, "regularMarketTime": "2021-04-30 15:29:42", "priceHint": 2, "regularMarketPrice": 28.55, "regularMarketDayHigh": 30.75, "regularMarketDayLow": 27.0, "regularMarketVolume": 157467, "averageDailyVolume10Day": 21657, "averageDailyVolume3Month": 127929, "regularMarketPreviousClose": 27.5, "regularMarketSource": "FREE_REALTIME", "regularMarketOpen": 27.75, "exchange": "NSI", "exchangeName": "NSE", "exchangeDataDelayedBy": 15, "marketState": "CLOSED", "quoteType": "EQUITY", "symbol": "ELGIRUBCO.NS", "underlyingSymbol": null, "shortName": "ELGI RUBBER CO LTD", "longName": "Elgi Rubber Company Limited", "currency": "INR", "quoteSourceName": "Delayed Quote", "currencySymbol": "\u20b9", "fromCurrency": null, "lastMarket": null, "marketCap": 1428927488}, "balanceSheetHistory": {"balanceSheetStatements": [{"maxAge": 1, "endDate": "2020-03-31", "cash": 44840000, "netReceivables": 528510000, "inventory": 1357130000, "otherCurrentAssets": 398740000, "totalCurrentAssets": 2366900000, "longTermInvestments": 37280000, "propertyPlantEquipment": 2250130000, "goodWill": 130350000, "intangibleAssets": 26880000, "otherAssets": 440080000, "deferredLongTermAssetCharges": 294600000, "totalAssets": 5251620000, "accountsPayable": 529590000, "shortLongTermDebt": 203560000, "otherCurrentLiab": 97310000, "longTermDebt": 999210000, "deferredLongTermLiab": 270000, "totalCurrentLiabilities": 2392010000, "totalLiab": 3396190000, "commonStock": 50050000, "retainedEarnings": 1025180000, "treasuryStock": 778300000, "capitalSurplus": 1900000, "otherStockholderEquity": 778300000, "totalStockholderEquity": 1855430000, "netTangibleAssets": 1698200000}, {"maxAge": 1, "endDate": "2019-03-31", "cash": 55290000, "netReceivables": 636780000, "inventory": 1424660000, "otherCurrentAssets": 422990000, "totalCurrentAssets": 2550870000, "longTermInvestments": 81670000, "propertyPlantEquipment": 2380810000, "goodWill": 130350000, "intangibleAssets": 54050000, "otherAssets": 524440000, "deferredLongTermAssetCharges": 299770000, "totalAssets": 5722190000, "accountsPayable": 468380000, "shortLongTermDebt": 242130000, "otherCurrentLiab": 97990000, "longTermDebt": 1087630000, "otherLiab": 150000, "deferredLongTermLiab": 550000, "totalCurrentLiabilities": 2402590000, "totalLiab": 3490370000, "commonStock": 50050000, "retainedEarnings": 1182070000, "treasuryStock": 997800000, "capitalSurplus": 1900000, "otherStockholderEquity": 997800000, "totalStockholderEquity": 2231820000, "netTangibleAssets": 2047420000}, {"maxAge": 1, "endDate": "2018-03-31", "cash": 68330000, "netReceivables": 532360000, "inventory": 1399450000, "otherCurrentAssets": 443240000, "totalCurrentAssets": 2480280000, "longTermInvestments": 85360000, "propertyPlantEquipment": 2548610000, "goodWill": 130350000, "intangibleAssets": 59490000, "otherAssets": 576480000, "deferredLongTermAssetCharges": 292980000, "totalAssets": 5880570000, "accountsPayable": 341520000, "shortLongTermDebt": 164240000, "otherCurrentLiab": 127040000, "longTermDebt": 1042670000, "otherLiab": 150000, "deferredLongTermLiab": 860000, "totalCurrentLiabilities": 2451540000, "totalLiab": 3494360000, "commonStock": 50050000, "retainedEarnings": 1343030000, "treasuryStock": 991230000, "capitalSurplus": 1900000, "otherStockholderEquity": 991230000, "totalStockholderEquity": 2386210000, "netTangibleAssets": 2196370000}, {"maxAge": 1, "endDate": "2017-03-31", "cash": 67380000, "netReceivables": 627740000, "inventory": 1206740000, "otherCurrentAssets": 477020000, "totalCurrentAssets": 2395480000, "longTermInvestments": 72120000, "propertyPlantEquipment": 2403070000, "goodWill": 130350000, "intangibleAssets": 114920000, "otherAssets": 440070000, "deferredLongTermAssetCharges": 293730000, "totalAssets": 5556010000, "accountsPayable": 286850000, "shortLongTermDebt": 182390000, "otherCurrentLiab": 76320000, "longTermDebt": 1021090000, "otherLiab": 150000, "deferredLongTermLiab": 1150000, "totalCurrentLiabilities": 2046490000, "totalLiab": 3067730000, "commonStock": 50050000, "retainedEarnings": 1409650000, "treasuryStock": 1026680000, "capitalSurplus": 1900000, "otherStockholderEquity": 1026680000, "totalStockholderEquity": 2488280000, "netTangibleAssets": 2243010000}], "maxAge": 86400}, "financialData": {"maxAge": 86400, "currentPrice": 28.55, "recommendationKey": "none", "totalCash": 291295008, "totalCashPerShare": 5.823, "ebitda": 151223008, "totalDebt": 2326788096, "totalRevenue": 3427173120, "debtToEquity": 125.758, "revenuePerShare": 69.0, "grossProfits": 1789320000, "revenueGrowth": 0.135, "grossMargins": 0.50932, "ebitdaMargins": 0.044120003, "operatingMargins": -0.0017200001, "profitMargins": -0.01456, "financialCurrency": "INR"}}}