{"ELIXIR.BO": {"cashflowStatementHistory": {"cashflowStatements": [{"maxAge": 1, "endDate": "2020-03-31", "netIncome": -38345120, "depreciation": 3462870, "changeToNetincome": -18658920, "changeToAccountReceivables": -67376350, "changeToLiabilities": 62638320, "changeToInventory": 185747460, "totalCashFromOperatingActivities": 128000790, "capitalExpenditures": -492370, "investments": -95930900, "otherCashflowsFromInvestingActivities": 5313960, "totalCashflowsFromInvestingActivities": -91109310, "dividendsPaid": -10091250, "netBorrowings": 129670, "otherCashflowsFromFinancingActivities": -3978850, "totalCashFromFinancingActivities": -13940430, "changeInCash": 22951030}, {"maxAge": 1, "endDate": "2019-03-31", "netIncome": -2109810, "depreciation": 4456720, "changeToNetincome": -2463470, "changeToAccountReceivables": 8714510, "changeToLiabilities": 1067150, "changeToInventory": 13516830, "totalCashFromOperatingActivities": 23197810, "capitalExpenditures": -1163490, "investments": -95930900, "otherCashflowsFromInvestingActivities": 4121450, "totalCashflowsFromInvestingActivities": 2957960, "dividendsPaid": -9877720, "netBorrowings": -3574920, "otherCashflowsFromFinancingActivities": -4523110, "totalCashFromFinancingActivities": -17975750, "changeInCash": 8180030}, {"maxAge": 1, "endDate": "2018-03-31", "netIncome": 31091030, "depreciation": 4634510, "changeToNetincome": 9106490, "changeToAccountReceivables": -1109200, "changeToLiabilities": 9798350, "changeToInventory": -33300660, "totalCashFromOperatingActivities": 20236400, "capitalExpenditures": -5873080, "investments": 1000, "otherCashflowsFromInvestingActivities": -125140, "totalCashflowsFromInvestingActivities": -5997220, "dividendsPaid": -9877720, "netBorrowings": -1416330, "otherCashflowsFromFinancingActivities": -4523110, "totalCashFromFinancingActivities": -11294050, "changeInCash": 2945130}, {"maxAge": 1, "endDate": "2017-03-31", "netIncome": 51123920, "depreciation": 4819900, "changeToNetincome": -4233450, "changeToAccountReceivables": -983630, "changeToLiabilities": -1311820, "changeToInventory": -78590500, "totalCashFromOperatingActivities": -29159700, "capitalExpenditures": -1557910, "investments": 28304300, "otherCashflowsFromInvestingActivities": 1936910, "totalCashflowsFromInvestingActivities": 28683300, "dividendsPaid": -9877720, "netBorrowings": -1798370, "otherCashflowsFromFinancingActivities": -79420, "totalCashFromFinancingActivities": -1877790, "changeInCash": -2354190}], "maxAge": 86400}, "institutionOwnership": {"maxAge": 1, "ownershipList": []}, "balanceSheetHistoryQuarterly": {"balanceSheetStatements": [{"maxAge": 1, "endDate": "2020-06-30", "cash": 84013000, "netReceivables": 66285000, "inventory": 103918000, "otherCurrentAssets": 1456000, "totalCurrentAssets": 255672000, "longTermInvestments": 117492000, "propertyPlantEquipment": 26138000, "goodWill": 14179000, "intangibleAssets": 963000, "otherAssets": 82276000, "totalAssets": 496720000, "accountsPayable": 80307000, "shortLongTermDebt": 11125000, "otherCurrentLiab": 4260000, "longTermDebt": 1003000, "otherLiab": 313000, "minorityInterest": 96932000, "totalCurrentLiabilities": 171579000, "totalLiab": 172895000, "commonStock": 58032000, "treasuryStock": 168861000, "otherStockholderEquity": 168861000, "totalStockholderEquity": 226893000, "netTangibleAssets": 211751000}, {"maxAge": 1, "endDate": "2020-03-31", "cash": 44360910, "netReceivables": 29789220, "otherCurrentAssets": 1301180, "totalCurrentAssets": 156745080, "longTermInvestments": 99080260, "propertyPlantEquipment": 26717940, "goodWill": 14179200, "intangibleAssets": 1054750, "otherAssets": 87274560, "totalAssets": 385051790, "accountsPayable": 24586430, "shortLongTermDebt": 821480, "otherCurrentLiab": 6859170, "longTermDebt": 1240280, "otherLiab": 320290, "minorityInterest": 89277990, "totalCurrentLiabilities": 89053010, "totalLiab": 90613580, "commonStock": 58032000, "retainedEarnings": 79932070, "treasuryStock": 4256150, "capitalSurplus": 62940000, "otherStockholderEquity": 4256150, "totalStockholderEquity": 205160220, "netTangibleAssets": 189926270}, {"maxAge": 1, "endDate": "2019-12-31", "cash": 31148000, "netReceivables": 24930000, "inventory": 214104000, "otherCurrentAssets": 1464000, "totalCurrentAssets": 271646000, "longTermInvestments": 43629000, "propertyPlantEquipment": 27621000, "goodWill": 14179000, "intangibleAssets": 897000, "otherAssets": 42475000, "totalAssets": 400447000, "accountsPayable": 27132000, "shortLongTermDebt": 1741000, "otherCurrentLiab": 812000, "longTermDebt": 1439000, "otherLiab": 316000, "minorityInterest": 101559000, "totalCurrentLiabilities": 56745000, "totalLiab": 58500000, "commonStock": 58032000, "treasuryStock": 182356000, "otherStockholderEquity": 182356000, "totalStockholderEquity": 240388000, "netTangibleAssets": 225312000}, {"maxAge": 1, "endDate": "2019-09-30", "cash": 41891000, "netReceivables": 39748000, "inventory": 220329000, "otherCurrentAssets": 1624000, "totalCurrentAssets": 303592000, "longTermInvestments": 34678000, "propertyPlantEquipment": 28389000, "goodWill": 14179000, "intangibleAssets": 1048000, "otherAssets": 56135000, "totalAssets": 438021000, "accountsPayable": 14959000, "shortLongTermDebt": 44167000, "longTermDebt": 1650000, "otherLiab": 316000, "minorityInterest": 98160000, "totalCurrentLiabilities": 106964000, "totalLiab": 108930000, "commonStock": 58032000, "treasuryStock": 172899000, "otherStockholderEquity": 172899000, "totalStockholderEquity": 230931000, "netTangibleAssets": 215704000}], "maxAge": 86400}, "indexTrend": {"maxAge": 1, "symbol": "SP5", "peRatio": 19.7411, "pegRatio": 1.34172, "estimates": [{"period": "0q", "growth": 0.549}, {"period": "+1q", "growth": 0.431}, {"period": "0y", "growth": 0.305}, {"period": "+1y", "growth": 0.109}, {"period": "+5y", "growth": 0.120859005}, {"period": "-5y"}]}, "insiderTransactions": {"transactions": [{"maxAge": 1, "shares": 728700, "filerUrl": "", "transactionText": "", "filerName": "Mehta (Anil Dwarkadas)", "filerRelation": "Promoter", "moneyText": "", "startDate": "2016-04-27", "ownership": "D"}, {"maxAge": 1, "shares": 728700, "filerUrl": "", "transactionText": "", "filerName": "Mehta (Vina Anil)", "filerRelation": "Promoter", "moneyText": "", "startDate": "2016-04-27", "ownership": "D"}, {"maxAge": 1, "shares": 27599, "filerUrl": "", "transactionText": "", "filerName": "Axis Equities Pvt Ltd", "filerRelation": "Promoter", "moneyText": "", "startDate": "2015-03-04", "ownership": "D"}, {"maxAge": 1, "shares": 2000000, "filerUrl": "", "transactionText": "", "filerName": "Mehta (Dipan Anil)", "filerRelation": "Director (Non-Executive)", "moneyText": "", "startDate": "2014-08-13", "ownership": "D"}, {"maxAge": 1, "shares": 2000000, "filerUrl": "", "transactionText": "", "filerName": "Mehta (Radhika Dipan)", "filerRelation": "Director (Non-Executive)", "moneyText": "", "startDate": "2014-08-13", "ownership": "D"}, {"maxAge": 1, "shares": 1000, "filerUrl": "", "transactionText": "", "filerName": "Axis Equities Pvt Ltd", "filerRelation": "Promoter", "moneyText": "", "startDate": "2013-01-03", "ownership": "D"}, {"maxAge": 1, "shares": 501, "filerUrl": "", "transactionText": "", "filerName": "Axis Equities Pvt Ltd", "filerRelation": "Promoter", "moneyText": "", "startDate": "2013-01-02", "ownership": "D"}, {"maxAge": 1, "shares": 2000000, "filerUrl": "", "transactionText": "", "filerName": "Mehta (Radhika Dipan)", "filerRelation": "Director (Non-Executive)", "moneyText": "", "startDate": "2011-09-09", "ownership": "D"}], "maxAge": 1}, "quoteType": {"exchange": "BSE", "quoteType": "EQUITY", "symbol": "ELIXIR.BO", "underlyingSymbol": "ELIXIR.BO", "shortName": "Elixir Capital Limited", "longName": "Elixir Capital Limited", "firstTradeDateEpochUtc": "2002-01-10 09:15:00", "timeZoneFullName": "Asia/Kolkata", "timeZoneShortName": "IST", "uuid": "aa4cb45b-ca70-3487-badc-75dd55409a23", "messageBoardId": null, "gmtOffSetMilliseconds": 19800000, "maxAge": 1}, "incomeStatementHistory": {"incomeStatementHistory": [{"maxAge": 1, "endDate": "2020-03-31", "totalRevenue": -5474640, "costOfRevenue": 1527490, "grossProfit": -7002130, "researchDevelopment": {}, "sellingGeneralAdministrative": 23884720, "nonRecurring": {}, "otherOperatingExpenses": 11826500, "totalOperatingExpenses": 41234110, "operatingIncome": -46708750, "totalOtherIncomeExpenseNet": 0, "ebit": 0, "interestExpense": {}, "incomeBeforeTax": -46708750, "incomeTaxExpense": 4879340, "minorityInterest": 89277990, "netIncomeFromContinuingOps": -51588090, "discontinuedOperations": {}, "extraordinaryItems": {}, "effectOfAccountingCharges": {}, "otherItems": {}, "netIncome": -38345120, "netIncomeApplicableToCommonShares": -38345120}, {"maxAge": 1, "endDate": "2019-03-31", "totalRevenue": 35330050, "costOfRevenue": 2038810, "grossProfit": 33291240, "researchDevelopment": {}, "sellingGeneralAdministrative": 17548750, "nonRecurring": {}, "otherOperatingExpenses": 14225870, "totalOperatingExpenses": 38286030, "operatingIncome": -2955980, "totalOtherIncomeExpenseNet": 0, "ebit": 0, "interestExpense": {}, "incomeBeforeTax": -2955980, "incomeTaxExpense": -299850, "minorityInterest": 102520960, "netIncomeFromContinuingOps": -2656130, "discontinuedOperations": {}, "extraordinaryItems": {}, "effectOfAccountingCharges": {}, "otherItems": {}, "netIncome": -2109810, "netIncomeApplicableToCommonShares": -2109810}, {"maxAge": 1, "endDate": "2018-03-31", "totalRevenue": 100693230, "costOfRevenue": 2691930, "grossProfit": 98001300, "researchDevelopment": {}, "sellingGeneralAdministrative": 19703780, "nonRecurring": {}, "otherOperatingExpenses": 14839550, "totalOperatingExpenses": 41885650, "operatingIncome": 58807580, "totalOtherIncomeExpenseNet": -49330, "ebit": 0, "interestExpense": {}, "incomeBeforeTax": 58758250, "incomeTaxExpense": 16631230, "minorityInterest": 103067280, "netIncomeFromContinuingOps": 42127020, "discontinuedOperations": {}, "extraordinaryItems": {}, "effectOfAccountingCharges": {}, "otherItems": {}, "netIncome": 31091030, "netIncomeApplicableToCommonShares": 31091030}, {"maxAge": 1, "endDate": "2017-03-31", "totalRevenue": 123104700, "costOfRevenue": 1608850, "grossProfit": 121495850, "researchDevelopment": {}, "sellingGeneralAdministrative": 13973280, "nonRecurring": {}, "otherOperatingExpenses": 10656170, "totalOperatingExpenses": 31074090, "operatingIncome": 92030610, "totalOtherIncomeExpenseNet": -67640, "ebit": 0, "interestExpense": {}, "incomeBeforeTax": 91962970, "incomeTaxExpense": 22968860, "minorityInterest": 96287440, "netIncomeFromContinuingOps": 68994110, "discontinuedOperations": {}, "extraordinaryItems": {}, "effectOfAccountingCharges": {}, "otherItems": {}, "netIncome": 51123920, "netIncomeApplicableToCommonShares": 51123920}], "maxAge": 86400}, "fundOwnership": {"maxAge": 1, "ownershipList": []}, "summaryDetail": {"maxAge": 1, "priceHint": 2, "previousClose": 28.45, "open": 30.75, "dayLow": 28.55, "dayHigh": 30.75, "regularMarketPreviousClose": 28.45, "regularMarketOpen": 30.75, "regularMarketDayLow": 28.55, "regularMarketDayHigh": 30.75, "volume": 64, "regularMarketVolume": 64, "averageVolume": 1429, "averageVolume10days": 1323, "averageDailyVolume10Day": 1323, "bid": 29.1, "ask": 30.3, "bidSize": 0, "askSize": 0, "marketCap": 173515680, "fiftyTwoWeekLow": 21.0, "fiftyTwoWeekHigh": 40.4, "fiftyDayAverage": 28.865715, "twoHundredDayAverage": 27.150366, "trailingAnnualDividendRate": 1.25, "trailingAnnualDividendYield": 0.04393673, "currency": "INR", "fromCurrency": null, "toCurrency": null, "lastMarket": null, "algorithm": null, "tradeable": false}, "incomeStatementHistoryQuarterly": {"incomeStatementHistory": [{"maxAge": 1, "endDate": "2020-06-30", "totalRevenue": 45152000, "costOfRevenue": 2137000, "grossProfit": 43015000, "researchDevelopment": {}, "sellingGeneralAdministrative": 5137000, "nonRecurring": {}, "otherOperatingExpenses": 867000, "totalOperatingExpenses": 8990000, "operatingIncome": 36162000, "totalOtherIncomeExpenseNet": -1000, "ebit": 0, "interestExpense": {}, "incomeBeforeTax": 36161000, "incomeTaxExpense": 6776000, "minorityInterest": 96932000, "netIncomeFromContinuingOps": 29385000, "discontinuedOperations": {}, "extraordinaryItems": {}, "effectOfAccountingCharges": {}, "otherItems": {}, "netIncome": 21731000, "netIncomeApplicableToCommonShares": 21731000}, {"maxAge": 1, "endDate": "2020-03-31", "totalRevenue": -35506640, "costOfRevenue": -3266510, "grossProfit": -32240130, "researchDevelopment": {}, "sellingGeneralAdministrative": 8450720, "nonRecurring": {}, "otherOperatingExpenses": 4159500, "totalOperatingExpenses": 10379110, "operatingIncome": -45885750, "totalOtherIncomeExpenseNet": -1000, "ebit": 0, "interestExpense": {}, "incomeBeforeTax": -45886750, "incomeTaxExpense": 1621340, "minorityInterest": 89277990, "netIncomeFromContinuingOps": -47508090, "discontinuedOperations": {}, "extraordinaryItems": {}, "effectOfAccountingCharges": {}, "otherItems": {}, "netIncome": -35227120, "netIncomeApplicableToCommonShares": -35227120}, {"maxAge": 1, "endDate": "2019-12-31", "totalRevenue": 25878000, "costOfRevenue": 856000, "grossProfit": 25022000, "researchDevelopment": {}, "sellingGeneralAdministrative": 5465000, "nonRecurring": {}, "otherOperatingExpenses": 3692000, "totalOperatingExpenses": 10990000, "operatingIncome": 14888000, "totalOtherIncomeExpenseNet": 2000, "ebit": 0, "interestExpense": {}, "incomeBeforeTax": 14890000, "incomeTaxExpense": 1820000, "minorityInterest": 101559000, "netIncomeFromContinuingOps": 13070000, "discontinuedOperations": {}, "extraordinaryItems": {}, "effectOfAccountingCharges": {}, "otherItems": {}, "netIncome": 9671000, "netIncomeApplicableToCommonShares": 9671000}, {"maxAge": 1, "endDate": "2019-09-30", "totalRevenue": -3135000, "costOfRevenue": 1068000, "grossProfit": -4203000, "researchDevelopment": {}, "sellingGeneralAdministrative": 4864000, "nonRecurring": {}, "otherOperatingExpenses": 1553000, "totalOperatingExpenses": 8499000, "operatingIncome": -11634000, "totalOtherIncomeExpenseNet": -1000, "ebit": 0, "interestExpense": {}, "incomeBeforeTax": -11635000, "incomeTaxExpense": 954000, "minorityInterest": 98160000, "netIncomeFromContinuingOps": -12589000, "discontinuedOperations": {}, "extraordinaryItems": {}, "effectOfAccountingCharges": {}, "otherItems": {}, "netIncome": -9355000, "netIncomeApplicableToCommonShares": -9355000}], "maxAge": 86400}, "cashflowStatementHistoryQuarterly": {"cashflowStatements": [{"maxAge": 1, "endDate": "2020-06-30", "netIncome": 21731000, "depreciation": 849000, "changeToNetincome": 9661000, "changeToAccountReceivables": -32071000, "changeToLiabilities": 79386000, "changeToInventory": -22624000, "totalCashFromOperatingActivities": 56932000, "capitalExpenditures": -178000, "investments": -17640000, "otherCashflowsFromInvestingActivities": 891000, "totalCashflowsFromInvestingActivities": -16927000, "netBorrowings": -259000, "otherCashflowsFromFinancingActivities": -515000, "totalCashFromFinancingActivities": -774000, "changeInCash": 39231000}, {"maxAge": 1, "endDate": "2020-03-31", "netIncome": -35227120, "depreciation": 502870, "changeToNetincome": -18838920, "changeToAccountReceivables": -48894350, "changeToLiabilities": 22476320, "changeToInventory": 132810460, "totalCashFromOperatingActivities": 53361790, "capitalExpenditures": -290370, "investments": -50247900, "otherCashflowsFromInvestingActivities": 5674960, "totalCashflowsFromInvestingActivities": -44863310, "dividendsPaid": -250, "netBorrowings": 9206670, "otherCashflowsFromFinancingActivities": -3978850, "totalCashFromFinancingActivities": 5227570, "changeInCash": 13726030}, {"maxAge": 1, "endDate": "2019-12-31", "netIncome": 9671000, "depreciation": 977000, "changeToNetincome": 4150000, "changeToAccountReceivables": 36287000, "changeToLiabilities": -8604000, "changeToInventory": 6225000, "totalCashFromOperatingActivities": 48706000, "capitalExpenditures": -57000, "investments": -9577000, "otherCashflowsFromInvestingActivities": 685000, "totalCashflowsFromInvestingActivities": -8949000, "dividendsPaid": -213000, "netBorrowings": -42636000, "otherCashflowsFromFinancingActivities": -1000, "totalCashFromFinancingActivities": -42850000, "changeInCash": -3093000}, {"maxAge": 1, "endDate": "2019-09-30", "netIncome": -9355000, "depreciation": 977000, "changeToNetincome": 4150000, "changeToAccountReceivables": 36287000, "changeToLiabilities": 0, "changeToInventory": 6225000, "totalCashFromOperatingActivities": 48706000, "capitalExpenditures": -57000, "investments": -9577000, "otherCashflowsFromInvestingActivities": 685000, "totalCashflowsFromInvestingActivities": -8949000, "dividendsPaid": -213000, "netBorrowings": -42636000, "otherCashflowsFromFinancingActivities": -1000, "totalCashFromFinancingActivities": -42850000, "changeInCash": -3093000}], "maxAge": 86400}, "insiderHolders": {"holders": [{"maxAge": 1, "name": "Axis Equities Pvt Ltd", "relation": "Promoter", "url": "", "transactionDescription": "Sale", "latestTransDate": "2015-03-04", "positionDirect": 0, "positionDirectDate": "2015-03-04"}, {"maxAge": 1, "name": "Mehta (Anil Dwarkadas)", "relation": "Promoter", "url": "", "transactionDescription": "Other", "latestTransDate": "2016-04-27", "positionDirect": 0, "positionDirectDate": "2016-04-27"}, {"maxAge": 1, "name": "Mehta (Dipan Anil)", "relation": "Director (Non-Executive)", "url": "", "transactionDescription": "Purchase", "latestTransDate": "2014-08-13", "positionDirect": 2124100, "positionDirectDate": "2014-08-13"}, {"maxAge": 1, "name": "Mehta (Radhika Dipan)", "relation": "Director (Non-Executive)", "url": "", "transactionDescription": "Sale", "latestTransDate": "2014-08-13", "positionDirect": 10100, "positionDirectDate": "2014-08-13"}, {"maxAge": 1, "name": "Mehta (Vina Anil)", "relation": "Promoter", "url": "", "transactionDescription": "Other", "latestTransDate": "2016-04-27", "positionDirect": 1578000, "positionDirectDate": "2016-04-27"}], "maxAge": 1}, "calendarEvents": {"maxAge": 1, "earnings": {"earningsDate": []}}, "price": {"maxAge": 1, "regularMarketChangePercent": 0.05096657, "regularMarketChange": 1.4499989, "regularMarketTime": "2021-04-30 15:14:14", "priceHint": 2, "regularMarketPrice": 29.9, "regularMarketDayHigh": 30.75, "regularMarketDayLow": 28.55, "regularMarketVolume": 64, "averageDailyVolume10Day": 1323, "averageDailyVolume3Month": 1429, "regularMarketPreviousClose": 28.45, "regularMarketSource": "FREE_REALTIME", "regularMarketOpen": 30.75, "exchange": "BSE", "exchangeName": "BSE", "exchangeDataDelayedBy": 0, "marketState": "CLOSED", "quoteType": "EQUITY", "symbol": "ELIXIR.BO", "underlyingSymbol": null, "shortName": "Elixir Capital Limited", "longName": "Elixir Capital Limited", "currency": "INR", "quoteSourceName": "Delayed Quote", "currencySymbol": "\u20b9", "fromCurrency": null, "toCurrency": null, "lastMarket": null, "marketCap": 173515680}, "balanceSheetHistory": {"balanceSheetStatements": [{"maxAge": 1, "endDate": "2020-03-31", "cash": 44360910, "netReceivables": 29789220, "otherCurrentAssets": 1301180, "totalCurrentAssets": 156745080, "longTermInvestments": 99080260, "propertyPlantEquipment": 26717940, "goodWill": 14179200, "intangibleAssets": 1054750, "otherAssets": 87274560, "totalAssets": 385051790, "accountsPayable": 24586430, "shortLongTermDebt": 821480, "otherCurrentLiab": 6859170, "longTermDebt": 1240280, "otherLiab": 320290, "minorityInterest": 89277990, "totalCurrentLiabilities": 89053010, "totalLiab": 90613580, "commonStock": 58032000, "retainedEarnings": 79932070, "treasuryStock": 4256150, "capitalSurplus": 62940000, "otherStockholderEquity": 4256150, "totalStockholderEquity": 205160220, "netTangibleAssets": 189926270}, {"maxAge": 1, "endDate": "2019-03-31", "cash": 21409880, "netReceivables": 1336690, "otherCurrentAssets": 3067360, "totalCurrentAssets": 292855130, "propertyPlantEquipment": 30045380, "goodWill": 14179200, "intangibleAssets": 1198580, "otherAssets": 46616330, "totalAssets": 384894620, "accountsPayable": 961490, "shortLongTermDebt": 774630, "otherCurrentLiab": 563110, "longTermDebt": 2061760, "otherLiab": 324310, "deferredLongTermLiab": 31770, "minorityInterest": 102520960, "totalCurrentLiabilities": 24316370, "totalLiab": 26702440, "commonStock": 58032000, "retainedEarnings": 130443070, "treasuryStock": 4256150, "capitalSurplus": 62940000, "otherStockholderEquity": 4256150, "totalStockholderEquity": 255671220, "netTangibleAssets": 240293440}, {"maxAge": 1, "endDate": "2018-03-31", "cash": 13229850, "netReceivables": 2851630, "otherCurrentAssets": 2129090, "totalCurrentAssets": 298768600, "propertyPlantEquipment": 33086100, "goodWill": 14179200, "intangibleAssets": 1451080, "otherAssets": 54795270, "totalAssets": 402280250, "accountsPayable": 3935910, "shortLongTermDebt": 969940, "otherCurrentLiab": 808640, "longTermDebt": 2582750, "otherLiab": 324780, "deferredLongTermLiab": 47660, "minorityInterest": 103067280, "totalCurrentLiabilities": 26647610, "totalLiab": 29555140, "commonStock": 58032000, "retainedEarnings": 144429680, "treasuryStock": 4256150, "capitalSurplus": 62940000, "otherStockholderEquity": 4256150, "totalStockholderEquity": 269657830, "netTangibleAssets": 254027550}, {"maxAge": 1, "endDate": "2017-03-31", "cash": 16600130, "netReceivables": 4681900, "otherCurrentAssets": 1452260, "totalCurrentAssets": 269991660, "propertyPlantEquipment": 32756890, "goodWill": 14179200, "intangibleAssets": 541710, "otherAssets": 46233090, "totalAssets": 363702550, "accountsPayable": 2672470, "shortLongTermDebt": 547970, "otherCurrentLiab": 12605820, "longTermDebt": 63660, "otherLiab": 393540, "deferredLongTermLiab": 63530, "minorityInterest": 96287440, "totalCurrentLiabilities": 32647260, "totalLiab": 33104460, "commonStock": 58032000, "treasuryStock": 176278650, "otherStockholderEquity": 176278650, "totalStockholderEquity": 234310650, "netTangibleAssets": 219589740}], "maxAge": 86400}, "financialData": {"maxAge": 86400, "currentPrice": 29.9, "recommendationKey": "none", "grossProfits": -7002130, "financialCurrency": "INR"}}}