{"ELNET.BO": {"cashflowStatementHistory": {"cashflowStatements": [{"maxAge": 1, "endDate": "2020-03-31", "netIncome": 108493000, "depreciation": 38773000, "changeToNetincome": -44721000, "changeToAccountReceivables": 1789000, "changeToLiabilities": 540000, "changeToOperatingActivities": -321452000, "totalCashFromOperatingActivities": -216578000, "investments": 287696000, "otherCashflowsFromInvestingActivities": 36216000, "totalCashflowsFromInvestingActivities": 278516000, "dividendsPaid": -6000000, "otherCashflowsFromFinancingActivities": -1233000, "totalCashFromFinancingActivities": -7233000, "changeInCash": 54705000}, {"maxAge": 1, "endDate": "2019-03-31", "netIncome": 84118000, "depreciation": 33177000, "changeToNetincome": -36528000, "changeToAccountReceivables": 2742000, "changeToLiabilities": 264000, "changeToOperatingActivities": -16751000, "totalCashFromOperatingActivities": 67022000, "investments": -62089000, "otherCashflowsFromInvestingActivities": 42449000, "totalCashflowsFromInvestingActivities": -86766000, "dividendsPaid": -6000000, "otherCashflowsFromFinancingActivities": -1233000, "totalCashFromFinancingActivities": -7233000, "changeInCash": -26977000}, {"maxAge": 1, "endDate": "2018-03-31", "netIncome": 89990000, "depreciation": 27992000, "changeToNetincome": -32466000, "changeToAccountReceivables": -433000, "changeToLiabilities": 776000, "changeToOperatingActivities": 162755000, "totalCashFromOperatingActivities": 248614000, "investments": -235117000, "otherCashflowsFromInvestingActivities": 20428000, "totalCashflowsFromInvestingActivities": -242902000, "dividendsPaid": -5600000, "otherCashflowsFromFinancingActivities": -3069000, "totalCashFromFinancingActivities": -8669000, "changeInCash": -2958000}, {"maxAge": 1, "endDate": "2017-03-31", "netIncome": 78348000, "depreciation": 32978000, "changeToNetincome": -22579000, "changeToAccountReceivables": -4820000, "changeToLiabilities": -5701000, "changeToOperatingActivities": -160385000, "totalCashFromOperatingActivities": -82159000, "investments": 84000000, "otherCashflowsFromInvestingActivities": 21607000, "totalCashflowsFromInvestingActivities": 99431000, "dividendsPaid": -6800000, "otherCashflowsFromFinancingActivities": -3392000, "totalCashFromFinancingActivities": -10192000, "changeInCash": 7080000}], "maxAge": 86400}, "institutionOwnership": {"ownershipList": [], "maxAge": 1}, "balanceSheetHistoryQuarterly": {"balanceSheetStatements": [{"maxAge": 1, "endDate": "2020-06-30", "totalStockholderEquity": 853449000, "netTangibleAssets": 853449000}, {"maxAge": 1, "endDate": "2020-03-31", "cash": 70238000, "netReceivables": 33631000, "otherCurrentAssets": 190764000, "totalCurrentAssets": 294633000, "longTermInvestments": 31130000, "propertyPlantEquipment": 268854000, "otherAssets": 459228000, "deferredLongTermAssetCharges": 726000, "totalAssets": 1053845000, "accountsPayable": 2615000, "otherCurrentLiab": 44612000, "otherLiab": 105656000, "totalCurrentLiabilities": 94740000, "totalLiab": 200396000, "commonStock": 40000000, "retainedEarnings": 809943000, "treasuryStock": 3506000, "otherStockholderEquity": 3506000, "totalStockholderEquity": 853449000, "netTangibleAssets": 853449000}, {"maxAge": 1, "endDate": "2019-12-31", "totalStockholderEquity": 799989000, "netTangibleAssets": 799989000}, {"maxAge": 1, "endDate": "2019-09-30", "cash": 470266000, "netReceivables": 40719000, "otherCurrentAssets": 4714000, "totalCurrentAssets": 515699000, "longTermInvestments": 197733000, "propertyPlantEquipment": 283407000, "otherAssets": 8513000, "totalAssets": 1005352000, "accountsPayable": 4677000, "otherCurrentLiab": 29428000, "otherLiab": 124688000, "totalCurrentLiabilities": 80675000, "totalLiab": 205363000, "commonStock": 40000000, "treasuryStock": 759989000, "otherStockholderEquity": 759989000, "totalStockholderEquity": 799989000, "netTangibleAssets": 799989000}], "maxAge": 86400}, "indexTrend": {"maxAge": 1, "symbol": "SP5", "peRatio": 19.7411, "pegRatio": 1.34172, "estimates": [{"period": "0q", "growth": 0.549}, {"period": "+1q", "growth": 0.431}, {"period": "0y", "growth": 0.305}, {"period": "+1y", "growth": 0.109}, {"period": "+5y", "growth": 0.120859005}, {"period": "-5y"}]}, "insiderTransactions": {"transactions": [{"maxAge": 1, "shares": 0, "filerUrl": "", "transactionText": "", "filerName": "Thiagarajan (Shanmugham)", "filerRelation": "Promoter", "moneyText": "", "startDate": "2020-03-09", "ownership": "I"}, {"maxAge": 1, "shares": 369483, "filerUrl": "", "transactionText": "", "filerName": "Thiagarajan (Shanmugham)", "filerRelation": "UNREPORTED", "moneyText": "", "startDate": "2020-03-06", "ownership": "D"}, {"maxAge": 1, "shares": 369483, "filerUrl": "", "transactionText": "", "filerName": "Thiagarajan (Shanmugham)", "filerRelation": "Promoter", "moneyText": "", "startDate": "2018-03-20", "ownership": "D"}], "maxAge": 1}, "quoteType": {"exchange": "BSE", "quoteType": "EQUITY", "symbol": "ELNET.BO", "underlyingSymbol": "ELNET.BO", "shortName": "ELNET TECHNOLOGIES LTD.", "longName": "Elnet Technologies Limited", "firstTradeDateEpochUtc": "2000-11-01 09:15:00", "timeZoneFullName": "Asia/Kolkata", "timeZoneShortName": "IST", "uuid": "25f7c9fc-3232-3705-b0b8-b407ac9a4f7b", "gmtOffSetMilliseconds": 19800000, "maxAge": 1}, "incomeStatementHistory": {"incomeStatementHistory": [{"maxAge": 1, "endDate": "2020-03-31", "totalRevenue": 240369000, "costOfRevenue": 29090000, "grossProfit": 211279000, "researchDevelopment": {}, "sellingGeneralAdministrative": 13698000, "nonRecurring": {}, "otherOperatingExpenses": 54247000, "totalOperatingExpenses": 135808000, "operatingIncome": 104561000, "totalOtherIncomeExpenseNet": 42150000, "ebit": 104561000, "interestExpense": -8664000, "incomeBeforeTax": 146711000, "incomeTaxExpense": 38218000, "minorityInterest": {}, "netIncomeFromContinuingOps": 108493000, "discontinuedOperations": {}, "extraordinaryItems": {}, "effectOfAccountingCharges": {}, "otherItems": {}, "netIncome": 108493000, "netIncomeApplicableToCommonShares": 108493000}, {"maxAge": 1, "endDate": "2019-03-31", "totalRevenue": 210445000, "costOfRevenue": 27268000, "grossProfit": 183177000, "researchDevelopment": {}, "sellingGeneralAdministrative": 14922000, "nonRecurring": {}, "otherOperatingExpenses": 55545000, "totalOperatingExpenses": 130912000, "operatingIncome": 79533000, "totalOtherIncomeExpenseNet": 37096000, "ebit": 79533000, "interestExpense": -6982000, "incomeBeforeTax": 116629000, "incomeTaxExpense": 32511000, "minorityInterest": {}, "netIncomeFromContinuingOps": 84118000, "discontinuedOperations": {}, "extraordinaryItems": {}, "effectOfAccountingCharges": {}, "otherItems": {}, "netIncome": 84118000, "netIncomeApplicableToCommonShares": 84118000}, {"maxAge": 1, "endDate": "2018-03-31", "totalRevenue": 222137000, "costOfRevenue": 36964000, "grossProfit": 185173000, "researchDevelopment": {}, "sellingGeneralAdministrative": 13397000, "nonRecurring": {}, "otherOperatingExpenses": 54921000, "totalOperatingExpenses": 133274000, "operatingIncome": 88863000, "totalOtherIncomeExpenseNet": 34452000, "ebit": 88863000, "interestExpense": -1929000, "incomeBeforeTax": 123315000, "incomeTaxExpense": 33325000, "minorityInterest": {}, "netIncomeFromContinuingOps": 89990000, "discontinuedOperations": {}, "extraordinaryItems": {}, "effectOfAccountingCharges": {}, "otherItems": {}, "netIncome": 89990000, "netIncomeApplicableToCommonShares": 89990000}, {"maxAge": 1, "endDate": "2017-03-31", "totalRevenue": 226660000, "costOfRevenue": 30432000, "grossProfit": 196228000, "researchDevelopment": {}, "sellingGeneralAdministrative": 19538000, "nonRecurring": {}, "otherOperatingExpenses": 47225000, "totalOperatingExpenses": 130173000, "operatingIncome": 96487000, "totalOtherIncomeExpenseNet": 24112000, "ebit": 96487000, "interestExpense": -2007000, "incomeBeforeTax": 120599000, "incomeTaxExpense": 42251000, "minorityInterest": {}, "netIncomeFromContinuingOps": 78348000, "discontinuedOperations": {}, "extraordinaryItems": {}, "effectOfAccountingCharges": {}, "otherItems": {}, "netIncome": 78348000, "netIncomeApplicableToCommonShares": 78348000}], "maxAge": 86400}, "fundOwnership": {"ownershipList": [], "maxAge": 1}, "summaryDetail": {"maxAge": 1, "priceHint": 2, "previousClose": 126.0, "open": 129.2, "dayLow": 121.25, "dayHigh": 129.2, "regularMarketPreviousClose": 126.0, "regularMarketOpen": 129.2, "regularMarketDayLow": 121.25, "regularMarketDayHigh": 129.2, "trailingPE": 4.4862056, "volume": 580, "regularMarketVolume": 580, "averageVolume": 5016, "averageVolume10days": 1851, "averageDailyVolume10Day": 1851, "bid": 124.1, "ask": 127.0, "bidSize": 0, "askSize": 0, "marketCap": 508001280, "fiftyTwoWeekLow": 66.25, "fiftyTwoWeekHigh": 160.0, "fiftyDayAverage": 137.76364, "twoHundredDayAverage": 120.6625, "trailingAnnualDividendRate": 1.2, "trailingAnnualDividendYield": 0.00952381, "currency": "INR", "fromCurrency": null, "lastMarket": null, "algorithm": null, "tradeable": false}, "incomeStatementHistoryQuarterly": {"incomeStatementHistory": [{"maxAge": 1, "endDate": "2020-06-30", "totalRevenue": 54728000, "costOfRevenue": 0, "grossProfit": 54728000, "researchDevelopment": {}, "sellingGeneralAdministrative": 6366000, "nonRecurring": {}, "otherOperatingExpenses": 9346000, "totalOperatingExpenses": 24819000, "operatingIncome": 29909000, "totalOtherIncomeExpenseNet": 10227000, "ebit": 29909000, "interestExpense": -2012000, "incomeBeforeTax": 40136000, "incomeTaxExpense": 10294000, "minorityInterest": {}, "netIncomeFromContinuingOps": 29842000, "discontinuedOperations": {}, "extraordinaryItems": {}, "effectOfAccountingCharges": {}, "otherItems": {}, "netIncome": 29842000, "netIncomeApplicableToCommonShares": 29842000}, {"maxAge": 1, "endDate": "2020-03-31", "totalRevenue": 58329000, "costOfRevenue": 29090000, "grossProfit": 29239000, "researchDevelopment": {}, "sellingGeneralAdministrative": -20287000, "nonRecurring": {}, "otherOperatingExpenses": 16898000, "totalOperatingExpenses": 35056000, "operatingIncome": 23273000, "totalOtherIncomeExpenseNet": 10817000, "ebit": 23273000, "interestExpense": -2224000, "incomeBeforeTax": 34090000, "incomeTaxExpense": 9099000, "minorityInterest": {}, "netIncomeFromContinuingOps": 24991000, "discontinuedOperations": {}, "extraordinaryItems": {}, "effectOfAccountingCharges": {}, "otherItems": {}, "netIncome": 24991000, "netIncomeApplicableToCommonShares": 24991000}, {"maxAge": 1, "endDate": "2019-12-31", "totalRevenue": 59452000, "costOfRevenue": 0, "grossProfit": 59452000, "researchDevelopment": {}, "sellingGeneralAdministrative": 11583000, "nonRecurring": {}, "otherOperatingExpenses": 11195000, "totalOperatingExpenses": 32574000, "operatingIncome": 26878000, "totalOtherIncomeExpenseNet": 10961000, "ebit": 26878000, "interestExpense": -2219000, "incomeBeforeTax": 37839000, "incomeTaxExpense": 9527000, "minorityInterest": {}, "netIncomeFromContinuingOps": 28312000, "discontinuedOperations": {}, "extraordinaryItems": {}, "effectOfAccountingCharges": {}, "otherItems": {}, "netIncome": 28312000, "netIncomeApplicableToCommonShares": 28312000}, {"maxAge": 1, "endDate": "2019-09-30", "totalRevenue": 61934000, "costOfRevenue": 0, "grossProfit": 61934000, "researchDevelopment": {}, "sellingGeneralAdministrative": 10166000, "nonRecurring": {}, "otherOperatingExpenses": 12424000, "totalOperatingExpenses": 32481000, "operatingIncome": 29453000, "totalOtherIncomeExpenseNet": 10219000, "ebit": 29453000, "interestExpense": -2189000, "incomeBeforeTax": 39672000, "incomeTaxExpense": 9549000, "minorityInterest": {}, "netIncomeFromContinuingOps": 30123000, "discontinuedOperations": {}, "extraordinaryItems": {}, "effectOfAccountingCharges": {}, "otherItems": {}, "netIncome": 30123000, "netIncomeApplicableToCommonShares": 30123000}], "maxAge": 86400}, "cashflowStatementHistoryQuarterly": {"cashflowStatements": [{"maxAge": 1, "endDate": "2020-06-30", "netIncome": 29842000, "changeToLiabilities": 0}, {"maxAge": 1, "endDate": "2020-03-31", "netIncome": 24991000, "changeToLiabilities": 0}, {"maxAge": 1, "endDate": "2019-12-31", "netIncome": 28312000, "changeToLiabilities": 0}, {"maxAge": 1, "endDate": "2019-09-30", "netIncome": 30123000, "changeToLiabilities": 0}], "maxAge": 86400}, "insiderHolders": {"holders": [{"maxAge": 1, "name": "Thiagarajan (Shanmugham)", "relation": "Promoter", "url": "", "transactionDescription": "Acquisition", "latestTransDate": "2020-03-09", "positionIndirect": 369483, "positionIndirectDate": 1583712000}], "maxAge": 1}, "calendarEvents": {"maxAge": 1, "earnings": {"earningsDate": ["2020-08-17 05:30:S"]}}, "upgradeDowngradeHistory": {"history": [], "maxAge": 86400}, "price": {"maxAge": 1, "regularMarketChangePercent": 0.007936508, "regularMarketChange": 1.0, "regularMarketTime": "2021-04-30 15:25:45", "priceHint": 2, "regularMarketPrice": 127.0, "regularMarketDayHigh": 129.2, "regularMarketDayLow": 121.25, "regularMarketVolume": 580, "averageDailyVolume10Day": 1851, "averageDailyVolume3Month": 5016, "regularMarketPreviousClose": 126.0, "regularMarketSource": "FREE_REALTIME", "regularMarketOpen": 129.2, "exchange": "BSE", "exchangeName": "BSE", "exchangeDataDelayedBy": 0, "marketState": "CLOSED", "quoteType": "EQUITY", "symbol": "ELNET.BO", "underlyingSymbol": null, "shortName": "ELNET TECHNOLOGIES LTD.", "longName": "Elnet Technologies Limited", "currency": "INR", "quoteSourceName": "Delayed Quote", "currencySymbol": "\u20b9", "fromCurrency": null, "lastMarket": null, "marketCap": 508001280}, "balanceSheetHistory": {"balanceSheetStatements": [{"maxAge": 1, "endDate": "2020-03-31", "cash": 70238000, "netReceivables": 33631000, "otherCurrentAssets": 190764000, "totalCurrentAssets": 294633000, "longTermInvestments": 31130000, "propertyPlantEquipment": 268854000, "otherAssets": 459228000, "deferredLongTermAssetCharges": 726000, "totalAssets": 1053845000, "accountsPayable": 2615000, "otherCurrentLiab": 44612000, "otherLiab": 105656000, "totalCurrentLiabilities": 94740000, "totalLiab": 200396000, "commonStock": 40000000, "retainedEarnings": 809943000, "treasuryStock": 3506000, "otherStockholderEquity": 3506000, "totalStockholderEquity": 853449000, "netTangibleAssets": 853449000}, {"maxAge": 1, "endDate": "2019-03-31", "cash": 15533000, "netReceivables": 30876000, "otherCurrentAssets": 428243000, "totalCurrentAssets": 474652000, "longTermInvestments": 80314000, "propertyPlantEquipment": 262131000, "otherAssets": 130618000, "totalAssets": 947715000, "accountsPayable": 2076000, "otherCurrentLiab": 35491000, "otherLiab": 112428000, "totalCurrentLiabilities": 83172000, "totalLiab": 195600000, "commonStock": 40000000, "retainedEarnings": 708683000, "treasuryStock": 3432000, "otherStockholderEquity": 3432000, "totalStockholderEquity": 752115000, "netTangibleAssets": 752115000}, {"maxAge": 1, "endDate": "2018-03-31", "cash": 42510000, "netReceivables": 46761000, "otherCurrentAssets": 363026000, "totalCurrentAssets": 452297000, "longTermInvestments": 80449000, "propertyPlantEquipment": 228843000, "otherAssets": 122067000, "totalAssets": 883656000, "accountsPayable": 1812000, "otherCurrentLiab": 133189000, "otherLiab": 26837000, "totalCurrentLiabilities": 179235000, "totalLiab": 206072000, "commonStock": 40000000, "retainedEarnings": 631798000, "treasuryStock": 5786000, "otherStockholderEquity": 5786000, "totalStockholderEquity": 677584000, "netTangibleAssets": 677584000}, {"maxAge": 1, "endDate": "2017-03-31", "cash": 46011000, "netReceivables": 33313000, "otherCurrentAssets": 127485000, "totalCurrentAssets": 206809000, "longTermInvestments": 73062000, "propertyPlantEquipment": 228579000, "otherAssets": 272218000, "totalAssets": 780668000, "accountsPayable": 1043000, "otherCurrentLiab": 109977000, "otherLiab": 33482000, "totalCurrentLiabilities": 155937000, "totalLiab": 189419000, "commonStock": 40000000, "retainedEarnings": 548548000, "treasuryStock": 2701000, "otherStockholderEquity": 2701000, "totalStockholderEquity": 591249000, "netTangibleAssets": 591249000}], "maxAge": 86400}, "financialData": {"maxAge": 86400, "currentPrice": 127.0, "recommendationKey": "none", "grossProfits": 211279000, "financialCurrency": "INR"}}}