{"ELPROINTL.BO": {"cashflowStatementHistory": {"cashflowStatements": [{"maxAge": 1, "endDate": "2020-03-31", "netIncome": 139718000, "depreciation": 24556000, "changeToNetincome": 130887000, "changeToAccountReceivables": 20425000, "changeToLiabilities": -518484000, "changeToInventory": 435535000, "totalCashFromOperatingActivities": 232702000, "capitalExpenditures": -259848000, "investments": -436595000, "otherCashflowsFromInvestingActivities": 37775000, "totalCashflowsFromInvestingActivities": -802368000, "netBorrowings": 800816000, "otherCashflowsFromFinancingActivities": -227559000, "totalCashFromFinancingActivities": 573257000, "changeInCash": 3591000}, {"maxAge": 1, "endDate": "2019-03-31", "netIncome": 999200000, "depreciation": 9013000, "changeToNetincome": -952469000, "changeToAccountReceivables": -267444000, "changeToLiabilities": -160050000, "changeToInventory": -391185000, "totalCashFromOperatingActivities": -762870000, "capitalExpenditures": -412446000, "investments": 386726000, "otherCashflowsFromInvestingActivities": 4367000, "totalCashflowsFromInvestingActivities": -4107000, "netBorrowings": -105991000, "otherCashflowsFromFinancingActivities": -134360000, "totalCashFromFinancingActivities": 758884000, "changeInCash": -8093000, "issuanceOfStock": 999235000}, {"maxAge": 1, "endDate": "2018-03-31", "netIncome": 184987000, "depreciation": 9459000, "changeToNetincome": 148604000, "changeToAccountReceivables": 27559000, "changeToLiabilities": 125083000, "changeToInventory": 77180000, "totalCashFromOperatingActivities": 572872000, "capitalExpenditures": -338304000, "investments": 85000, "otherCashflowsFromInvestingActivities": -8950000, "totalCashflowsFromInvestingActivities": -675570000, "netBorrowings": 322389000, "otherCashflowsFromFinancingActivities": -204369000, "totalCashFromFinancingActivities": 118020000, "changeInCash": 15322000, "issuanceOfStock": 999235000}, {"maxAge": 1, "endDate": "2017-03-31", "netIncome": 58591000, "depreciation": 9890000, "changeToNetincome": 156137000, "changeToAccountReceivables": -12565000, "changeToLiabilities": 23554000, "changeToInventory": 74788000, "totalCashFromOperatingActivities": 310434000, "capitalExpenditures": -141197000, "investments": 85000, "otherCashflowsFromInvestingActivities": -7734000, "totalCashflowsFromInvestingActivities": -117647000, "netBorrowings": -51971000, "otherCashflowsFromFinancingActivities": -176763000, "totalCashFromFinancingActivities": -228734000, "changeInCash": -35948000, "issuanceOfStock": 999235000}], "maxAge": 86400}, "institutionOwnership": {"maxAge": 1, "ownershipList": []}, "balanceSheetHistoryQuarterly": {"balanceSheetStatements": [{"maxAge": 1, "endDate": "2020-06-30", "totalStockholderEquity": 1349209000, "netTangibleAssets": 1344347000}, {"maxAge": 1, "endDate": "2020-03-31", "cash": 25015000, "shortTermInvestments": 801000, "netReceivables": 364782000, "inventory": 8190000, "otherCurrentAssets": 11398000, "totalCurrentAssets": 412365000, "longTermInvestments": 1739708000, "propertyPlantEquipment": 17364000, "intangibleAssets": 4862000, "otherAssets": 2231759000, "deferredLongTermAssetCharges": 45832000, "totalAssets": 4406058000, "accountsPayable": 181822000, "shortLongTermDebt": 152645000, "otherCurrentLiab": 298391000, "longTermDebt": 1971890000, "otherLiab": 236969000, "totalCurrentLiabilities": 845292000, "totalLiab": 3056849000, "commonStock": 169479000, "retainedEarnings": -784829000, "treasuryStock": 63708000, "capitalSurplus": 1900851000, "otherStockholderEquity": 63708000, "totalStockholderEquity": 1349209000, "netTangibleAssets": 1344347000}, {"maxAge": 1, "endDate": "2019-12-31", "totalStockholderEquity": 1266647000, "netTangibleAssets": 1261618000}, {"maxAge": 1, "endDate": "2019-09-30", "cash": 217379000, "shortTermInvestments": 17879000, "netReceivables": 278154000, "inventory": 13214000, "otherCurrentAssets": 52260000, "totalCurrentAssets": 578886000, "longTermInvestments": 1732639000, "propertyPlantEquipment": 19280000, "intangibleAssets": 5029000, "otherAssets": 2102307000, "deferredLongTermAssetCharges": 88878000, "totalAssets": 4438141000, "accountsPayable": 175131000, "otherCurrentLiab": 776244000, "longTermDebt": 1708763000, "otherLiab": 135412000, "totalCurrentLiabilities": 1327319000, "totalLiab": 3171494000, "commonStock": 169479000, "treasuryStock": 1097168000, "otherStockholderEquity": 1097168000, "totalStockholderEquity": 1266647000, "netTangibleAssets": 1261618000}], "maxAge": 86400}, "indexTrend": {"maxAge": 1, "symbol": "SP5", "peRatio": 19.7411, "pegRatio": 1.34172, "estimates": [{"period": "0q", "growth": 0.549}, {"period": "+1q", "growth": 0.431}, {"period": "0y", "growth": 0.305}, {"period": "+1y", "growth": 0.109}, {"period": "+5y", "growth": 0.120859005}, {"period": "-5y"}]}, "insiderTransactions": {"transactions": [{"maxAge": 1, "shares": 298349, "value": 164062, "filerUrl": "", "transactionText": "Acquisition at price 0.55 per share.", "filerName": "International Conveyors, Ltd.", "filerRelation": "Promoter", "moneyText": "", "startDate": "2020-09-28", "ownership": "D"}, {"maxAge": 1, "shares": 478000, "value": 262183, "filerUrl": "", "transactionText": "Acquisition at price 0.55 per share.", "filerName": "International Conveyors, Ltd.", "filerRelation": "Promoter", "moneyText": "", "startDate": "2020-09-25", "ownership": "D"}, {"maxAge": 1, "shares": 99400, "value": 50246, "filerUrl": "", "transactionText": "Acquisition at price 0.51 per share.", "filerName": "International Conveyors, Ltd.", "filerRelation": "Promoter", "moneyText": "", "startDate": "2020-09-22", "ownership": "D"}, {"maxAge": 1, "shares": 199081, "value": 109136, "filerUrl": "", "transactionText": "Acquisition at price 0.55 per share.", "filerName": "International Conveyors, Ltd.", "filerRelation": "Promoter", "moneyText": "", "startDate": "2020-09-16", "ownership": "D"}, {"maxAge": 1, "shares": 235000, "value": 128686, "filerUrl": "", "transactionText": "Acquisition at price 0.55 per share.", "filerName": "International Conveyors, Ltd.", "filerRelation": "Promoter", "moneyText": "", "startDate": "2020-09-15", "ownership": "D"}, {"maxAge": 1, "shares": 300000, "value": 162750, "filerUrl": "", "transactionText": "Acquisition at price 0.54 per share.", "filerName": "International Conveyors, Ltd.", "filerRelation": "Promoter", "moneyText": "", "startDate": "2020-09-14", "ownership": "D"}, {"maxAge": 1, "shares": 50000, "value": 27410, "filerUrl": "", "transactionText": "Acquisition at price 0.55 per share.", "filerName": "International Conveyors, Ltd.", "filerRelation": "Promoter", "moneyText": "", "startDate": "2020-09-11", "ownership": "D"}, {"maxAge": 1, "shares": 100000, "value": 55230, "filerUrl": "", "transactionText": "Acquisition at price 0.55 per share.", "filerName": "International Conveyors, Ltd.", "filerRelation": "Promoter", "moneyText": "", "startDate": "2020-09-10", "ownership": "D"}, {"maxAge": 1, "shares": 260000, "value": 138060, "filerUrl": "", "transactionText": "Acquisition at price 0.53 per share.", "filerName": "International Conveyors, Ltd.", "filerRelation": "Institution- Corporation", "moneyText": "", "startDate": "2020-09-08", "ownership": "D"}, {"maxAge": 1, "shares": 30087, "value": 16668, "filerUrl": "", "transactionText": "Acquisition at price 0.55 per share.", "filerName": "International Conveyors, Ltd.", "filerRelation": "Promoter", "moneyText": "", "startDate": "2020-09-03", "ownership": "D"}, {"maxAge": 1, "shares": 235000, "filerUrl": "", "transactionText": "", "filerName": "International Conveyors, Ltd.", "filerRelation": "Promoter", "moneyText": "", "startDate": "2019-09-26", "ownership": "D"}, {"maxAge": 1, "shares": 350000, "filerUrl": "", "transactionText": "", "filerName": "International Conveyors, Ltd.", "filerRelation": "Promoter", "moneyText": "", "startDate": "2019-09-18", "ownership": "D"}, {"maxAge": 1, "shares": 120000, "filerUrl": "", "transactionText": "", "filerName": "International Conveyors, Ltd.", "filerRelation": "Promoter", "moneyText": "", "startDate": "2019-09-17", "ownership": "D"}, {"maxAge": 1, "shares": 120000, "filerUrl": "", "transactionText": "", "filerName": "International Conveyors, Ltd.", "filerRelation": "Promoter", "moneyText": "", "startDate": "2019-09-16", "ownership": "D"}, {"maxAge": 1, "shares": 190000, "filerUrl": "", "transactionText": "", "filerName": "International Conveyors, Ltd.", "filerRelation": "Promoter", "moneyText": "", "startDate": "2019-09-09", "ownership": "D"}, {"maxAge": 1, "shares": 400000, "filerUrl": "", "transactionText": "", "filerName": "International Conveyors, Ltd.", "filerRelation": "Promoter", "moneyText": "", "startDate": "2019-09-05", "ownership": "D"}, {"maxAge": 1, "shares": 400000, "filerUrl": "", "transactionText": "", "filerName": "IGE India Ltd", "filerRelation": "Promoter", "moneyText": "", "startDate": "2018-12-21", "ownership": "D"}, {"maxAge": 1, "shares": 600000, "filerUrl": "", "transactionText": "", "filerName": "IGE India Ltd", "filerRelation": "Promoter", "moneyText": "", "startDate": "2018-12-19", "ownership": "D"}, {"maxAge": 1, "shares": 1856219, "filerUrl": "", "transactionText": "", "filerName": "Dabriwala (Yamini)", "filerRelation": "Promoter", "moneyText": "", "startDate": "2018-11-28", "ownership": "D"}, {"maxAge": 1, "shares": 22782188, "filerUrl": "", "transactionText": "", "filerName": "International Conveyors, Ltd.", "filerRelation": "Promoter", "moneyText": "", "startDate": "2018-11-28", "ownership": "D"}, {"maxAge": 1, "shares": 541281, "filerUrl": "", "transactionText": "", "filerName": "Dabriwala (Surbhit)", "filerRelation": "Promoter", "moneyText": "", "startDate": "2018-11-28", "ownership": "D"}, {"maxAge": 1, "shares": 375000, "filerUrl": "", "transactionText": "", "filerName": "IGE India Ltd", "filerRelation": "Promoter", "moneyText": "", "startDate": "2018-11-22", "ownership": "D"}], "maxAge": 1}, "quoteType": {"exchange": "BSE", "quoteType": "EQUITY", "symbol": "ELPROINTL.BO", "underlyingSymbol": "ELPROINTL.BO", "shortName": "ELPRO INTERNATIONAL LTD.", "longName": "Elpro International Limited", "firstTradeDateEpochUtc": "2000-08-09 09:15:00", "timeZoneFullName": "Asia/Kolkata", "timeZoneShortName": "IST", "uuid": "c097d065-1187-31e1-a869-7b45630a13e0", "messageBoardId": null, "gmtOffSetMilliseconds": 19800000, "maxAge": 1}, "incomeStatementHistory": {"incomeStatementHistory": [{"maxAge": 1, "endDate": "2020-03-31", "totalRevenue": 1136147000, "costOfRevenue": 577094000, "grossProfit": 559053000, "researchDevelopment": {}, "sellingGeneralAdministrative": 47371000, "nonRecurring": {}, "otherOperatingExpenses": 136631000, "totalOperatingExpenses": 785717000, "operatingIncome": 350430000, "totalOtherIncomeExpenseNet": -186253000, "ebit": 350430000, "interestExpense": -258649000, "incomeBeforeTax": 164177000, "incomeTaxExpense": 24459000, "minorityInterest": {}, "netIncomeFromContinuingOps": 139718000, "discontinuedOperations": {}, "extraordinaryItems": {}, "effectOfAccountingCharges": {}, "otherItems": {}, "netIncome": 139718000, "netIncomeApplicableToCommonShares": 139718000}, {"maxAge": 1, "endDate": "2019-03-31", "totalRevenue": 1606750000, "costOfRevenue": 140266000, "grossProfit": 1466484000, "researchDevelopment": {}, "sellingGeneralAdministrative": 24814000, "nonRecurring": {}, "otherOperatingExpenses": 182726000, "totalOperatingExpenses": 356884000, "operatingIncome": 1249866000, "totalOtherIncomeExpenseNet": -88730000, "ebit": 1249866000, "interestExpense": -142707000, "incomeBeforeTax": 1161136000, "incomeTaxExpense": 161936000, "minorityInterest": {}, "netIncomeFromContinuingOps": 999200000, "discontinuedOperations": {}, "extraordinaryItems": {}, "effectOfAccountingCharges": {}, "otherItems": {}, "netIncome": 999200000, "netIncomeApplicableToCommonShares": 999200000}, {"maxAge": 1, "endDate": "2018-03-31", "totalRevenue": 584689000, "costOfRevenue": 162963000, "grossProfit": 421726000, "researchDevelopment": {}, "sellingGeneralAdministrative": 19641000, "nonRecurring": {}, "otherOperatingExpenses": 50356000, "totalOperatingExpenses": 242419000, "operatingIncome": 342270000, "totalOtherIncomeExpenseNet": -156738000, "ebit": 342270000, "interestExpense": -206529000, "incomeBeforeTax": 185532000, "incomeTaxExpense": 974000, "minorityInterest": {}, "netIncomeFromContinuingOps": 184558000, "discontinuedOperations": {}, "extraordinaryItems": {}, "effectOfAccountingCharges": {}, "otherItems": {}, "netIncome": 184987000, "netIncomeApplicableToCommonShares": 184987000}, {"maxAge": 1, "endDate": "2017-03-31", "totalRevenue": 512440000, "costOfRevenue": 231405000, "grossProfit": 281035000, "researchDevelopment": {}, "sellingGeneralAdministrative": 17735000, "nonRecurring": {}, "otherOperatingExpenses": 29797000, "totalOperatingExpenses": 288866000, "operatingIncome": 223574000, "totalOtherIncomeExpenseNet": -161272000, "ebit": 223574000, "interestExpense": -183852000, "incomeBeforeTax": 62302000, "incomeTaxExpense": 3726000, "minorityInterest": 41714000, "netIncomeFromContinuingOps": 58576000, "discontinuedOperations": {}, "extraordinaryItems": {}, "effectOfAccountingCharges": {}, "otherItems": {}, "netIncome": 58591000, "netIncomeApplicableToCommonShares": 58591000}], "maxAge": 86400}, "fundOwnership": {"maxAge": 1, "ownershipList": []}, "summaryDetail": {"maxAge": 1, "priceHint": 2, "previousClose": 39.75, "open": 39.05, "dayLow": 37.7, "dayHigh": 39.95, "regularMarketPreviousClose": 39.75, "regularMarketOpen": 39.05, "regularMarketDayLow": 37.7, "regularMarketDayHigh": 39.95, "trailingPE": 37.77355, "volume": 12246, "regularMarketVolume": 12246, "averageVolume": 12969, "averageVolume10days": 9239, "averageDailyVolume10Day": 9239, "bid": 39.0, "ask": 39.65, "bidSize": 0, "askSize": 0, "marketCap": 6728316928, "fiftyTwoWeekLow": 28.45, "fiftyTwoWeekHigh": 49.55, "fiftyDayAverage": 41.681427, "twoHundredDayAverage": 40.565693, "currency": "INR", "fromCurrency": null, "toCurrency": null, "lastMarket": null, "algorithm": null, "tradeable": false}, "incomeStatementHistoryQuarterly": {"incomeStatementHistory": [{"maxAge": 1, "endDate": "2020-06-30", "totalRevenue": 124514000, "costOfRevenue": 3509000, "grossProfit": 121005000, "researchDevelopment": {}, "sellingGeneralAdministrative": 22434000, "nonRecurring": {}, "otherOperatingExpenses": 14149000, "totalOperatingExpenses": 50250000, "operatingIncome": 74264000, "totalOtherIncomeExpenseNet": -19298000, "ebit": 74264000, "interestExpense": -65196000, "incomeBeforeTax": 54966000, "incomeTaxExpense": 0, "minorityInterest": {}, "netIncomeFromContinuingOps": 54966000, "discontinuedOperations": {}, "extraordinaryItems": {}, "effectOfAccountingCharges": {}, "otherItems": {}, "netIncome": 54966000, "netIncomeApplicableToCommonShares": 54966000}, {"maxAge": 1, "endDate": "2020-03-31", "totalRevenue": 203825000, "costOfRevenue": 30846000, "grossProfit": 172979000, "researchDevelopment": {}, "sellingGeneralAdministrative": 17400000, "nonRecurring": {}, "otherOperatingExpenses": 21169000, "totalOperatingExpenses": 80009000, "operatingIncome": 123816000, "totalOtherIncomeExpenseNet": -101123000, "ebit": 123816000, "interestExpense": -63129000, "incomeBeforeTax": 22693000, "incomeTaxExpense": 5959000, "minorityInterest": {}, "netIncomeFromContinuingOps": 16734000, "discontinuedOperations": {}, "extraordinaryItems": {}, "effectOfAccountingCharges": {}, "otherItems": {}, "netIncome": 16734000, "netIncomeApplicableToCommonShares": 16734000}, {"maxAge": 1, "endDate": "2019-12-31", "totalRevenue": 161277000, "costOfRevenue": 7579000, "grossProfit": 153698000, "researchDevelopment": {}, "sellingGeneralAdministrative": 10754000, "nonRecurring": {}, "otherOperatingExpenses": 61037000, "totalOperatingExpenses": 87686000, "operatingIncome": 73591000, "totalOtherIncomeExpenseNet": -20796000, "ebit": 73591000, "interestExpense": -68281000, "incomeBeforeTax": 52795000, "incomeTaxExpense": 0, "minorityInterest": {}, "netIncomeFromContinuingOps": 52795000, "discontinuedOperations": {}, "extraordinaryItems": {}, "effectOfAccountingCharges": {}, "otherItems": {}, "netIncome": 52795000, "netIncomeApplicableToCommonShares": 52795000}, {"maxAge": 1, "endDate": "2019-09-30", "totalRevenue": 687619000, "costOfRevenue": 531163000, "grossProfit": 156456000, "researchDevelopment": {}, "sellingGeneralAdministrative": 11163000, "nonRecurring": {}, "otherOperatingExpenses": 31291000, "totalOperatingExpenses": 576526000, "operatingIncome": 111093000, "totalOtherIncomeExpenseNet": -40302000, "ebit": 111093000, "interestExpense": -71383000, "incomeBeforeTax": 70791000, "incomeTaxExpense": 13500000, "minorityInterest": {}, "netIncomeFromContinuingOps": 57291000, "discontinuedOperations": {}, "extraordinaryItems": {}, "effectOfAccountingCharges": {}, "otherItems": {}, "netIncome": 57291000, "netIncomeApplicableToCommonShares": 57291000}], "maxAge": 86400}, "cashflowStatementHistoryQuarterly": {"cashflowStatements": [{"maxAge": 1, "endDate": "2020-06-30", "netIncome": 54966000, "changeToLiabilities": 0}, {"maxAge": 1, "endDate": "2020-03-31", "netIncome": 16734000, "changeToLiabilities": 0}, {"maxAge": 1, "endDate": "2019-12-31", "netIncome": 52795000, "changeToLiabilities": 0}, {"maxAge": 1, "endDate": "2019-09-30", "netIncome": 57291000, "changeToLiabilities": 0}], "maxAge": 86400}, "insiderHolders": {"holders": [{"maxAge": 1, "name": "Dabriwala (Surbhit)", "relation": "Promoter", "url": "", "transactionDescription": "Other", "latestTransDate": "2018-11-28", "positionDirect": 1441281, "positionDirectDate": "2018-11-28"}, {"maxAge": 1, "name": "Dabriwala (Yamini)", "relation": "Promoter", "url": "", "transactionDescription": "Other", "latestTransDate": "2018-11-28", "positionDirect": 2938169, "positionDirectDate": "2018-11-28"}, {"maxAge": 1, "name": "IGE India Ltd", "relation": "Promoter", "url": "", "transactionDescription": "Acquisition", "latestTransDate": "2018-12-21", "positionDirect": 84437376, "positionDirectDate": "2018-12-21"}, {"maxAge": 1, "name": "International Conveyors, Ltd.", "relation": "Promoter", "url": "", "transactionDescription": "Acquisition", "latestTransDate": "2020-09-28", "positionDirect": 26920077, "positionDirectDate": "2020-09-28"}], "maxAge": 1}, "calendarEvents": {"maxAge": 1, "earnings": {"earningsDate": []}}, "price": {"maxAge": 1, "regularMarketChangePercent": -0.0012578425, "regularMarketChange": -0.049999237, "regularMarketTime": "2021-04-30 15:20:31", "priceHint": 2, "regularMarketPrice": 39.7, "regularMarketDayHigh": 39.95, "regularMarketDayLow": 37.7, "regularMarketVolume": 12246, "averageDailyVolume10Day": 9239, "averageDailyVolume3Month": 12969, "regularMarketPreviousClose": 39.75, "regularMarketSource": "FREE_REALTIME", "regularMarketOpen": 39.05, "exchange": "BSE", "exchangeName": "BSE", "exchangeDataDelayedBy": 0, "marketState": "CLOSED", "quoteType": "EQUITY", "symbol": "ELPROINTL.BO", "underlyingSymbol": null, "shortName": "ELPRO INTERNATIONAL LTD.", "longName": "Elpro International Limited", "currency": "INR", "quoteSourceName": "Delayed Quote", "currencySymbol": "\u20b9", "fromCurrency": null, "toCurrency": null, "lastMarket": null, "marketCap": 6728316928}, "balanceSheetHistory": {"balanceSheetStatements": [{"maxAge": 1, "endDate": "2020-03-31", "cash": 25015000, "shortTermInvestments": 801000, "netReceivables": 364782000, "inventory": 8190000, "otherCurrentAssets": 11398000, "totalCurrentAssets": 412365000, "longTermInvestments": 1739708000, "propertyPlantEquipment": 17364000, "intangibleAssets": 4862000, "otherAssets": 2231759000, "deferredLongTermAssetCharges": 45832000, "totalAssets": 4406058000, "accountsPayable": 181822000, "shortLongTermDebt": 152645000, "otherCurrentLiab": 298391000, "longTermDebt": 1971890000, "otherLiab": 236969000, "totalCurrentLiabilities": 845292000, "totalLiab": 3056849000, "commonStock": 169479000, "retainedEarnings": -784829000, "treasuryStock": 63708000, "capitalSurplus": 1900851000, "otherStockholderEquity": 63708000, "totalStockholderEquity": 1349209000, "netTangibleAssets": 1344347000}, {"maxAge": 1, "endDate": "2019-03-31", "cash": 21424000, "shortTermInvestments": 24188000, "netReceivables": 191943000, "inventory": 443725000, "otherCurrentAssets": 35170000, "totalCurrentAssets": 718542000, "longTermInvestments": 1597384000, "propertyPlantEquipment": 12498000, "goodWill": 6649000, "intangibleAssets": 5195000, "otherAssets": 1959268000, "deferredLongTermAssetCharges": 88878000, "totalAssets": 4299536000, "accountsPayable": 115892000, "shortLongTermDebt": 164509000, "otherCurrentLiab": 957324000, "longTermDebt": 1075898000, "otherLiab": 125004000, "totalCurrentLiabilities": 1701814000, "totalLiab": 2902716000, "commonStock": 169479000, "retainedEarnings": -924547000, "treasuryStock": 49637000, "capitalSurplus": 2102251000, "otherStockholderEquity": 49637000, "totalStockholderEquity": 1396820000, "netTangibleAssets": 1384976000}, {"maxAge": 1, "endDate": "2018-03-31", "cash": 29517000, "netReceivables": 55522000, "inventory": 52526000, "otherCurrentAssets": 29599000, "totalCurrentAssets": 168022000, "longTermInvestments": 1513480000, "propertyPlantEquipment": 13578000, "goodWill": 6649000, "intangibleAssets": 5529000, "otherAssets": 1455080000, "deferredLongTermAssetCharges": 19195000, "totalAssets": 3162338000, "accountsPayable": 74154000, "shortLongTermDebt": 36830000, "otherCurrentLiab": 365359000, "longTermDebt": 1091474000, "otherLiab": 97662000, "totalCurrentLiabilities": 2037503000, "totalLiab": 3226639000, "commonStock": 138350000, "retainedEarnings": -1808736000, "treasuryStock": 38457000, "capitalSurplus": 1567628000, "otherStockholderEquity": 38457000, "totalStockholderEquity": -64301000, "netTangibleAssets": -76479000}, {"maxAge": 1, "endDate": "2017-03-31", "cash": 14195000, "netReceivables": 45105000, "inventory": 129706000, "otherCurrentAssets": 40365000, "totalCurrentAssets": 231569000, "longTermInvestments": 1331119000, "propertyPlantEquipment": 13697000, "goodWill": 6649000, "intangibleAssets": 5864000, "otherAssets": 1111525000, "deferredLongTermAssetCharges": 11931000, "totalAssets": 2700423000, "accountsPayable": 56754000, "shortLongTermDebt": 14601000, "otherCurrentLiab": 404364000, "longTermDebt": 704593000, "otherLiab": 86307000, "minorityInterest": 41714000, "totalCurrentLiabilities": 1859745000, "totalLiab": 2650645000, "commonStock": 138350000, "retainedEarnings": -1732624000, "treasuryStock": 34709000, "capitalSurplus": 1567629000, "otherStockholderEquity": 34709000, "totalStockholderEquity": 8064000, "netTangibleAssets": -4449000}], "maxAge": 86400}, "financialData": {"maxAge": 86400, "currentPrice": 39.7, "recommendationKey": "none", "grossProfits": 559053000, "financialCurrency": "INR"}}}