{"EMAMIPAP.BO": {"recommendationTrend": {"trend": [{"period": "0m", "strongBuy": 0, "buy": 0, "hold": 0, "sell": 0, "strongSell": 0}, {"period": "-1m", "strongBuy": 0, "buy": 0, "hold": 0, "sell": 0, "strongSell": 0}, {"period": "-2m", "strongBuy": 0, "buy": 0, "hold": 0, "sell": 0, "strongSell": 0}, {"period": "-3m", "strongBuy": 0, "buy": 0, "hold": 0, "sell": 0, "strongSell": 0}], "maxAge": 86400}, "cashflowStatementHistory": {"cashflowStatements": [{"maxAge": 1, "endDate": "2020-03-31", "netIncome": -104500000, "depreciation": 724700000, "changeToNetincome": 1715800000, "changeToAccountReceivables": 344600000, "changeToLiabilities": -81000000, "changeToInventory": 536600000, "changeToOperatingActivities": -3700000, "totalCashFromOperatingActivities": 3133100000, "capitalExpenditures": -390600000, "otherCashflowsFromInvestingActivities": 701700000, "totalCashflowsFromInvestingActivities": 312000000, "dividendsPaid": -72600000, "netBorrowings": -2458600000, "otherCashflowsFromFinancingActivities": -816200000, "totalCashFromFinancingActivities": -3347400000, "changeInCash": 97700000}, {"maxAge": 1, "endDate": "2019-03-31", "netIncome": 439900000, "depreciation": 693400000, "changeToNetincome": 1042900000, "changeToAccountReceivables": 152000000, "changeToLiabilities": 1118400000, "changeToInventory": -710000000, "changeToOperatingActivities": 13300000, "totalCashFromOperatingActivities": 2750500000, "capitalExpenditures": -1575100000, "investments": 2000000, "otherCashflowsFromInvestingActivities": 3300000, "totalCashflowsFromInvestingActivities": -1565800000, "dividendsPaid": -72600000, "netBorrowings": -234600000, "otherCashflowsFromFinancingActivities": -922000000, "totalCashFromFinancingActivities": -1229200000, "changeInCash": -44500000}, {"maxAge": 1, "endDate": "2018-03-31", "netIncome": 163800000, "depreciation": 642400000, "changeToNetincome": 779200000, "changeToAccountReceivables": -666300000, "changeToLiabilities": 73400000, "changeToInventory": -320500000, "changeToOperatingActivities": 14700000, "totalCashFromOperatingActivities": 687400000, "capitalExpenditures": -1261500000, "investments": 16600000, "otherCashflowsFromInvestingActivities": 2400000, "totalCashflowsFromInvestingActivities": -1240400000, "dividendsPaid": -72600000, "netBorrowings": 1134700000, "otherCashflowsFromFinancingActivities": -669500000, "totalCashFromFinancingActivities": 392600000, "changeInCash": -160400000}, {"maxAge": 1, "endDate": "2017-03-31", "netIncome": 190800000, "depreciation": 556900000, "changeToNetincome": 411900000, "changeToAccountReceivables": -809300000, "changeToLiabilities": 58200000, "changeToInventory": -562100000, "changeToOperatingActivities": 4500000, "totalCashFromOperatingActivities": -147600000, "capitalExpenditures": -633600000, "investments": 24100000, "otherCashflowsFromInvestingActivities": 4100000, "totalCashflowsFromInvestingActivities": -603800000, "dividendsPaid": -36300000, "netBorrowings": 914700000, "otherCashflowsFromFinancingActivities": -581900000, "totalCashFromFinancingActivities": 296500000, "changeInCash": -454900000}], "maxAge": 86400}, "institutionOwnership": {"ownershipList": [], "maxAge": 1}, "balanceSheetHistoryQuarterly": {"balanceSheetStatements": [{"maxAge": 1, "endDate": "2020-06-30", "totalStockholderEquity": 2189200000, "netTangibleAssets": 2187700000}, {"maxAge": 1, "endDate": "2020-03-31", "cash": 191500000, "shortTermInvestments": 79800000, "netReceivables": 2575000000, "inventory": 2784000000, "otherCurrentAssets": 159900000, "totalCurrentAssets": 5817400000, "longTermInvestments": 253000000, "propertyPlantEquipment": 12988900000, "intangibleAssets": 1500000, "otherAssets": 117400000, "totalAssets": 19178200000, "accountsPayable": 1900800000, "shortLongTermDebt": 1572300000, "otherCurrentLiab": 175800000, "longTermDebt": 7867800000, "otherLiab": 671800000, "totalCurrentLiabilities": 8440000000, "totalLiab": 16989000000, "commonStock": 121000000, "retainedEarnings": 1739000000, "treasuryStock": 149900000, "capitalSurplus": 179300000, "otherStockholderEquity": 149900000, "totalStockholderEquity": 2189200000, "netTangibleAssets": 2187700000}, {"maxAge": 1, "endDate": "2019-12-31", "totalStockholderEquity": 2468400000, "netTangibleAssets": 2466600000}, {"maxAge": 1, "endDate": "2019-09-30", "cash": 116400000, "netReceivables": 2271800000, "inventory": 2598100000, "otherCurrentAssets": 798500000, "totalCurrentAssets": 5784800000, "longTermInvestments": 371800000, "propertyPlantEquipment": 13939100000, "intangibleAssets": 1800000, "otherAssets": 154500000, "totalAssets": 20252000000, "accountsPayable": 1869600000, "shortLongTermDebt": 2093700000, "otherCurrentLiab": 402800000, "longTermDebt": 7493700000, "otherLiab": 757800000, "totalCurrentLiabilities": 9532100000, "totalLiab": 17783600000, "commonStock": 121000000, "treasuryStock": 2347400000, "otherStockholderEquity": 2347400000, "totalStockholderEquity": 2468400000, "netTangibleAssets": 2466600000}], "maxAge": 86400}, "earningsHistory": {"history": [{"maxAge": 1, "epsActual": {}, "epsEstimate": {}, "epsDifference": {}, "surprisePercent": {}, "quarter": {}, "period": "-4q"}, {"maxAge": 1, "epsActual": {}, "epsEstimate": {}, "epsDifference": {}, "surprisePercent": {}, "quarter": {}, "period": "-3q"}, {"maxAge": 1, "epsActual": {}, "epsEstimate": {}, "epsDifference": {}, "surprisePercent": {}, "quarter": {}, "period": "-2q"}, {"maxAge": 1, "epsActual": {}, "epsEstimate": {}, "epsDifference": {}, "surprisePercent": {}, "quarter": {}, "period": "-1q"}], "maxAge": 86400}, "indexTrend": {"maxAge": 1, "symbol": "SP5", "peRatio": 19.7411, "pegRatio": 1.34172, "estimates": [{"period": "0q", "growth": 0.549}, {"period": "+1q", "growth": 0.431}, {"period": "0y", "growth": 0.305}, {"period": "+1y", "growth": 0.109}, {"period": "+5y", "growth": 0.120865}, {"period": "-5y"}]}, "industryTrend": {"maxAge": 1, "symbol": null, "estimates": []}, "insiderTransactions": {"transactions": [{"maxAge": 1, "shares": 319350, "filerUrl": "", "transactionText": "", "filerName": "Goenka (Rajkumar)", "filerRelation": "Promoter", "moneyText": "", "startDate": "2017-07-19", "ownership": "D"}, {"maxAge": 1, "shares": 289050, "filerUrl": "", "transactionText": "", "filerName": "Goenka (Meena)", "filerRelation": "Promoter", "moneyText": "", "startDate": "2017-07-19", "ownership": "D"}, {"maxAge": 1, "shares": 499250, "filerUrl": "", "transactionText": "", "filerName": "Goenka (Suresh Kumar)", "filerRelation": "Promoter", "moneyText": "", "startDate": "2016-12-08", "ownership": "D"}, {"maxAge": 1, "shares": 335926, "filerUrl": "", "transactionText": "", "filerName": "Sureka (Priti)", "filerRelation": "Promoter", "moneyText": "", "startDate": "2014-07-09", "ownership": "D"}, {"maxAge": 1, "shares": 447000, "filerUrl": "", "transactionText": "", "filerName": "Sureka (Priti)", "filerRelation": "Promoter", "moneyText": "", "startDate": "2012-11-20", "ownership": "D"}, {"maxAge": 1, "shares": 447000, "filerUrl": "", "transactionText": "", "filerName": "Agarwal (Radheshyam)", "filerRelation": "UNREPORTED", "moneyText": "", "startDate": "2012-11-20", "ownership": "D"}, {"maxAge": 1, "shares": 10000, "filerUrl": "", "transactionText": "", "filerName": "Goenka (Meena)", "filerRelation": "Promoter", "moneyText": "", "startDate": "2012-11-20", "ownership": "D"}, {"maxAge": 1, "shares": 50300, "filerUrl": "", "transactionText": "", "filerName": "Goenka (Rajkumar)", "filerRelation": "Promoter", "moneyText": "", "startDate": "2012-11-20", "ownership": "D"}, {"maxAge": 1, "shares": 30000, "filerUrl": "", "transactionText": "", "filerName": "Goenka (Raj Kumar) HUF", "filerRelation": "UNREPORTED", "moneyText": "", "startDate": "2012-11-20", "ownership": "D"}, {"maxAge": 1, "shares": 10000, "filerUrl": "", "transactionText": "", "filerName": "Goenka (Prashant)", "filerRelation": "UNREPORTED", "moneyText": "", "startDate": "2012-11-20", "ownership": "D"}, {"maxAge": 1, "shares": 109000, "filerUrl": "", "transactionText": "", "filerName": "Agarwal (Aditya Vardhan)", "filerRelation": "Director", "moneyText": "", "startDate": "2011-08-12", "ownership": "D"}, {"maxAge": 1, "shares": 55000, "filerUrl": "", "transactionText": "", "filerName": "Agarwal (H V)", "filerRelation": "UNREPORTED", "moneyText": "", "startDate": "2011-08-12", "ownership": "D"}, {"maxAge": 1, "shares": 165000, "filerUrl": "", "transactionText": "", "filerName": "Agarwal (Radheshyam)", "filerRelation": "Director", "moneyText": "", "startDate": "2011-08-12", "ownership": "D"}, {"maxAge": 1, "shares": 729000, "filerUrl": "", "transactionText": "", "filerName": "Sureka (Priti)", "filerRelation": "Promoter", "moneyText": "", "startDate": "2011-08-12", "ownership": "D"}, {"maxAge": 1, "shares": 105000, "filerUrl": "", "transactionText": "", "filerName": "Goenka (Rajkumar)", "filerRelation": "Promoter", "moneyText": "", "startDate": "2011-03-21", "ownership": "D"}, {"maxAge": 1, "shares": 34000, "filerUrl": "", "transactionText": "", "filerName": "Goenka (Saroj)", "filerRelation": "UNREPORTED", "moneyText": "", "startDate": "2011-03-21", "ownership": "D"}, {"maxAge": 1, "shares": 83000, "filerUrl": "", "transactionText": "", "filerName": "Goenka (Indu)", "filerRelation": "UNREPORTED", "moneyText": "", "startDate": "2011-03-21", "ownership": "D"}, {"maxAge": 1, "shares": 50000, "filerUrl": "", "transactionText": "", "filerName": "Patwari (Pitamber Sharan)", "filerRelation": "Director (Executive)", "moneyText": "", "startDate": "2010-11-30", "ownership": "D"}, {"maxAge": 1, "shares": 50000, "filerUrl": "", "transactionText": "", "filerName": "Todi (Shrawan Kumar)", "filerRelation": "Director", "moneyText": "", "startDate": "2010-11-25", "ownership": "D"}], "maxAge": 1}, "quoteType": {"exchange": "BSE", "quoteType": "EQUITY", "symbol": "EMAMIPAP.BO", "underlyingSymbol": "EMAMIPAP.BO", "shortName": "EMAMI PAPER MILLS LTD.", "longName": "Emami Paper Mills Limited", "firstTradeDateEpochUtc": "2010-06-15 09:15:00", "timeZoneFullName": "Asia/Kolkata", "timeZoneShortName": "IST", "uuid": "7f6acec3-2988-36fc-9c9a-c24e17601d15", "gmtOffSetMilliseconds": 19800000, "maxAge": 1}, "incomeStatementHistory": {"incomeStatementHistory": [{"maxAge": 1, "endDate": "2020-03-31", "totalRevenue": 15176000000, "costOfRevenue": 10793200000, "grossProfit": 4382800000, "researchDevelopment": {}, "sellingGeneralAdministrative": 709200000, "nonRecurring": {}, "otherOperatingExpenses": 1209500000, "totalOperatingExpenses": 13437200000, "operatingIncome": 1738800000, "totalOtherIncomeExpenseNet": -1784000000, "ebit": 1738800000, "interestExpense": -1206800000, "incomeBeforeTax": -45200000, "incomeTaxExpense": 59300000, "minorityInterest": {}, "netIncomeFromContinuingOps": -104500000, "discontinuedOperations": {}, "extraordinaryItems": {}, "effectOfAccountingCharges": {}, "otherItems": {}, "netIncome": -104500000, "netIncomeApplicableToCommonShares": -104500000}, {"maxAge": 1, "endDate": "2019-03-31", "totalRevenue": 15402000000, "costOfRevenue": 10988200000, "grossProfit": 4413800000, "researchDevelopment": {}, "sellingGeneralAdministrative": 685600000, "nonRecurring": {}, "otherOperatingExpenses": 1111400000, "totalOperatingExpenses": 13479200000, "operatingIncome": 1922800000, "totalOtherIncomeExpenseNet": -1260400000, "ebit": 1922800000, "interestExpense": -1107800000, "incomeBeforeTax": 662400000, "incomeTaxExpense": 222500000, "minorityInterest": {}, "netIncomeFromContinuingOps": 439900000, "discontinuedOperations": {}, "extraordinaryItems": {}, "effectOfAccountingCharges": {}, "otherItems": {}, "netIncome": 439900000, "netIncomeApplicableToCommonShares": 439900000}, {"maxAge": 1, "endDate": "2018-03-31", "totalRevenue": 13624500000, "costOfRevenue": 10184700000, "grossProfit": 3439800000, "researchDevelopment": {}, "sellingGeneralAdministrative": 637400000, "nonRecurring": {}, "otherOperatingExpenses": 1130200000, "totalOperatingExpenses": 12593400000, "operatingIncome": 1031100000, "totalOtherIncomeExpenseNet": -791800000, "ebit": 1031100000, "interestExpense": -814100000, "incomeBeforeTax": 239300000, "incomeTaxExpense": 75500000, "minorityInterest": {}, "netIncomeFromContinuingOps": 163800000, "discontinuedOperations": {}, "extraordinaryItems": {}, "effectOfAccountingCharges": {}, "otherItems": {}, "netIncome": 163800000, "netIncomeApplicableToCommonShares": 163800000}, {"maxAge": 1, "endDate": "2017-03-31", "totalRevenue": 11432100000, "costOfRevenue": 7438300000, "grossProfit": 3993800000, "researchDevelopment": {}, "sellingGeneralAdministrative": 585800000, "nonRecurring": {}, "otherOperatingExpenses": 2095500000, "totalOperatingExpenses": 10676000000, "operatingIncome": 756100000, "totalOtherIncomeExpenseNet": -494800000, "ebit": 756100000, "interestExpense": -703300000, "incomeBeforeTax": 261300000, "incomeTaxExpense": 70500000, "minorityInterest": {}, "netIncomeFromContinuingOps": 190800000, "discontinuedOperations": {}, "extraordinaryItems": {}, "effectOfAccountingCharges": {}, "otherItems": {}, "netIncome": 190800000, "netIncomeApplicableToCommonShares": 190800000}], "maxAge": 86400}, "fundOwnership": {"ownershipList": [], "maxAge": 1}, "summaryDetail": {"maxAge": 1, "priceHint": 2, "previousClose": 122.4, "open": 121.2, "dayLow": 117.0, "dayHigh": 123.6, "regularMarketPreviousClose": 122.4, "regularMarketOpen": 121.2, "regularMarketDayLow": 117.0, "regularMarketDayHigh": 123.6, "volume": 1771, "regularMarketVolume": 1771, "averageVolume": 3676, "averageVolume10days": 1180, "averageDailyVolume10Day": 1180, "bid": 118.05, "ask": 118.8, "bidSize": 0, "askSize": 0, "marketCap": 7135856640, "fiftyTwoWeekLow": 47.45, "fiftyTwoWeekHigh": 123.6, "fiftyDayAverage": 101.527275, "twoHundredDayAverage": 78.41654, "trailingAnnualDividendRate": 1.2, "trailingAnnualDividendYield": 0.009803922, "currency": "INR", "fromCurrency": null, "lastMarket": null, "algorithm": null, "tradeable": false}, "sectorTrend": {"maxAge": 1, "symbol": null, "estimates": []}, "incomeStatementHistoryQuarterly": {"incomeStatementHistory": [{"maxAge": 1, "endDate": "2020-06-30", "totalRevenue": 2060700000, "costOfRevenue": 1386200000, "grossProfit": 674500000, "researchDevelopment": {}, "sellingGeneralAdministrative": 139900000, "nonRecurring": {}, "otherOperatingExpenses": 198300000, "totalOperatingExpenses": 1894700000, "operatingIncome": 166000000, "totalOtherIncomeExpenseNet": -274100000, "ebit": 166000000, "interestExpense": -273800000, "incomeBeforeTax": -108100000, "incomeTaxExpense": -35300000, "minorityInterest": {}, "netIncomeFromContinuingOps": -72800000, "discontinuedOperations": {}, "extraordinaryItems": {}, "effectOfAccountingCharges": {}, "otherItems": {}, "netIncome": -72800000, "netIncomeApplicableToCommonShares": -72800000}, {"maxAge": 1, "endDate": "2020-03-31", "totalRevenue": 3737500000, "costOfRevenue": 2402600000, "grossProfit": 1334900000, "researchDevelopment": {}, "sellingGeneralAdministrative": 176800000, "nonRecurring": {}, "otherOperatingExpenses": 410000000, "totalOperatingExpenses": 3180400000, "operatingIncome": 557100000, "totalOtherIncomeExpenseNet": -989400000, "ebit": 557100000, "interestExpense": -435200000, "incomeBeforeTax": -432300000, "incomeTaxExpense": -121800000, "minorityInterest": {}, "netIncomeFromContinuingOps": -310500000, "discontinuedOperations": {}, "extraordinaryItems": {}, "effectOfAccountingCharges": {}, "otherItems": {}, "netIncome": -310500000, "netIncomeApplicableToCommonShares": -310500000}, {"maxAge": 1, "endDate": "2019-12-31", "totalRevenue": 4069100000, "costOfRevenue": 2822600000, "grossProfit": 1246500000, "researchDevelopment": {}, "sellingGeneralAdministrative": 181500000, "nonRecurring": {}, "otherOperatingExpenses": 298500000, "totalOperatingExpenses": 3484500000, "operatingIncome": 584600000, "totalOtherIncomeExpenseNet": -271300000, "ebit": 584600000, "interestExpense": -243500000, "incomeBeforeTax": 313300000, "incomeTaxExpense": 128300000, "minorityInterest": {}, "netIncomeFromContinuingOps": 185000000, "discontinuedOperations": {}, "extraordinaryItems": {}, "effectOfAccountingCharges": {}, "otherItems": {}, "netIncome": 185000000, "netIncomeApplicableToCommonShares": 185000000}, {"maxAge": 1, "endDate": "2019-09-30", "totalRevenue": 3795800000, "costOfRevenue": 2847600000, "grossProfit": 948200000, "researchDevelopment": {}, "sellingGeneralAdministrative": 182700000, "nonRecurring": {}, "otherOperatingExpenses": 282600000, "totalOperatingExpenses": 3490700000, "operatingIncome": 305100000, "totalOtherIncomeExpenseNet": -263000000, "ebit": 305100000, "interestExpense": -264200000, "incomeBeforeTax": 42100000, "incomeTaxExpense": 31200000, "minorityInterest": {}, "netIncomeFromContinuingOps": 10900000, "discontinuedOperations": {}, "extraordinaryItems": {}, "effectOfAccountingCharges": {}, "otherItems": {}, "netIncome": 10900000, "netIncomeApplicableToCommonShares": 10900000}], "maxAge": 86400}, "cashflowStatementHistoryQuarterly": {"cashflowStatements": [{"maxAge": 1, "endDate": "2020-06-30", "netIncome": -72800000, "changeToLiabilities": 0}, {"maxAge": 1, "endDate": "2020-03-31", "netIncome": -310500000, "changeToLiabilities": 0}, {"maxAge": 1, "endDate": "2019-12-31", "netIncome": 185000000, "changeToLiabilities": 0}, {"maxAge": 1, "endDate": "2019-09-30", "netIncome": 10900000, "changeToLiabilities": 0}], "maxAge": 86400}, "insiderHolders": {"holders": [{"maxAge": 1, "name": "Agarwal (Aditya Vardhan)", "relation": "Director", "url": "", "transactionDescription": "Sale", "latestTransDate": "2011-08-12", "positionDirect": 10750, "positionDirectDate": "2011-08-12"}, {"maxAge": 1, "name": "Agarwal (H V)", "relation": "UNREPORTED", "url": "", "transactionDescription": "Sale", "latestTransDate": "2011-08-12", "positionDirect": 10750, "positionDirectDate": "2011-08-12"}, {"maxAge": 1, "name": "Agarwal (Radheshyam)", "relation": "UNREPORTED", "url": "", "transactionDescription": "Sale", "latestTransDate": "2012-11-20", "positionDirect": 0, "positionDirectDate": "2012-11-20"}, {"maxAge": 1, "name": "Goenka (Meena)", "relation": "Promoter", "url": "", "transactionDescription": "Gift", "latestTransDate": "2017-07-19", "positionDirect": 0, "positionDirectDate": "2017-07-19"}, {"maxAge": 1, "name": "Goenka (Prashant)", "relation": "UNREPORTED", "url": "", "transactionDescription": "Acquisition", "latestTransDate": "2012-11-20", "positionDirect": 10000, "positionDirectDate": "2012-11-20"}, {"maxAge": 1, "name": "Goenka (Raj Kumar) HUF", "relation": "UNREPORTED", "url": "", "transactionDescription": "Sale", "latestTransDate": "2012-11-20", "positionDirect": 150, "positionDirectDate": "2012-11-20"}, {"maxAge": 1, "name": "Goenka (Rajkumar)", "relation": "Promoter", "url": "", "transactionDescription": "Gift", "latestTransDate": "2017-07-19", "positionDirect": 819200, "positionDirectDate": "2017-07-19"}, {"maxAge": 1, "name": "Goenka (Saroj)", "relation": "UNREPORTED", "url": "", "transactionDescription": "Acquisition", "latestTransDate": "2011-03-21", "positionDirect": 83000, "positionDirectDate": "2011-03-21"}, {"maxAge": 1, "name": "Goenka (Suresh Kumar)", "relation": "Promoter", "url": "", "transactionDescription": "Sale", "latestTransDate": "2016-12-08", "positionDirect": 0, "positionDirectDate": "2016-12-08"}, {"maxAge": 1, "name": "Sureka (Priti)", "relation": "Promoter", "url": "", "transactionDescription": "Other", "latestTransDate": "2014-07-09", "positionDirect": 1520926, "positionDirectDate": "2014-07-09"}], "maxAge": 1}, "earnings": {"maxAge": 86400, "earningsChart": {"quarterly": [], "earningsDate": []}, "financialsChart": {"yearly": [{"date": 2017, "revenue": 11432100000, "earnings": 190800000}, {"date": 2018, "revenue": 13624500000, "earnings": 163800000}, {"date": 2019, "revenue": 15402000000, "earnings": 439900000}, {"date": 2020, "revenue": 15176000000, "earnings": -104500000}], "quarterly": [{"date": "3Q2019", "revenue": 3795800000, "earnings": 10900000}, {"date": "4Q2019", "revenue": 4069100000, "earnings": 185000000}, {"date": "1Q2020", "revenue": 3737500000, "earnings": -310500000}, {"date": "2Q2020", "revenue": 2060700000, "earnings": -72800000}]}, "financialCurrency": "INR"}, "calendarEvents": {"maxAge": 1, "earnings": {"earningsDate": []}}, "upgradeDowngradeHistory": {"history": [], "maxAge": 86400}, "price": {"maxAge": 1, "regularMarketChangePercent": -0.036356244, "regularMarketChange": -4.4500046, "regularMarketTime": "2021-04-30 15:29:57", "priceHint": 2, "regularMarketPrice": 117.95, "regularMarketDayHigh": 123.6, "regularMarketDayLow": 117.0, "regularMarketVolume": 1771, "averageDailyVolume10Day": 1180, "averageDailyVolume3Month": 3676, "regularMarketPreviousClose": 122.4, "regularMarketSource": "FREE_REALTIME", "regularMarketOpen": 121.2, "exchange": "BSE", "exchangeName": "BSE", "exchangeDataDelayedBy": 0, "marketState": "CLOSED", "quoteType": "EQUITY", "symbol": "EMAMIPAP.BO", "underlyingSymbol": null, "shortName": "EMAMI PAPER MILLS LTD.", "longName": "Emami Paper Mills Limited", "currency": "INR", "quoteSourceName": "Delayed Quote", "currencySymbol": "\u20b9", "fromCurrency": null, "lastMarket": null, "marketCap": 7135856640}, "balanceSheetHistory": {"balanceSheetStatements": [{"maxAge": 1, "endDate": "2020-03-31", "cash": 191500000, "shortTermInvestments": 79800000, "netReceivables": 2575000000, "inventory": 2784000000, "otherCurrentAssets": 159900000, "totalCurrentAssets": 5817400000, "longTermInvestments": 253000000, "propertyPlantEquipment": 12988900000, "intangibleAssets": 1500000, "otherAssets": 117400000, "totalAssets": 19178200000, "accountsPayable": 1900800000, "shortLongTermDebt": 1572300000, "otherCurrentLiab": 175800000, "longTermDebt": 7867800000, "otherLiab": 671800000, "totalCurrentLiabilities": 8440000000, "totalLiab": 16989000000, "commonStock": 121000000, "retainedEarnings": 1739000000, "treasuryStock": 149900000, "capitalSurplus": 179300000, "otherStockholderEquity": 149900000, "totalStockholderEquity": 2189200000, "netTangibleAssets": 2187700000}, {"maxAge": 1, "endDate": "2019-03-31", "cash": 93800000, "shortTermInvestments": 12000000, "netReceivables": 2684700000, "inventory": 3320600000, "otherCurrentAssets": 321100000, "totalCurrentAssets": 6480600000, "longTermInvestments": 490700000, "propertyPlantEquipment": 13998500000, "intangibleAssets": 1800000, "otherAssets": 134500000, "totalAssets": 21106100000, "accountsPayable": 1883300000, "shortLongTermDebt": 1730500000, "otherCurrentLiab": 212800000, "longTermDebt": 8978900000, "otherLiab": 809500000, "totalCurrentLiabilities": 8737600000, "totalLiab": 18526000000, "commonStock": 121000000, "retainedEarnings": 1933300000, "treasuryStock": 346500000, "capitalSurplus": 179300000, "otherStockholderEquity": 346500000, "totalStockholderEquity": 2580100000, "netTangibleAssets": 2578300000}, {"maxAge": 1, "endDate": "2018-03-31", "cash": 138300000, "shortTermInvestments": 37400000, "netReceivables": 2790400000, "inventory": 2610600000, "otherCurrentAssets": 292000000, "totalCurrentAssets": 5918700000, "longTermInvestments": 628400000, "propertyPlantEquipment": 12903200000, "intangibleAssets": 1800000, "otherAssets": 191200000, "totalAssets": 19643300000, "accountsPayable": 845200000, "shortLongTermDebt": 1545300000, "otherCurrentLiab": 157000000, "longTermDebt": 9618600000, "otherLiab": 758000000, "totalCurrentLiabilities": 6835800000, "totalLiab": 17212400000, "commonStock": 121000000, "retainedEarnings": 1580800000, "treasuryStock": 549800000, "capitalSurplus": 179300000, "otherStockholderEquity": 549800000, "totalStockholderEquity": 2430900000, "netTangibleAssets": 2429100000}, {"maxAge": 1, "endDate": "2017-03-31", "cash": 298700000, "shortTermInvestments": 38400000, "netReceivables": 2028000000, "inventory": 2290100000, "otherCurrentAssets": 264100000, "totalCurrentAssets": 4945100000, "longTermInvestments": 597700000, "propertyPlantEquipment": 12244900000, "intangibleAssets": 2500000, "otherAssets": 331700000, "totalAssets": 18121900000, "accountsPayable": 821300000, "shortLongTermDebt": 1164100000, "otherCurrentLiab": 132700000, "longTermDebt": 9184600000, "otherLiab": 798500000, "totalCurrentLiabilities": 5794700000, "totalLiab": 15777800000, "commonStock": 121000000, "retainedEarnings": 1504400000, "treasuryStock": 542700000, "capitalSurplus": 176000000, "otherStockholderEquity": 542700000, "totalStockholderEquity": 2344100000, "netTangibleAssets": 2341600000}], "maxAge": 86400}, "earningsTrend": {"trend": [{"maxAge": 1, "period": "0q", "endDate": null, "growth": {}, "earningsEstimate": {"avg": 0.0, "low": 0.0, "high": 0.0, "yearAgoEps": {}, "numberOfAnalysts": 0, "growth": {}}, "revenueEstimate": {"avg": 0, "low": 0, "high": 0, "numberOfAnalysts": 0, "yearAgoRevenue": {}, "growth": {}}, "epsTrend": {"current": 0.0, "7daysAgo": 0.0, "30daysAgo": 0.0, "60daysAgo": 0.0, "90daysAgo": 0.0}, "epsRevisions": {"upLast7days": 0, "upLast30days": 0, "downLast30days": 0, "downLast90days": {}}}, {"maxAge": 1, "period": "+1q", "endDate": null, "growth": {}, "earningsEstimate": {"avg": 0.0, "low": 0.0, "high": 0.0, "yearAgoEps": {}, "numberOfAnalysts": 0, "growth": {}}, "revenueEstimate": {"avg": 0, "low": 0, "high": 0, "numberOfAnalysts": 0, "yearAgoRevenue": {}, "growth": {}}, "epsTrend": {"current": 0.0, "7daysAgo": 0.0, "30daysAgo": 0.0, "60daysAgo": 0.0, "90daysAgo": 0.0}, "epsRevisions": {"upLast7days": 0, "upLast30days": 0, "downLast30days": 0, "downLast90days": {}}}, {"maxAge": 1, "period": "0y", "endDate": null, "growth": {}, "earningsEstimate": {"avg": 0.0, "low": 0.0, "high": 0.0, "yearAgoEps": {}, "numberOfAnalysts": 0, "growth": {}}, "revenueEstimate": {"avg": 0, "low": 0, "high": 0, "numberOfAnalysts": 0, "yearAgoRevenue": {}, "growth": {}}, "epsTrend": {"current": 0.0, "7daysAgo": 0.0, "30daysAgo": 0.0, "60daysAgo": 0.0, "90daysAgo": 0.0}, "epsRevisions": {"upLast7days": 0, "upLast30days": 0, "downLast30days": 0, "downLast90days": {}}}, {"maxAge": 1, "period": "+1y", "endDate": null, "growth": {}, "earningsEstimate": {"avg": 0.0, "low": 0.0, "high": 0.0, "yearAgoEps": {}, "numberOfAnalysts": 0, "growth": {}}, "revenueEstimate": {"avg": 0, "low": 0, "high": 0, "numberOfAnalysts": 0, "yearAgoRevenue": {}, "growth": {}}, "epsTrend": {"current": 0.0, "7daysAgo": 0.0, "30daysAgo": 0.0, "60daysAgo": 0.0, "90daysAgo": 0.0}, "epsRevisions": {"upLast7days": 0, "upLast30days": 0, "downLast30days": 0, "downLast90days": {}}}, {"maxAge": 1, "period": "+5y", "endDate": null, "growth": {}, "earningsEstimate": {"avg": {}, "low": {}, "high": {}, "yearAgoEps": {}, "numberOfAnalysts": {}, "growth": {}}, "revenueEstimate": {"avg": {}, "low": {}, "high": {}, "numberOfAnalysts": {}, "yearAgoRevenue": {}, "growth": {}}, "epsTrend": {"current": {}, "7daysAgo": {}, "30daysAgo": {}, "60daysAgo": {}, "90daysAgo": {}}, "epsRevisions": {"upLast7days": {}, "upLast30days": {}, "downLast30days": {}, "downLast90days": {}}}, {"maxAge": 1, "period": "-5y", "endDate": null, "growth": {}, "earningsEstimate": {"avg": {}, "low": {}, "high": {}, "yearAgoEps": {}, "numberOfAnalysts": {}, "growth": {}}, "revenueEstimate": {"avg": {}, "low": {}, "high": {}, "numberOfAnalysts": {}, "yearAgoRevenue": {}, "growth": {}}, "epsTrend": {"current": {}, "7daysAgo": {}, "30daysAgo": {}, "60daysAgo": {}, "90daysAgo": {}}, "epsRevisions": {"upLast7days": {}, "upLast30days": {}, "downLast30days": {}, "downLast90days": {}}}], "maxAge": 1}, "financialData": {"maxAge": 86400, "currentPrice": 117.95, "targetHighPrice": 26.0, "targetLowPrice": 26.0, "targetMeanPrice": 26.0, "targetMedianPrice": 26.0, "recommendationKey": "none", "numberOfAnalystOpinions": 1, "grossProfits": 4382800000, "financialCurrency": "INR"}}}