{"EMCO.BO": {"recommendationTrend": {"trend": [{"period": "0m", "strongBuy": 0, "buy": 0, "hold": 0, "sell": 0, "strongSell": 0}, {"period": "-1m", "strongBuy": 0, "buy": 0, "hold": 0, "sell": 0, "strongSell": 0}, {"period": "-2m", "strongBuy": 0, "buy": 0, "hold": 0, "sell": 0, "strongSell": 0}, {"period": "-3m", "strongBuy": 0, "buy": 0, "hold": 0, "sell": 0, "strongSell": 0}], "maxAge": 86400}, "cashflowStatementHistory": {"cashflowStatements": [{"maxAge": 1, "endDate": "2019-03-31", "netIncome": -3499223000, "changeToLiabilities": 0}, {"maxAge": 1, "endDate": "2018-03-31", "netIncome": -1117375000, "depreciation": 165624000, "changeToNetincome": 607276000, "changeToAccountReceivables": 1011883000, "changeToLiabilities": 357636000, "changeToInventory": -223595000, "totalCashFromOperatingActivities": 803047000, "capitalExpenditures": -61973000, "investments": 158259000, "otherCashflowsFromInvestingActivities": 368047000, "totalCashflowsFromInvestingActivities": 465574000, "dividendsPaid": -277993000, "netBorrowings": -569569000, "otherCashflowsFromFinancingActivities": -539617000, "totalCashFromFinancingActivities": -1385046000, "changeInCash": -116425000, "issuanceOfStock": 2133000}, {"maxAge": 1, "endDate": "2017-03-31", "netIncome": -656450000, "depreciation": 179307000, "changeToNetincome": 1691289000, "changeToAccountReceivables": -884464000, "changeToLiabilities": -889745000, "changeToInventory": 658183000, "totalCashFromOperatingActivities": 99495000, "capitalExpenditures": -112798000, "investments": -20661000, "otherCashflowsFromInvestingActivities": 35752000, "totalCashflowsFromInvestingActivities": 244928000, "dividendsPaid": -77635000, "netBorrowings": 1262420000, "otherCashflowsFromFinancingActivities": -1321413000, "totalCashFromFinancingActivities": -133428000, "changeInCash": 210995000, "issuanceOfStock": 3200000}, {"maxAge": 1, "endDate": "2016-03-31", "netIncome": -443108000, "depreciation": 164014000, "changeToNetincome": 894056000, "changeToAccountReceivables": -795766000, "changeToLiabilities": 802033000, "changeToInventory": -2730000, "totalCashFromOperatingActivities": 651384000, "capitalExpenditures": -289824000, "investments": 61691000, "otherCashflowsFromInvestingActivities": -68663000, "totalCashflowsFromInvestingActivities": -293189000, "dividendsPaid": -8271000, "netBorrowings": 541952000, "otherCashflowsFromFinancingActivities": -1108085000, "totalCashFromFinancingActivities": -574404000, "changeInCash": -216209000, "issuanceOfStock": 3200000}], "maxAge": 86400}, "institutionOwnership": {"maxAge": 1, "ownershipList": []}, "balanceSheetHistoryQuarterly": {"balanceSheetStatements": [{"maxAge": 1, "endDate": "2006-03-31", "cash": 82723000, "netReceivables": 2144270000, "inventory": 1070851000, "otherCurrentAssets": 248545000, "totalCurrentAssets": 3546389000, "longTermInvestments": 9281000, "propertyPlantEquipment": 576478000, "intangibleAssets": 18885000, "otherAssets": 25000, "totalAssets": 4151058000, "accountsPayable": 1578141000, "otherCurrentLiab": 96847000, "longTermDebt": 459757000, "otherLiab": 71288000, "deferredLongTermLiab": 25000, "totalCurrentLiabilities": 2278105000, "totalLiab": 2809150000, "commonStock": 76394000, "retainedEarnings": 361451000, "treasuryStock": 12394000, "capitalSurplus": 891669000, "otherStockholderEquity": 12394000, "totalStockholderEquity": 1341908000, "netTangibleAssets": 1323023000}, {"maxAge": 1, "endDate": "2005-12-31"}, {"maxAge": 1, "endDate": "2005-09-30"}, {"maxAge": 1, "endDate": "2005-06-30", "totalStockholderEquity": 732320811, "netTangibleAssets": 706107389}], "maxAge": 86400}, "earningsHistory": {"history": [{"maxAge": 1, "epsActual": {}, "epsEstimate": {}, "epsDifference": {}, "surprisePercent": {}, "quarter": {}, "period": "-4q"}, {"maxAge": 1, "epsActual": {}, "epsEstimate": {}, "epsDifference": {}, "surprisePercent": {}, "quarter": {}, "period": "-3q"}, {"maxAge": 1, "epsActual": {}, "epsEstimate": {}, "epsDifference": {}, "surprisePercent": {}, "quarter": {}, "period": "-2q"}, {"maxAge": 1, "epsActual": {}, "epsEstimate": {}, "epsDifference": {}, "surprisePercent": {}, "quarter": {}, "period": "-1q"}], "maxAge": 86400}, "indexTrend": {"maxAge": 1, "symbol": "SP5", "peRatio": 19.7411, "pegRatio": 1.34172, "estimates": [{"period": "0q", "growth": 0.549}, {"period": "+1q", "growth": 0.431}, {"period": "0y", "growth": 0.305}, {"period": "+1y", "growth": 0.109}, {"period": "+5y", "growth": 0.120859005}, {"period": "-5y"}]}, "industryTrend": {"maxAge": 1, "symbol": null, "estimates": []}, "insiderTransactions": {"transactions": [{"maxAge": 1, "shares": 300435, "filerUrl": "", "transactionText": "", "filerName": "ICICI Prudential Life Insurance Company, Ltd.", "filerRelation": "Promoter", "moneyText": "", "startDate": "2015-07-14", "ownership": "D"}, {"maxAge": 1, "shares": 1339025, "filerUrl": "", "transactionText": "", "filerName": "Emco Investments Pvt Ltd", "filerRelation": "Promoter", "moneyText": "", "startDate": "2015-03-04", "ownership": "D"}, {"maxAge": 1, "shares": 1100000, "filerUrl": "", "transactionText": "", "filerName": "Emco Investments Pvt Ltd", "filerRelation": "Promoter", "moneyText": "", "startDate": "2015-02-26", "ownership": "D"}, {"maxAge": 1, "shares": 3000, "filerUrl": "", "transactionText": "", "filerName": "Sudhakar (Amit)", "filerRelation": "Chief Financial Officer", "moneyText": "", "startDate": "2014-10-17", "ownership": "D"}, {"maxAge": 1, "shares": 101381, "filerUrl": "", "transactionText": "", "filerName": "Emco Investments Pvt Ltd", "filerRelation": "Promoter", "moneyText": "", "startDate": "2012-03-20", "ownership": "D"}, {"maxAge": 1, "shares": 127500, "filerUrl": "", "transactionText": "", "filerName": "Emco Investments Pvt Ltd", "filerRelation": "Promoter", "moneyText": "", "startDate": "2012-03-14", "ownership": "D"}, {"maxAge": 1, "shares": 780000, "filerUrl": "", "transactionText": "", "filerName": "Purna Properties & Investments Pvt Ltd", "filerRelation": "Promoter", "moneyText": "", "startDate": "2011-09-30", "ownership": "D"}, {"maxAge": 1, "shares": 325000, "filerUrl": "", "transactionText": "", "filerName": "Purna Properties & Investments Pvt Ltd", "filerRelation": "Promoter", "moneyText": "", "startDate": "2011-09-27", "ownership": "D"}, {"maxAge": 1, "shares": 225000, "filerUrl": "", "transactionText": "", "filerName": "Purna Properties & Investments Pvt Ltd", "filerRelation": "Promoter", "moneyText": "", "startDate": "2011-09-23", "ownership": "D"}, {"maxAge": 1, "shares": 190000, "filerUrl": "", "transactionText": "", "filerName": "Purna Properties & Investments Pvt Ltd", "filerRelation": "Promoter", "moneyText": "", "startDate": "2011-09-21", "ownership": "D"}, {"maxAge": 1, "shares": 215000, "filerUrl": "", "transactionText": "", "filerName": "Purna Properties & Investments Pvt Ltd", "filerRelation": "Promoter", "moneyText": "", "startDate": "2011-09-19", "ownership": "D"}, {"maxAge": 1, "shares": 178398, "filerUrl": "", "transactionText": "", "filerName": "Purna Properties & Investments Pvt Ltd", "filerRelation": "Promoter", "moneyText": "", "startDate": "2011-09-15", "ownership": "D"}, {"maxAge": 1, "shares": 182244, "filerUrl": "", "transactionText": "", "filerName": "Purna Properties & Investments Pvt Ltd", "filerRelation": "Promoter", "moneyText": "", "startDate": "2011-09-13", "ownership": "D"}, {"maxAge": 1, "shares": 73294, "filerUrl": "", "transactionText": "", "filerName": "JM Trustee Co., Ltd A/C JM Mutual Fund", "filerRelation": "Investment Advisor", "moneyText": "", "startDate": "2009-09-25", "ownership": "D"}], "maxAge": 1}, "quoteType": {"exchange": "BSE", "quoteType": "EQUITY", "symbol": "EMCO.BO", "underlyingSymbol": "EMCO.BO", "shortName": "EMCO LTD.", "longName": "EMCO Limited", "firstTradeDateEpochUtc": "1991-09-04 09:15:00", "timeZoneFullName": "Asia/Kolkata", "timeZoneShortName": "IST", "uuid": "fb15f896-0897-3dd3-9446-66df93996bb4", "messageBoardId": null, "gmtOffSetMilliseconds": 19800000, "maxAge": 1}, "incomeStatementHistory": {"incomeStatementHistory": [{"maxAge": 1, "endDate": "2019-03-31", "totalRevenue": 2298526000, "costOfRevenue": 2532780000, "grossProfit": -234254000, "researchDevelopment": {}, "sellingGeneralAdministrative": 308384000, "nonRecurring": {}, "otherOperatingExpenses": 2708606000, "totalOperatingExpenses": 5711913000, "operatingIncome": -3413387000, "totalOtherIncomeExpenseNet": -1518705000, "ebit": -3413387000, "interestExpense": -1630533000, "incomeBeforeTax": -4932092000, "incomeTaxExpense": -1432869000, "minorityInterest": 26000, "netIncomeFromContinuingOps": -3499223000, "discontinuedOperations": {}, "extraordinaryItems": {}, "effectOfAccountingCharges": {}, "otherItems": {}, "netIncome": -3499223000, "netIncomeApplicableToCommonShares": -3499223000}, {"maxAge": 1, "endDate": "2018-03-31", "totalRevenue": 3916981000, "costOfRevenue": 3461938000, "grossProfit": 455043000, "researchDevelopment": {}, "sellingGeneralAdministrative": 404113000, "nonRecurring": {}, "otherOperatingExpenses": 987930000, "totalOperatingExpenses": 5021203000, "operatingIncome": -1104222000, "totalOtherIncomeExpenseNet": -739898000, "ebit": -1104222000, "interestExpense": -1491211000, "incomeBeforeTax": -1844120000, "incomeTaxExpense": -726745000, "minorityInterest": 26000, "netIncomeFromContinuingOps": -1117375000, "discontinuedOperations": {}, "extraordinaryItems": {}, "effectOfAccountingCharges": {}, "otherItems": {}, "netIncome": -1117375000, "netIncomeApplicableToCommonShares": -1117375000}, {"maxAge": 1, "endDate": "2017-03-31", "totalRevenue": 8413475000, "costOfRevenue": 6465058000, "grossProfit": 1948417000, "researchDevelopment": {}, "sellingGeneralAdministrative": 475663000, "nonRecurring": {}, "otherOperatingExpenses": 711302000, "totalOperatingExpenses": 7832665000, "operatingIncome": 580810000, "totalOtherIncomeExpenseNet": -1525995000, "ebit": 580810000, "interestExpense": -1348429000, "incomeBeforeTax": -945185000, "incomeTaxExpense": -288735000, "minorityInterest": 26000, "netIncomeFromContinuingOps": -656450000, "discontinuedOperations": {}, "extraordinaryItems": {}, "effectOfAccountingCharges": {}, "otherItems": {}, "netIncome": -656450000, "netIncomeApplicableToCommonShares": -656450000}, {"maxAge": 1, "endDate": "2016-03-31", "totalRevenue": 8067851000, "costOfRevenue": 6180333000, "grossProfit": 1887518000, "researchDevelopment": {}, "sellingGeneralAdministrative": 426477000, "nonRecurring": {}, "otherOperatingExpenses": 812076000, "totalOperatingExpenses": 7615174000, "operatingIncome": 452677000, "totalOtherIncomeExpenseNet": -1122446000, "ebit": 452677000, "interestExpense": -1112259000, "incomeBeforeTax": -669769000, "incomeTaxExpense": -226661000, "minorityInterest": 26000, "netIncomeFromContinuingOps": -443108000, "discontinuedOperations": {}, "extraordinaryItems": {}, "effectOfAccountingCharges": {}, "otherItems": {}, "netIncome": -443108000, "netIncomeApplicableToCommonShares": -443108000}], "maxAge": 86400}, "fundOwnership": {"maxAge": 1, "ownershipList": []}, "summaryDetail": {"maxAge": 1, "priceHint": 4, "previousClose": 1.5, "open": 1.5, "dayLow": 1.43, "dayHigh": 1.55, "regularMarketPreviousClose": 1.5, "regularMarketOpen": 1.5, "regularMarketDayLow": 1.43, "regularMarketDayHigh": 1.55, "volume": 7395, "regularMarketVolume": 7395, "averageVolume": 21236, "averageVolume10days": 13028, "averageDailyVolume10Day": 13028, "bid": 1.5, "ask": 1.56, "bidSize": 0, "askSize": 0, "marketCap": 105259256, "fiftyTwoWeekLow": 0.37, "fiftyTwoWeekHigh": 2.95, "fiftyDayAverage": 2.1334286, "twoHundredDayAverage": 1.6549635, "trailingAnnualDividendRate": 0.1, "trailingAnnualDividendYield": 0.06666667, "currency": "INR", "fromCurrency": null, "toCurrency": null, "lastMarket": null, "algorithm": null, "tradeable": false}, "sectorTrend": {"maxAge": 1, "symbol": null, "estimates": []}, "incomeStatementHistoryQuarterly": {"incomeStatementHistory": [{"maxAge": 1, "endDate": "2006-03-31", "totalRevenue": 1698343000, "costOfRevenue": 1440696000, "grossProfit": 257647000, "researchDevelopment": {}, "sellingGeneralAdministrative": 264305000, "nonRecurring": {}, "otherOperatingExpenses": 68957000, "totalOperatingExpenses": 1789359000, "operatingIncome": -91016000, "totalOtherIncomeExpenseNet": 196007000, "ebit": -91016000, "interestExpense": -32010000, "incomeBeforeTax": 104991000, "incomeTaxExpense": 60491000, "minorityInterest": {}, "netIncomeFromContinuingOps": 44500000, "discontinuedOperations": {}, "extraordinaryItems": {}, "effectOfAccountingCharges": {}, "otherItems": {}, "netIncome": 44500000, "netIncomeApplicableToCommonShares": 44500000}, {"maxAge": 1, "endDate": "2005-12-31", "totalRevenue": 971238000, "costOfRevenue": 724046000, "grossProfit": 247192000, "researchDevelopment": {}, "sellingGeneralAdministrative": 29622000, "nonRecurring": {}, "otherOperatingExpenses": 68957000, "totalOperatingExpenses": 767695000, "operatingIncome": 203543000, "totalOtherIncomeExpenseNet": -125511000, "ebit": 203543000, "interestExpense": -33994000, "incomeBeforeTax": 78032000, "incomeTaxExpense": 17500000, "minorityInterest": {}, "netIncomeFromContinuingOps": 60532000, "discontinuedOperations": {}, "extraordinaryItems": {}, "effectOfAccountingCharges": {}, "otherItems": {}, "netIncome": 60532000, "netIncomeApplicableToCommonShares": 60532000}, {"maxAge": 1, "endDate": "2005-09-30", "totalRevenue": 761458000, "costOfRevenue": 567780000, "grossProfit": 193678000, "researchDevelopment": {}, "sellingGeneralAdministrative": 25816000, "nonRecurring": {}, "otherOperatingExpenses": 68957000, "totalOperatingExpenses": 607227000, "operatingIncome": 154231000, "totalOtherIncomeExpenseNet": -93535000, "ebit": 154231000, "interestExpense": -24152000, "incomeBeforeTax": 60696000, "incomeTaxExpense": 10019000, "minorityInterest": {}, "netIncomeFromContinuingOps": 50677000, "discontinuedOperations": {}, "extraordinaryItems": {}, "effectOfAccountingCharges": {}, "otherItems": {}, "netIncome": 50677000, "netIncomeApplicableToCommonShares": 50677000}, {"maxAge": 1, "endDate": "2005-06-30", "totalRevenue": 622662000, "costOfRevenue": 541607000, "grossProfit": 81055000, "researchDevelopment": {}, "sellingGeneralAdministrative": 25816000, "nonRecurring": {}, "otherOperatingExpenses": 68957000, "totalOperatingExpenses": 555088000, "operatingIncome": 67574000, "totalOtherIncomeExpenseNet": -27354000, "ebit": 67574000, "interestExpense": -27354000, "incomeBeforeTax": 40220000, "incomeTaxExpense": 5219000, "minorityInterest": {}, "netIncomeFromContinuingOps": 35001000, "discontinuedOperations": {}, "extraordinaryItems": {}, "effectOfAccountingCharges": {}, "otherItems": {}, "netIncome": 35001000, "netIncomeApplicableToCommonShares": 35001000}], "maxAge": 86400}, "cashflowStatementHistoryQuarterly": {"cashflowStatements": [{"maxAge": 1, "endDate": "2006-03-31", "netIncome": 44500000, "changeToLiabilities": 0}, {"maxAge": 1, "endDate": "2005-12-31", "netIncome": 60532000, "changeToLiabilities": 0}, {"maxAge": 1, "endDate": "2005-09-30", "netIncome": 50677000, "changeToLiabilities": 0}, {"maxAge": 1, "endDate": "2005-06-30", "netIncome": 35001000, "changeToLiabilities": 0}], "maxAge": 86400}, "insiderHolders": {"holders": [{"maxAge": 1, "name": "Emco Investments Pvt Ltd", "relation": "Promoter", "url": "", "transactionDescription": "Other", "latestTransDate": "2015-03-04", "positionDirect": 8355858, "positionDirectDate": "2015-03-04"}, {"maxAge": 1, "name": "ICICI Prudential Life Insurance Company, Ltd.", "relation": "Promoter", "url": "", "transactionDescription": "Sale", "latestTransDate": "2015-07-14", "positionDirect": 2537762, "positionDirectDate": "2015-07-14"}, {"maxAge": 1, "name": "JM Trustee Co., Ltd A/C JM Mutual Fund", "relation": "Investment Advisor", "url": "", "transactionDescription": "Sale", "latestTransDate": "2009-09-25", "positionDirect": 1844409, "positionDirectDate": "2009-09-25"}, {"maxAge": 1, "name": "Purna Properties & Investments Pvt Ltd", "relation": "Promoter", "url": "", "transactionDescription": "Acquisition", "latestTransDate": "2011-09-30", "positionDirect": 5687952, "positionDirectDate": "2011-09-30"}, {"maxAge": 1, "name": "Sudhakar (Amit)", "relation": "Chief Financial Officer", "url": "", "transactionDescription": "Acquisition", "latestTransDate": "2014-10-17", "positionDirect": 3000, "positionDirectDate": "2014-10-17"}], "maxAge": 1}, "earnings": {"maxAge": 86400, "earningsChart": {"quarterly": [], "earningsDate": ["2020-08-05 05:30:S"]}, "financialsChart": {"yearly": [{"date": 2016, "revenue": 8067851000, "earnings": -443108000}, {"date": 2017, "revenue": 8413475000, "earnings": -656450000}, {"date": 2018, "revenue": 3916981000, "earnings": -1117375000}, {"date": 2019, "revenue": 2298526000, "earnings": -3499223000}], "quarterly": [{"date": "2Q2005", "revenue": 622662000, "earnings": 35001000}, {"date": "3Q2005", "revenue": 761458000, "earnings": 50677000}, {"date": "4Q2005", "revenue": 971238000, "earnings": 60532000}, {"date": "1Q2006", "revenue": 1698343000, "earnings": 44500000}]}, "financialCurrency": "INR"}, "calendarEvents": {"maxAge": 1, "earnings": {"earningsDate": ["2020-08-05 05:30:S"]}}, "price": {"maxAge": 1, "regularMarketChangePercent": 0.0333333, "regularMarketChange": 0.049999952, "regularMarketTime": "2021-04-30 14:25:33", "priceHint": 4, "regularMarketPrice": 1.55, "regularMarketDayHigh": 1.55, "regularMarketDayLow": 1.43, "regularMarketVolume": 7395, "averageDailyVolume10Day": 13028, "averageDailyVolume3Month": 21236, "regularMarketPreviousClose": 1.5, "regularMarketSource": "FREE_REALTIME", "regularMarketOpen": 1.5, "exchange": "BSE", "exchangeName": "BSE", "exchangeDataDelayedBy": 0, "marketState": "CLOSED", "quoteType": "EQUITY", "symbol": "EMCO.BO", "underlyingSymbol": null, "shortName": "EMCO LTD.", "longName": "EMCO Limited", "currency": "INR", "quoteSourceName": "Delayed Quote", "currencySymbol": "\u20b9", "fromCurrency": null, "toCurrency": null, "lastMarket": null, "marketCap": 105259256}, "balanceSheetHistory": {"balanceSheetStatements": [{"maxAge": 1, "endDate": "2019-03-31", "cash": 61820000, "shortTermInvestments": 13910000, "netReceivables": 3689449000, "inventory": 1038888000, "otherCurrentAssets": 1980110000, "totalCurrentAssets": 6784177000, "longTermInvestments": 234115000, "propertyPlantEquipment": 2120959000, "goodWill": 2253000, "intangibleAssets": 70529000, "otherAssets": 2648420000, "deferredLongTermAssetCharges": 2490831000, "totalAssets": 11860453000, "accountsPayable": 1495435000, "otherCurrentLiab": 4381950000, "longTermDebt": 66696000, "otherLiab": 14463000, "minorityInterest": 26000, "totalCurrentLiabilities": 14642267000, "totalLiab": 14723426000, "commonStock": 135819000, "treasuryStock": -2998818000, "otherStockholderEquity": -2998818000, "totalStockholderEquity": -2862999000, "netTangibleAssets": -2935781000}, {"maxAge": 1, "endDate": "2018-03-31", "cash": 124332000, "netReceivables": 7927867000, "inventory": 1625806000, "otherCurrentAssets": 1135937000, "totalCurrentAssets": 10856395000, "longTermInvestments": 717792000, "propertyPlantEquipment": 2316621000, "goodWill": 2253000, "intangibleAssets": 9947000, "otherAssets": 1329153000, "deferredLongTermAssetCharges": 1057386000, "totalAssets": 15232161000, "accountsPayable": 1824640000, "shortLongTermDebt": 1253840000, "otherCurrentLiab": 1385871000, "longTermDebt": 226865000, "otherLiab": 7196000, "deferredLongTermLiab": 104058000, "totalCurrentLiabilities": 13726683000, "totalLiab": 13960744000, "commonStock": 135819000, "retainedEarnings": -1840199000, "treasuryStock": 108506000, "capitalSurplus": 2867291000, "otherStockholderEquity": 108506000, "totalStockholderEquity": 1271417000, "netTangibleAssets": 1259217000}, {"maxAge": 1, "endDate": "2017-03-31", "cash": 240757000, "netReceivables": 8950033000, "inventory": 1402211000, "otherCurrentAssets": 1301001000, "totalCurrentAssets": 11950732000, "longTermInvestments": 803676000, "propertyPlantEquipment": 2393735000, "goodWill": 2253000, "intangibleAssets": 56782000, "otherAssets": 612649000, "deferredLongTermAssetCharges": 333696000, "totalAssets": 15819827000, "accountsPayable": 1780966000, "shortLongTermDebt": 456599000, "otherCurrentLiab": 1026339000, "longTermDebt": 1020593000, "otherLiab": 9462000, "deferredLongTermLiab": 104059000, "totalCurrentLiabilities": 12085685000, "totalLiab": 13115740000, "commonStock": 135552000, "retainedEarnings": -450651000, "treasuryStock": 153762000, "capitalSurplus": 2865424000, "otherStockholderEquity": 153762000, "totalStockholderEquity": 2704087000, "netTangibleAssets": 2645052000}, {"maxAge": 1, "endDate": "2016-03-31", "cash": 29762000, "netReceivables": 8643416000, "inventory": 2060394000, "otherCurrentAssets": 959665000, "totalCurrentAssets": 11870176000, "longTermInvestments": 789528000, "propertyPlantEquipment": 2797177000, "goodWill": 2253000, "intangibleAssets": 75042000, "otherAssets": 321577000, "deferredLongTermAssetCharges": 50108000, "totalAssets": 15855753000, "accountsPayable": 2418092000, "shortLongTermDebt": 694893000, "otherCurrentLiab": 1213441000, "longTermDebt": 1659859000, "otherLiab": 13318000, "deferredLongTermLiab": 104058000, "totalCurrentLiabilities": 10987767000, "totalLiab": 12660944000, "commonStock": 135152000, "retainedEarnings": 288626000, "treasuryStock": -90245000, "capitalSurplus": 2861276000, "otherStockholderEquity": -90245000, "totalStockholderEquity": 3194809000, "netTangibleAssets": 3117514000}], "maxAge": 86400}, "earningsTrend": {"trend": [{"maxAge": 1, "period": "0q", "endDate": null, "growth": {}, "earningsEstimate": {"avg": 0.0, "low": 0.0, "high": 0.0, "yearAgoEps": {}, "numberOfAnalysts": 0, "growth": {}}, "revenueEstimate": {"avg": 0, "low": 0, "high": 0, "numberOfAnalysts": 0, "yearAgoRevenue": {}, "growth": {}}, "epsTrend": {"current": 0.0, "7daysAgo": 0.0, "30daysAgo": 0.0, "60daysAgo": 0.0, "90daysAgo": 0.0}, "epsRevisions": {"upLast7days": 0, "upLast30days": 0, "downLast30days": 0, "downLast90days": {}}}, {"maxAge": 1, "period": "+1q", "endDate": null, "growth": {}, "earningsEstimate": {"avg": 0.0, "low": 0.0, "high": 0.0, "yearAgoEps": {}, "numberOfAnalysts": 0, "growth": {}}, "revenueEstimate": {"avg": 0, "low": 0, "high": 0, "numberOfAnalysts": 0, "yearAgoRevenue": {}, "growth": {}}, "epsTrend": {"current": 0.0, "7daysAgo": 0.0, "30daysAgo": 0.0, "60daysAgo": 0.0, "90daysAgo": 0.0}, "epsRevisions": {"upLast7days": 0, "upLast30days": 0, "downLast30days": 0, "downLast90days": {}}}, {"maxAge": 1, "period": "0y", "endDate": null, "growth": {}, "earningsEstimate": {"avg": 0.0, "low": 0.0, "high": 0.0, "yearAgoEps": {}, "numberOfAnalysts": 0, "growth": {}}, "revenueEstimate": {"avg": 0, "low": 0, "high": 0, "numberOfAnalysts": 0, "yearAgoRevenue": {}, "growth": {}}, "epsTrend": {"current": 0.0, "7daysAgo": 0.0, "30daysAgo": 0.0, "60daysAgo": 0.0, "90daysAgo": 0.0}, "epsRevisions": {"upLast7days": 0, "upLast30days": 0, "downLast30days": 0, "downLast90days": {}}}, {"maxAge": 1, "period": "+1y", "endDate": null, "growth": {}, "earningsEstimate": {"avg": 0.0, "low": 0.0, "high": 0.0, "yearAgoEps": {}, "numberOfAnalysts": 0, "growth": {}}, "revenueEstimate": {"avg": 0, "low": 0, "high": 0, "numberOfAnalysts": 0, "yearAgoRevenue": {}, "growth": {}}, "epsTrend": {"current": 0.0, "7daysAgo": 0.0, "30daysAgo": 0.0, "60daysAgo": 0.0, "90daysAgo": 0.0}, "epsRevisions": {"upLast7days": 0, "upLast30days": 0, "downLast30days": 0, "downLast90days": {}}}, {"maxAge": 1, "period": "+5y", "endDate": null, "growth": {}, "earningsEstimate": {"avg": {}, "low": {}, "high": {}, "yearAgoEps": {}, "numberOfAnalysts": {}, "growth": {}}, "revenueEstimate": {"avg": {}, "low": {}, "high": {}, "numberOfAnalysts": {}, "yearAgoRevenue": {}, "growth": {}}, "epsTrend": {"current": {}, "7daysAgo": {}, "30daysAgo": {}, "60daysAgo": {}, "90daysAgo": {}}, "epsRevisions": {"upLast7days": {}, "upLast30days": {}, "downLast30days": {}, "downLast90days": {}}}, {"maxAge": 1, "period": "-5y", "endDate": null, "growth": {}, "earningsEstimate": {"avg": {}, "low": {}, "high": {}, "yearAgoEps": {}, "numberOfAnalysts": {}, "growth": {}}, "revenueEstimate": {"avg": {}, "low": {}, "high": {}, "numberOfAnalysts": {}, "yearAgoRevenue": {}, "growth": {}}, "epsTrend": {"current": {}, "7daysAgo": {}, "30daysAgo": {}, "60daysAgo": {}, "90daysAgo": {}}, "epsRevisions": {"upLast7days": {}, "upLast30days": {}, "downLast30days": {}, "downLast90days": {}}}], "maxAge": 1}, "financialData": {"maxAge": 86400, "currentPrice": 1.55, "targetHighPrice": 30.0, "targetLowPrice": 30.0, "targetMeanPrice": 30.0, "targetMedianPrice": 30.0, "recommendationKey": "none", "numberOfAnalystOpinions": 1, "grossProfits": -234254000, "financialCurrency": "INR"}}}