{"EMERALD.BO": {"cashflowStatementHistory": {"cashflowStatements": [{"maxAge": 1, "endDate": "2020-03-31", "netIncome": 12904000, "depreciation": 312000, "changeToNetincome": 2658000, "changeToAccountReceivables": 3246000, "changeToLiabilities": 7107000, "changeToOperatingActivities": -63749000, "totalCashFromOperatingActivities": -37061000, "capitalExpenditures": -341000, "otherCashflowsFromInvestingActivities": -1835000, "totalCashflowsFromInvestingActivities": -2176000, "netBorrowings": 16490000, "otherCashflowsFromFinancingActivities": -4413000, "totalCashFromFinancingActivities": 12077000, "changeInCash": -27160000}, {"maxAge": 1, "endDate": "2019-03-31", "netIncome": 11848000, "depreciation": 260000, "changeToNetincome": 287000, "changeToAccountReceivables": -104000, "changeToLiabilities": 140000, "changeToOperatingActivities": -61939000, "totalCashFromOperatingActivities": -49414000, "capitalExpenditures": -669000, "otherCashflowsFromInvestingActivities": -1835000, "totalCashflowsFromInvestingActivities": -669000, "netBorrowings": 1054000, "otherCashflowsFromFinancingActivities": -1621000, "totalCashFromFinancingActivities": 75495000, "changeInCash": 25412000, "issuanceOfStock": 76062000}, {"maxAge": 1, "endDate": "2018-03-31", "netIncome": 5644000, "depreciation": 188000, "changeToNetincome": 410000, "changeToAccountReceivables": -8753000, "changeToLiabilities": 6369000, "changeToOperatingActivities": -3203000, "totalCashFromOperatingActivities": 751000, "capitalExpenditures": -264000, "otherCashflowsFromInvestingActivities": -661000, "totalCashflowsFromInvestingActivities": -925000, "netBorrowings": 8307000, "otherCashflowsFromFinancingActivities": -423000, "totalCashFromFinancingActivities": 13634000, "changeInCash": 13460000, "issuanceOfStock": 5750000}, {"maxAge": 1, "endDate": "2017-03-31", "netIncome": 1920000, "depreciation": 146000, "changeToNetincome": -1000, "changeToAccountReceivables": -23000, "changeToLiabilities": 2704000, "changeToOperatingActivities": -9604000, "totalCashFromOperatingActivities": -4831000, "capitalExpenditures": -328000, "otherCashflowsFromInvestingActivities": -661000, "totalCashflowsFromInvestingActivities": -9228000, "netBorrowings": 8307000, "otherCashflowsFromFinancingActivities": -423000, "totalCashFromFinancingActivities": 18025000, "changeInCash": 3966000, "issuanceOfStock": 18025000}], "maxAge": 86400}, "institutionOwnership": {"ownershipList": [], "maxAge": 1}, "balanceSheetHistoryQuarterly": {"balanceSheetStatements": [{"maxAge": 1, "endDate": "2020-06-30", "totalStockholderEquity": 149148000, "netTangibleAssets": 149148000}, {"maxAge": 1, "endDate": "2020-03-31", "cash": 15939000, "netReceivables": 172351000, "otherCurrentAssets": 6569000, "totalCurrentAssets": 194859000, "propertyPlantEquipment": 796000, "totalAssets": 195655000, "otherCurrentLiab": 5027000, "longTermDebt": 25851000, "minorityInterest": 3409000, "totalCurrentLiabilities": 17247000, "totalLiab": 43098000, "commonStock": 90437000, "retainedEarnings": 29837000, "capitalSurplus": 28874000, "totalStockholderEquity": 149148000, "netTangibleAssets": 149148000}, {"maxAge": 1, "endDate": "2019-12-31", "totalStockholderEquity": 146873000, "netTangibleAssets": 146873000}, {"maxAge": 1, "endDate": "2019-09-30", "cash": 22371000, "shortTermInvestments": 1085000, "netReceivables": 175768000, "otherCurrentAssets": 3137000, "totalCurrentAssets": 202361000, "propertyPlantEquipment": 818000, "totalAssets": 203179000, "otherCurrentLiab": 15175000, "longTermDebt": 39055000, "minorityInterest": 2076000, "totalCurrentLiabilities": 15175000, "totalLiab": 54230000, "commonStock": 90437000, "treasuryStock": 56436000, "otherStockholderEquity": 56436000, "totalStockholderEquity": 146873000, "netTangibleAssets": 146873000}], "maxAge": 86400}, "indexTrend": {"maxAge": 1, "symbol": "SP5", "peRatio": 19.7411, "pegRatio": 1.34172, "estimates": [{"period": "0q", "growth": 0.549}, {"period": "+1q", "growth": 0.431}, {"period": "0y", "growth": 0.305}, {"period": "+1y", "growth": 0.109}, {"period": "+5y", "growth": 0.120859005}, {"period": "-5y"}]}, "quoteType": {"exchange": "BSE", "quoteType": "EQUITY", "symbol": "EMERALD.BO", "underlyingSymbol": "EMERALD.BO", "shortName": "Emerald Leasing Finance & Inve", "longName": "Emerald Leasing Finance and Investment Company Limited", "firstTradeDateEpochUtc": "2015-01-14 09:15:00", "timeZoneFullName": "Asia/Kolkata", "timeZoneShortName": "IST", "uuid": "d2bbb8fe-2805-300b-9642-37b073850ab3", "gmtOffSetMilliseconds": 19800000, "maxAge": 1}, "incomeStatementHistory": {"incomeStatementHistory": [{"maxAge": 1, "endDate": "2020-03-31", "totalRevenue": 78255000, "costOfRevenue": 143000, "grossProfit": 78112000, "researchDevelopment": {}, "sellingGeneralAdministrative": 12824000, "nonRecurring": {}, "otherOperatingExpenses": 43322000, "totalOperatingExpenses": 57288000, "operatingIncome": 20967000, "totalOtherIncomeExpenseNet": -4372000, "ebit": 20967000, "interestExpense": -4413000, "incomeBeforeTax": 16595000, "incomeTaxExpense": 3691000, "minorityInterest": 3409000, "netIncomeFromContinuingOps": 12904000, "discontinuedOperations": {}, "extraordinaryItems": {}, "effectOfAccountingCharges": {}, "otherItems": {}, "netIncome": 12904000, "netIncomeApplicableToCommonShares": 12904000}, {"maxAge": 1, "endDate": "2019-03-31", "totalRevenue": 67036000, "costOfRevenue": 219000, "grossProfit": 66817000, "researchDevelopment": {}, "sellingGeneralAdministrative": 6469000, "nonRecurring": {}, "otherOperatingExpenses": 42149000, "totalOperatingExpenses": 49097000, "operatingIncome": 17939000, "totalOtherIncomeExpenseNet": -1621000, "ebit": 17939000, "interestExpense": -1621000, "incomeBeforeTax": 16318000, "incomeTaxExpense": 4470000, "minorityInterest": 2076000, "netIncomeFromContinuingOps": 11848000, "discontinuedOperations": {}, "extraordinaryItems": {}, "effectOfAccountingCharges": {}, "otherItems": {}, "netIncome": 11848000, "netIncomeApplicableToCommonShares": 11848000}, {"maxAge": 1, "endDate": "2018-03-31", "totalRevenue": 43736000, "costOfRevenue": 213000, "grossProfit": 43523000, "researchDevelopment": {}, "sellingGeneralAdministrative": 6956000, "nonRecurring": {}, "otherOperatingExpenses": 28356000, "totalOperatingExpenses": 35713000, "operatingIncome": 8023000, "totalOtherIncomeExpenseNet": -410000, "ebit": 8023000, "interestExpense": -423000, "incomeBeforeTax": 7613000, "incomeTaxExpense": 1969000, "minorityInterest": 1774000, "netIncomeFromContinuingOps": 5644000, "discontinuedOperations": {}, "extraordinaryItems": {}, "effectOfAccountingCharges": {}, "otherItems": {}, "netIncome": 5644000, "netIncomeApplicableToCommonShares": 5644000}, {"maxAge": 1, "endDate": "2017-03-31", "totalRevenue": 17293000, "costOfRevenue": 149000, "grossProfit": 17144000, "researchDevelopment": {}, "sellingGeneralAdministrative": 5214000, "nonRecurring": {}, "otherOperatingExpenses": 8388000, "totalOperatingExpenses": 14539000, "operatingIncome": 2754000, "totalOtherIncomeExpenseNet": -16000, "ebit": 2754000, "interestExpense": -16000, "incomeBeforeTax": 2738000, "incomeTaxExpense": 818000, "minorityInterest": 1666000, "netIncomeFromContinuingOps": 1920000, "discontinuedOperations": {}, "extraordinaryItems": {}, "effectOfAccountingCharges": {}, "otherItems": {}, "netIncome": 1920000, "netIncomeApplicableToCommonShares": 1920000}], "maxAge": 86400}, "fundOwnership": {"ownershipList": [], "maxAge": 1}, "summaryDetail": {"maxAge": 1, "priceHint": 2, "previousClose": 12.12, "open": 12.59, "dayLow": 12.49, "dayHigh": 13.15, "regularMarketPreviousClose": 12.12, "regularMarketOpen": 12.59, "regularMarketDayLow": 12.49, "regularMarketDayHigh": 13.15, "trailingPE": 12.075298, "volume": 771, "regularMarketVolume": 771, "averageVolume": 15789, "averageVolume10days": 22020, "averageDailyVolume10Day": 22020, "bid": 12.5, "ask": 13.14, "bidSize": 0, "askSize": 0, "marketCap": 118923992, "fiftyTwoWeekLow": 5.73, "fiftyTwoWeekHigh": 17.4, "fiftyDayAverage": 13.610388, "twoHundredDayAverage": 11.086519, "trailingAnnualDividendRate": 0.25, "trailingAnnualDividendYield": 0.020627063, "currency": "INR", "fromCurrency": null, "lastMarket": null, "algorithm": null, "tradeable": false}, "incomeStatementHistoryQuarterly": {"incomeStatementHistory": [{"maxAge": 1, "endDate": "2020-06-30", "totalRevenue": 7491179, "costOfRevenue": 0, "grossProfit": 7491179, "researchDevelopment": {}, "sellingGeneralAdministrative": 1622250, "nonRecurring": {}, "otherOperatingExpenses": 2910868, "totalOperatingExpenses": 4533118, "operatingIncome": 2958061, "totalOtherIncomeExpenseNet": -960288, "ebit": 2958061, "interestExpense": -960288, "incomeBeforeTax": 1997773, "incomeTaxExpense": 457091, "minorityInterest": {}, "netIncomeFromContinuingOps": 1540682, "discontinuedOperations": {}, "extraordinaryItems": {}, "effectOfAccountingCharges": {}, "otherItems": {}, "netIncome": 1540682, "netIncomeApplicableToCommonShares": 1540682}, {"maxAge": 1, "endDate": "2020-03-31", "totalRevenue": 23065000, "costOfRevenue": 143000, "grossProfit": 22922000, "researchDevelopment": {}, "sellingGeneralAdministrative": 4815000, "nonRecurring": {}, "otherOperatingExpenses": 13806000, "totalOperatingExpenses": 19763000, "operatingIncome": 3302000, "totalOtherIncomeExpenseNet": -1763000, "ebit": 3302000, "interestExpense": -1804000, "incomeBeforeTax": 1539000, "incomeTaxExpense": 138000, "minorityInterest": 3409000, "netIncomeFromContinuingOps": 1401000, "discontinuedOperations": {}, "extraordinaryItems": {}, "effectOfAccountingCharges": {}, "otherItems": {}, "netIncome": 1401000, "netIncomeApplicableToCommonShares": 1401000}, {"maxAge": 1, "endDate": "2019-12-31", "totalRevenue": 20174000, "costOfRevenue": 0, "grossProfit": 20174000, "researchDevelopment": {}, "sellingGeneralAdministrative": 2851000, "nonRecurring": {}, "otherOperatingExpenses": 11063000, "totalOperatingExpenses": 13914000, "operatingIncome": 6260000, "totalOtherIncomeExpenseNet": -883000, "ebit": 6260000, "interestExpense": -883000, "incomeBeforeTax": 5377000, "incomeTaxExpense": 1117000, "minorityInterest": 3409000, "netIncomeFromContinuingOps": 4260000, "discontinuedOperations": {}, "extraordinaryItems": {}, "effectOfAccountingCharges": {}, "otherItems": {}, "netIncome": 4260000, "netIncomeApplicableToCommonShares": 4260000}, {"maxAge": 1, "endDate": "2019-09-30", "totalRevenue": 17238000, "costOfRevenue": 0, "grossProfit": 17238000, "researchDevelopment": {}, "sellingGeneralAdministrative": 2754000, "nonRecurring": {}, "otherOperatingExpenses": 9753000, "totalOperatingExpenses": 12507000, "operatingIncome": 4731000, "totalOtherIncomeExpenseNet": -1333000, "ebit": 4731000, "interestExpense": -1333000, "incomeBeforeTax": 3398000, "incomeTaxExpense": 760000, "minorityInterest": 2076000, "netIncomeFromContinuingOps": 2638000, "discontinuedOperations": {}, "extraordinaryItems": {}, "effectOfAccountingCharges": {}, "otherItems": {}, "netIncome": 2638000, "netIncomeApplicableToCommonShares": 2638000}], "maxAge": 86400}, "cashflowStatementHistoryQuarterly": {"cashflowStatements": [{"maxAge": 1, "endDate": "2020-06-30", "netIncome": 1540682, "changeToLiabilities": 0}, {"maxAge": 1, "endDate": "2020-03-31", "netIncome": 1401000, "changeToLiabilities": 0}, {"maxAge": 1, "endDate": "2019-12-31", "netIncome": 4260000, "changeToLiabilities": 0}, {"maxAge": 1, "endDate": "2019-09-30", "netIncome": 2638000, "changeToLiabilities": 0}], "maxAge": 86400}, "insiderHolders": {"holders": [], "maxAge": 1}, "calendarEvents": {"maxAge": 1, "earnings": {"earningsDate": []}}, "upgradeDowngradeHistory": {"history": [], "maxAge": 86400}, "price": {"maxAge": 1, "regularMarketChangePercent": 0.084983476, "regularMarketChange": 1.0299997, "regularMarketTime": "2021-04-30 15:19:17", "priceHint": 2, "regularMarketPrice": 13.15, "regularMarketDayHigh": 13.15, "regularMarketDayLow": 12.49, "regularMarketVolume": 771, "averageDailyVolume10Day": 22020, "averageDailyVolume3Month": 15789, "regularMarketPreviousClose": 12.12, "regularMarketSource": "FREE_REALTIME", "regularMarketOpen": 12.59, "exchange": "BSE", "exchangeName": "BSE", "exchangeDataDelayedBy": 0, "marketState": "CLOSED", "quoteType": "EQUITY", "symbol": "EMERALD.BO", "underlyingSymbol": null, "shortName": "Emerald Leasing Finance & Inve", "longName": "Emerald Leasing Finance and Investment Company Limited", "currency": "INR", "quoteSourceName": "Delayed Quote", "currencySymbol": "\u20b9", "fromCurrency": null, "lastMarket": null, "marketCap": 118923992}, "balanceSheetHistory": {"balanceSheetStatements": [{"maxAge": 1, "endDate": "2020-03-31", "cash": 15939000, "netReceivables": 172351000, "otherCurrentAssets": 6569000, "totalCurrentAssets": 194859000, "propertyPlantEquipment": 796000, "totalAssets": 195655000, "otherCurrentLiab": 5027000, "longTermDebt": 25851000, "minorityInterest": 3409000, "totalCurrentLiabilities": 17247000, "totalLiab": 43098000, "commonStock": 90437000, "retainedEarnings": 29837000, "capitalSurplus": 28874000, "totalStockholderEquity": 149148000, "netTangibleAssets": 149148000}, {"maxAge": 1, "endDate": "2019-03-31", "cash": 43099000, "netReceivables": 112676000, "otherCurrentAssets": 4368000, "totalCurrentAssets": 160143000, "propertyPlantEquipment": 784000, "totalAssets": 160927000, "otherCurrentLiab": 4665000, "longTermDebt": 9361000, "minorityInterest": 2076000, "totalCurrentLiabilities": 10140000, "totalLiab": 19501000, "commonStock": 90437000, "retainedEarnings": 20039000, "capitalSurplus": 28874000, "totalStockholderEquity": 139350000, "netTangibleAssets": 139350000}, {"maxAge": 1, "endDate": "2018-03-31", "cash": 17687000, "netReceivables": 52770000, "otherCurrentAssets": 2324000, "totalCurrentAssets": 72781000, "propertyPlantEquipment": 407000, "totalAssets": 73188000, "otherCurrentLiab": 6503000, "longTermDebt": 8307000, "minorityInterest": 1774000, "totalCurrentLiabilities": 10000000, "totalLiab": 18307000, "commonStock": 30450000, "retainedEarnings": 9557000, "capitalSurplus": 13100000, "totalStockholderEquity": 53107000, "netTangibleAssets": 53107000}, {"maxAge": 1, "endDate": "2017-03-31", "cash": 4227000, "netReceivables": 41547000, "otherCurrentAssets": 1012000, "totalCurrentAssets": 46786000, "propertyPlantEquipment": 333000, "totalAssets": 47119000, "otherCurrentLiab": 2654000, "minorityInterest": 1666000, "totalCurrentLiabilities": 3632000, "totalLiab": 3632000, "commonStock": 30450000, "retainedEarnings": 3913000, "capitalSurplus": 7458000, "totalStockholderEquity": 41821000, "netTangibleAssets": 41821000}], "maxAge": 86400}, "financialData": {"maxAge": 86400, "currentPrice": 13.15, "recommendationKey": "none", "grossProfits": 78112000, "financialCurrency": "INR"}}}