{"EML.BO": {"cashflowStatementHistory": {"cashflowStatements": [{"maxAge": 1, "endDate": "2020-03-31", "netIncome": 92000, "depreciation": 356000, "changeToNetincome": -147000, "changeToAccountReceivables": -716000, "changeToLiabilities": -729000, "changeToInventory": 462000, "changeToOperatingActivities": 2000, "totalCashFromOperatingActivities": -680000, "capitalExpenditures": -166000, "investments": 31985000, "otherCashflowsFromInvestingActivities": -860000, "totalCashflowsFromInvestingActivities": -4524000, "netBorrowings": 4700000, "totalCashFromFinancingActivities": 4700000, "changeInCash": -504000}, {"maxAge": 1, "endDate": "2019-03-31", "netIncome": 290969, "depreciation": 154009, "changeToNetincome": -315229, "changeToAccountReceivables": -716000, "changeToLiabilities": 0, "changeToInventory": 462000, "changeToOperatingActivities": -1250949, "totalCashFromOperatingActivities": -1121200, "capitalExpenditures": -1079755, "investments": 3500000, "otherCashflowsFromInvestingActivities": -4446424, "totalCashflowsFromInvestingActivities": -2026179, "netBorrowings": 2277005, "totalCashFromFinancingActivities": 2277005, "changeInCash": -870374}, {"maxAge": 1, "endDate": "2018-03-31", "netIncome": 552998, "depreciation": 32983, "changeToNetincome": -315229, "changeToAccountReceivables": -716000, "changeToLiabilities": 0, "changeToInventory": 462000, "changeToOperatingActivities": -14593256, "totalCashFromOperatingActivities": -14007275, "capitalExpenditures": -277393, "investments": -8345000, "otherCashflowsFromInvestingActivities": 20652320, "totalCashflowsFromInvestingActivities": 12029927, "netBorrowings": 2277005, "totalCashFromFinancingActivities": 2277005, "changeInCash": -1977348}, {"maxAge": 1, "endDate": "2017-03-31", "netIncome": 1736981, "depreciation": 19638, "changeToNetincome": -315229, "changeToAccountReceivables": -716000, "changeToLiabilities": 0, "changeToInventory": 462000, "changeToOperatingActivities": -6815707, "totalCashFromOperatingActivities": -5059088, "capitalExpenditures": -277393, "investments": 12522500, "otherCashflowsFromInvestingActivities": -2509903, "totalCashflowsFromInvestingActivities": 10012597, "netBorrowings": 2277005, "totalCashFromFinancingActivities": 2277005, "changeInCash": 4953509}], "maxAge": 86400}, "institutionOwnership": {"ownershipList": [], "maxAge": 1}, "balanceSheetHistoryQuarterly": {"balanceSheetStatements": [{"maxAge": 1, "endDate": "2020-06-30", "totalStockholderEquity": 154943000, "netTangibleAssets": 154943000}, {"maxAge": 1, "endDate": "2020-03-31", "cash": 2349000, "netReceivables": 30831000, "inventory": 2522000, "otherCurrentAssets": 39000, "totalCurrentAssets": 35741000, "longTermInvestments": 57560000, "propertyPlantEquipment": 942000, "otherAssets": 69750000, "deferredLongTermAssetCharges": 54000, "totalAssets": 163993000, "accountsPayable": 2555000, "otherCurrentLiab": 519000, "longTermDebt": 5977000, "otherLiab": -1000, "totalCurrentLiabilities": 3074000, "totalLiab": 9050000, "commonStock": 145765000, "treasuryStock": 9178000, "otherStockholderEquity": 9178000, "totalStockholderEquity": 154943000, "netTangibleAssets": 154943000}, {"maxAge": 1, "endDate": "2019-12-31", "totalStockholderEquity": 154422000, "netTangibleAssets": 154422000}, {"maxAge": 1, "endDate": "2019-09-30", "cash": 3787000, "netReceivables": 30964000, "inventory": 2744000, "otherCurrentAssets": 551000, "totalCurrentAssets": 38046000, "longTermInvestments": 68560000, "propertyPlantEquipment": 1130000, "otherAssets": 56530000, "deferredLongTermAssetCharges": 7000, "totalAssets": 164266000, "accountsPayable": 1407000, "otherCurrentLiab": 460000, "longTermDebt": 6977000, "otherLiab": 1000000, "totalCurrentLiabilities": 1867000, "totalLiab": 9844000, "commonStock": 145765000, "treasuryStock": 8657000, "otherStockholderEquity": 8657000, "totalStockholderEquity": 154422000, "netTangibleAssets": 154422000}], "maxAge": 86400}, "indexTrend": {"maxAge": 1, "symbol": "SP5", "peRatio": 19.7411, "pegRatio": 1.34172, "estimates": [{"period": "0q", "growth": 0.549}, {"period": "+1q", "growth": 0.431}, {"period": "0y", "growth": 0.305}, {"period": "+1y", "growth": 0.109}, {"period": "+5y", "growth": 0.120859005}, {"period": "-5y"}]}, "quoteType": {"exchange": "BSE", "quoteType": "EQUITY", "symbol": "EML.BO", "underlyingSymbol": "EML.BO", "shortName": "EJECTA MARKETING LIMITED", "longName": "Ejecta Marketing Limited", "firstTradeDateEpochUtc": "2014-09-19 09:15:00", "timeZoneFullName": "Asia/Kolkata", "timeZoneShortName": "IST", "uuid": "70403e59-be27-3a39-a528-566c98bed90a", "gmtOffSetMilliseconds": 19800000, "maxAge": 1}, "incomeStatementHistory": {"incomeStatementHistory": [{"maxAge": 1, "endDate": "2020-03-31", "totalRevenue": 7336000, "costOfRevenue": 5202000, "grossProfit": 2134000, "researchDevelopment": {}, "sellingGeneralAdministrative": 1305000, "nonRecurring": {}, "otherOperatingExpenses": 3875000, "totalOperatingExpenses": 10738000, "operatingIncome": -3402000, "totalOtherIncomeExpenseNet": 3536000, "ebit": -3402000, "interestExpense": {}, "incomeBeforeTax": 134000, "incomeTaxExpense": 42000, "minorityInterest": {}, "netIncomeFromContinuingOps": 92000, "discontinuedOperations": {}, "extraordinaryItems": {}, "effectOfAccountingCharges": {}, "otherItems": {}, "netIncome": 92000, "netIncomeApplicableToCommonShares": 92000}, {"maxAge": 1, "endDate": "2019-03-31", "totalRevenue": 8755820, "costOfRevenue": 6767217, "grossProfit": 1988603, "researchDevelopment": {}, "sellingGeneralAdministrative": 1687138, "nonRecurring": {}, "otherOperatingExpenses": 1951353, "totalOperatingExpenses": 10559717, "operatingIncome": -1803897, "totalOtherIncomeExpenseNet": 2197098, "ebit": -1803897, "interestExpense": -85562, "incomeBeforeTax": 393201, "incomeTaxExpense": 102232, "minorityInterest": {}, "netIncomeFromContinuingOps": 290969, "discontinuedOperations": {}, "extraordinaryItems": {}, "effectOfAccountingCharges": {}, "otherItems": {}, "netIncome": 290969, "netIncomeApplicableToCommonShares": 290969}, {"maxAge": 1, "endDate": "2018-03-31", "totalRevenue": 8169809, "costOfRevenue": 6133298, "grossProfit": 2036511, "researchDevelopment": {}, "sellingGeneralAdministrative": 1680764, "nonRecurring": {}, "otherOperatingExpenses": 1562552, "totalOperatingExpenses": 9409597, "operatingIncome": -1239788, "totalOtherIncomeExpenseNet": 2040075, "ebit": -1239788, "interestExpense": -85562, "incomeBeforeTax": 800287, "incomeTaxExpense": 247289, "minorityInterest": {}, "netIncomeFromContinuingOps": 552998, "discontinuedOperations": {}, "extraordinaryItems": {}, "effectOfAccountingCharges": {}, "otherItems": {}, "netIncome": 552998, "netIncomeApplicableToCommonShares": 552998}, {"maxAge": 1, "endDate": "2017-03-31", "totalRevenue": 958650, "costOfRevenue": 377300, "grossProfit": 581350, "researchDevelopment": {}, "sellingGeneralAdministrative": 1284383, "nonRecurring": {}, "otherOperatingExpenses": 1356956, "totalOperatingExpenses": 3038277, "operatingIncome": -2079627, "totalOtherIncomeExpenseNet": 4593348, "ebit": -2079627, "interestExpense": -85562, "incomeBeforeTax": 2513721, "incomeTaxExpense": 776740, "minorityInterest": {}, "netIncomeFromContinuingOps": 1736981, "discontinuedOperations": {}, "extraordinaryItems": {}, "effectOfAccountingCharges": {}, "otherItems": {}, "netIncome": 1736981, "netIncomeApplicableToCommonShares": 1736981}], "maxAge": 86400}, "fundOwnership": {"ownershipList": [], "maxAge": 1}, "summaryDetail": {"maxAge": 1, "priceHint": 4, "previousClose": 1.48, "open": 1.41, "dayLow": 1.41, "dayHigh": 1.41, "regularMarketPreviousClose": 1.48, "regularMarketOpen": 1.41, "regularMarketDayLow": 1.41, "regularMarketDayHigh": 1.41, "volume": 12165, "regularMarketVolume": 12165, "averageVolume": 3060, "averageVolume10days": 1746, "averageDailyVolume10Day": 1746, "bid": 0.0, "ask": 1.71, "bidSize": 0, "askSize": 0, "marketCap": 20552864, "fiftyTwoWeekLow": 0.19, "fiftyTwoWeekHigh": 1.41, "fiftyDayAverage": 0.44030303, "twoHundredDayAverage": 0.4339706, "currency": "INR", "fromCurrency": null, "lastMarket": null, "algorithm": null, "tradeable": false}, "incomeStatementHistoryQuarterly": {"incomeStatementHistory": [{"maxAge": 1, "endDate": "2020-06-30", "totalRevenue": 24000, "costOfRevenue": 1195000, "grossProfit": -1171000, "researchDevelopment": {}, "sellingGeneralAdministrative": 118000, "nonRecurring": {}, "otherOperatingExpenses": 501000, "totalOperatingExpenses": 1875000, "operatingIncome": -1851000, "totalOtherIncomeExpenseNet": 1056000, "ebit": -1851000, "interestExpense": {}, "incomeBeforeTax": -795000, "incomeTaxExpense": 0, "minorityInterest": {}, "netIncomeFromContinuingOps": -795000, "discontinuedOperations": {}, "extraordinaryItems": {}, "effectOfAccountingCharges": {}, "otherItems": {}, "netIncome": -795000, "netIncomeApplicableToCommonShares": -795000}, {"maxAge": 1, "endDate": "2020-03-31", "totalRevenue": 2353000, "costOfRevenue": 1971000, "grossProfit": 382000, "researchDevelopment": {}, "sellingGeneralAdministrative": 212000, "nonRecurring": {}, "otherOperatingExpenses": 1145000, "totalOperatingExpenses": 3414000, "operatingIncome": -1061000, "totalOtherIncomeExpenseNet": 1536000, "ebit": -1061000, "interestExpense": {}, "incomeBeforeTax": 475000, "incomeTaxExpense": -11000, "minorityInterest": {}, "netIncomeFromContinuingOps": 486000, "discontinuedOperations": {}, "extraordinaryItems": {}, "effectOfAccountingCharges": {}, "otherItems": {}, "netIncome": 486000, "netIncomeApplicableToCommonShares": 486000}, {"maxAge": 1, "endDate": "2019-12-31", "totalRevenue": 1642000, "costOfRevenue": 961000, "grossProfit": 681000, "researchDevelopment": {}, "sellingGeneralAdministrative": 334000, "nonRecurring": {}, "otherOperatingExpenses": 994000, "totalOperatingExpenses": 2349000, "operatingIncome": -707000, "totalOtherIncomeExpenseNet": 826000, "ebit": -707000, "interestExpense": {}, "incomeBeforeTax": 119000, "incomeTaxExpense": 0, "minorityInterest": {}, "netIncomeFromContinuingOps": 119000, "discontinuedOperations": {}, "extraordinaryItems": {}, "effectOfAccountingCharges": {}, "otherItems": {}, "netIncome": 119000, "netIncomeApplicableToCommonShares": 119000}, {"maxAge": 1, "endDate": "2019-09-30", "totalRevenue": 1094000, "costOfRevenue": 954000, "grossProfit": 140000, "researchDevelopment": {}, "sellingGeneralAdministrative": 374000, "nonRecurring": {}, "otherOperatingExpenses": 954000, "totalOperatingExpenses": 2382000, "operatingIncome": -1288000, "totalOtherIncomeExpenseNet": 624000, "ebit": -1288000, "interestExpense": {}, "incomeBeforeTax": -664000, "incomeTaxExpense": 53000, "minorityInterest": {}, "netIncomeFromContinuingOps": -717000, "discontinuedOperations": {}, "extraordinaryItems": {}, "effectOfAccountingCharges": {}, "otherItems": {}, "netIncome": -717000, "netIncomeApplicableToCommonShares": -717000}], "maxAge": 86400}, "cashflowStatementHistoryQuarterly": {"cashflowStatements": [{"maxAge": 1, "endDate": "2020-06-30", "netIncome": -795000, "changeToLiabilities": 0}, {"maxAge": 1, "endDate": "2020-03-31", "netIncome": 486000, "changeToLiabilities": 0}, {"maxAge": 1, "endDate": "2019-12-31", "netIncome": 119000, "changeToLiabilities": 0}, {"maxAge": 1, "endDate": "2019-09-30", "netIncome": -717000, "changeToLiabilities": 0}], "maxAge": 86400}, "insiderHolders": {"holders": [], "maxAge": 1}, "calendarEvents": {"maxAge": 1, "earnings": {"earningsDate": ["2020-09-09 05:30:S"]}}, "upgradeDowngradeHistory": {"history": [], "maxAge": 86400}, "price": {"maxAge": 1, "regularMarketChangePercent": -0.047297336, "regularMarketChange": -0.07000005, "regularMarketTime": "2021-04-30 15:22:27", "priceHint": 4, "regularMarketPrice": 1.41, "regularMarketDayHigh": 1.41, "regularMarketDayLow": 1.41, "regularMarketVolume": 12165, "averageDailyVolume10Day": 1746, "averageDailyVolume3Month": 3060, "regularMarketPreviousClose": 1.48, "regularMarketSource": "FREE_REALTIME", "regularMarketOpen": 1.41, "exchange": "BSE", "exchangeName": "BSE", "exchangeDataDelayedBy": 0, "marketState": "CLOSED", "quoteType": "EQUITY", "symbol": "EML.BO", "underlyingSymbol": null, "shortName": "EJECTA MARKETING LIMITED", "longName": "Ejecta Marketing Limited", "currency": "INR", "quoteSourceName": "Delayed Quote", "currencySymbol": "\u20b9", "fromCurrency": null, "lastMarket": null, "marketCap": 20552864}, "balanceSheetHistory": {"balanceSheetStatements": [{"maxAge": 1, "endDate": "2020-03-31", "cash": 2349000, "netReceivables": 30831000, "inventory": 2522000, "otherCurrentAssets": 39000, "totalCurrentAssets": 35741000, "longTermInvestments": 57560000, "propertyPlantEquipment": 942000, "otherAssets": 69750000, "deferredLongTermAssetCharges": 54000, "totalAssets": 163993000, "accountsPayable": 2555000, "otherCurrentLiab": 519000, "longTermDebt": 5977000, "otherLiab": -1000, "totalCurrentLiabilities": 3074000, "totalLiab": 9050000, "commonStock": 145765000, "treasuryStock": 9178000, "otherStockholderEquity": 9178000, "totalStockholderEquity": 154943000, "netTangibleAssets": 154943000}, {"maxAge": 1, "endDate": "2019-03-31", "cash": 2854015, "netReceivables": 30114931, "inventory": 2984117, "otherCurrentAssets": 194105, "totalCurrentAssets": 36147168, "longTermInvestments": 89559500, "propertyPlantEquipment": 1183097, "otherAssets": 34002187, "deferredLongTermAssetCharges": 7690, "totalAssets": 160891952, "accountsPayable": 3284801, "otherCurrentLiab": 395280, "longTermDebt": 2277005, "totalCurrentLiabilities": 3680081, "totalLiab": 5957086, "commonStock": 145765000, "retainedEarnings": 4882527, "treasuryStock": 4287339, "otherStockholderEquity": 4287339, "totalStockholderEquity": 154934866, "netTangibleAssets": 154934866}, {"maxAge": 1, "endDate": "2018-03-31", "cash": 3724389, "netReceivables": 27270015, "inventory": 2436483, "otherCurrentAssets": 423896, "totalCurrentAssets": 33854783, "longTermInvestments": 93059500, "propertyPlantEquipment": 257351, "otherAssets": 28948073, "totalAssets": 156119707, "accountsPayable": 501845, "otherCurrentLiab": 666426, "totalCurrentLiabilities": 1168271, "totalLiab": 1168271, "commonStock": 145765000, "retainedEarnings": 4899097, "treasuryStock": 4287339, "otherStockholderEquity": 4287339, "totalStockholderEquity": 154951436, "netTangibleAssets": 154951436}, {"maxAge": 1, "endDate": "2017-03-31", "cash": 5701737, "netReceivables": 14679506, "otherCurrentAssets": 602000, "totalCurrentAssets": 20983243, "longTermInvestments": 84714500, "propertyPlantEquipment": 12941, "otherAssets": 49600393, "totalAssets": 155311077, "otherCurrentLiab": 2515246, "totalCurrentLiabilities": 2531746, "totalLiab": 2531746, "commonStock": 145765000, "retainedEarnings": 2726992, "treasuryStock": 4287339, "otherStockholderEquity": 4287339, "totalStockholderEquity": 152779331, "netTangibleAssets": 152779331}], "maxAge": 86400}, "financialData": {"maxAge": 86400, "currentPrice": 1.41, "recommendationKey": "none", "grossProfits": 2134000, "financialCurrency": "INR"}}}