{"EMMBI.NS": {"assetProfile": {"address1": "Valecha Chambers", "address2": "3rd Floor Opposite Infiniti Mall New Link Road, Andheri (West)", "city": "Mumbai", "zip": "400053", "country": "India", "phone": "91 22 4672 5555", "fax": "91 22 6784 5506", "website": "http://www.emmbi.com", "industry": "Packaging & Containers", "sector": "Consumer Cyclical", "longBusinessSummary": "Emmbi Industries Limited engages in the manufacturing, trading, and selling of woven polymer based products in India. It operates through four segments: Specialty Packaging, Advance Composites, Water Conservation, and Agro Polymers. The company provides various specialty flexible intermediate bulk containers (FIBCs), such as standard, tunnel lift, single and two loops, and ventilated and net, as well as woven sacks, and garden waste and skip bags; box bags, including bale bags, automobile covers, and lumber covers; and woven fabrics, which include silt fence, sandwich fabrics, roofing underlayment, and tarpaulin. It also offers baffle, conductive liners, anti-corrosive, rodent repellent, and fire-retardant packaging bags, as well as de-watering, tamper evidence, and self-standing FIBCs; fall arrest systems; and carrier bags used for containing and transportation of asbestos. In addition, the company provides geo textile bags, canal and pond liner, flexi tank, and flood control bags. Further, it offers ground cover, weed mats, and mulch films used for weed control; crop covers to manage soil erosion, soil fertility, soil quality, water, weeds, pests, diseases, biodiversity, and wildlife in an agroecosystem. Additionally, the company provides industrial sling bags, a packaging solution for transport of heavy sacks; and protective furniture covers. It also exports its products. The company was formerly known as Emmbi Polyarns Limited and changed its name to Emmbi Industries Limited in July 2013. Emmbi Industries Limited was founded in 1994 and is headquartered in Mumbai, India.", "companyOfficers": [{"maxAge": 1, "name": "Mr. Makrand Moreshwar Appalwar", "age": 51, "title": "Founder, Exec. Chairman & MD", "yearBorn": 1969, "fiscalYear": 2020, "totalPay": 7839600, "exercisedValue": 0, "unexercisedValue": 0}, {"maxAge": 1, "name": "Ms. Rinku Makrand Appalwar BSc Chemistry, DMM, DAM", "age": 49, "title": "Founder, CFO & Exec. Director", "yearBorn": 1971, "fiscalYear": 2020, "totalPay": 7239600, "exercisedValue": 0, "unexercisedValue": 0}, {"maxAge": 1, "name": "Mr. Kaushal R. Patvi", "title": "Compliance Officer & Company Sec.", "fiscalYear": 2020, "totalPay": 1335597, "exercisedValue": 0, "unexercisedValue": 0}, {"maxAge": 1, "name": "S.  Sastry", "title": "Pres of Works", "exercisedValue": 0, "unexercisedValue": 0}, {"maxAge": 1, "name": "Mr. Krishnan Iyer Subramanian", "age": 51, "title": "Whole-time Director", "yearBorn": 1969, "fiscalYear": 2020, "totalPay": 1500000, "exercisedValue": 0, "unexercisedValue": 0}, {"maxAge": 1, "name": "Mr. Anil  Amonkar", "age": 69, "title": "VP of Domestic", "yearBorn": 1951, "exercisedValue": 0, "unexercisedValue": 0}, {"maxAge": 1, "name": "Mr. Vijay  Bisne", "age": 50, "title": "Gen. Mang. of Production", "yearBorn": 1970, "exercisedValue": 0, "unexercisedValue": 0}, {"maxAge": 1, "name": "Mr. Mahesh  Shastri", "age": 49, "title": "Gen. Mang. of Commercial", "yearBorn": 1971, "exercisedValue": 0, "unexercisedValue": 0}, {"maxAge": 1, "name": "Mr. Toyesh  Garg", "age": 51, "title": "Mang. of Sales \u00c2\u0096 Exports", "yearBorn": 1969, "exercisedValue": 0, "unexercisedValue": 0}], "compensationAsOfEpochDate": "2020-12-31 05:30:00", "maxAge": 86400}, "recommendationTrend": {"trend": [{"period": "0m", "strongBuy": 0, "buy": 0, "hold": 0, "sell": 0, "strongSell": 0}, {"period": "-1m", "strongBuy": 1, "buy": 2, "hold": 0, "sell": 0, "strongSell": 0}, {"period": "-2m", "strongBuy": 1, "buy": 2, "hold": 0, "sell": 0, "strongSell": 0}, {"period": "-3m", "strongBuy": 1, "buy": 2, "hold": 0, "sell": 0, "strongSell": 0}], "maxAge": 86400}, "cashflowStatementHistory": {"cashflowStatements": [{"maxAge": 1, "endDate": "2020-03-31", "netIncome": 146270000, "depreciation": 69730000, "changeToNetincome": 121910000, "changeToAccountReceivables": -71160000, "changeToLiabilities": -8830000, "changeToInventory": -57430000, "totalCashFromOperatingActivities": 200490000, "capitalExpenditures": -148220000, "investments": -8740000, "otherCashflowsFromInvestingActivities": 1310000, "totalCashflowsFromInvestingActivities": -186700000, "dividendsPaid": -8840000, "netBorrowings": 107540000, "otherCashflowsFromFinancingActivities": -121450000, "totalCashFromFinancingActivities": -22750000, "changeInCash": -8960000}, {"maxAge": 1, "endDate": "2019-03-31", "netIncome": 177900000, "depreciation": 62600000, "changeToNetincome": 95430000, "changeToAccountReceivables": -82990000, "changeToLiabilities": 39030000, "changeToInventory": -32810000, "totalCashFromOperatingActivities": 259160000, "capitalExpenditures": -132770000, "investments": 1920000, "otherCashflowsFromInvestingActivities": 1060000, "totalCashflowsFromInvestingActivities": -166270000, "dividendsPaid": -8840000, "netBorrowings": 102480000, "otherCashflowsFromFinancingActivities": -184460000, "totalCashFromFinancingActivities": -90820000, "changeInCash": 2070000}, {"maxAge": 1, "endDate": "2018-03-31", "netIncome": 152620000, "depreciation": 53070000, "changeToNetincome": 114030000, "changeToAccountReceivables": 10090000, "changeToLiabilities": 34440000, "changeToInventory": -63680000, "totalCashFromOperatingActivities": 300570000, "capitalExpenditures": -261730000, "investments": -11010000, "otherCashflowsFromInvestingActivities": 750000, "totalCashflowsFromInvestingActivities": -312720000, "dividendsPaid": -8850000, "netBorrowings": 68040000, "otherCashflowsFromFinancingActivities": -24350000, "totalCashFromFinancingActivities": 34840000, "changeInCash": 22690000}, {"maxAge": 1, "endDate": "2017-03-31", "netIncome": 124350000, "depreciation": 41660000, "changeToNetincome": 94200000, "changeToAccountReceivables": -62400000, "changeToLiabilities": 62620000, "changeToInventory": -62880000, "totalCashFromOperatingActivities": 197550000, "capitalExpenditures": -262070000, "investments": -70000, "otherCashflowsFromInvestingActivities": 880000, "totalCashflowsFromInvestingActivities": -273280000, "dividendsPaid": -8850000, "netBorrowings": 162830000, "otherCashflowsFromFinancingActivities": -84460000, "totalCashFromFinancingActivities": 69520000, "changeInCash": -6220000}], "maxAge": 86400}, "indexTrend": {"maxAge": 1, "symbol": "SP5", "peRatio": 19.7411, "pegRatio": 1.34172, "estimates": [{"period": "0q", "growth": 0.549}, {"period": "+1q", "growth": 0.431}, {"period": "0y", "growth": 0.305}, {"period": "+1y", "growth": 0.109}, {"period": "+5y", "growth": 0.120865}, {"period": "-5y"}]}, "defaultKeyStatistics": {"maxAge": 1, "priceHint": 2, "enterpriseValue": 2649706496, "forwardPE": 4.953416, "profitMargins": 0.03262, "floatShares": 6765400, "sharesOutstanding": 17690200, "heldPercentInsiders": 0.68073, "heldPercentInstitutions": 0.02726, "beta": 0.899954, "category": null, "bookValue": 73.445, "priceToBook": 1.0858465, "fundFamily": null, "legalType": null, "lastFiscalYearEnd": "2020-03-31 05:30:00", "nextFiscalYearEnd": "2022-03-31 05:30:00", "mostRecentQuarter": "2020-12-31 05:30:00", "earningsQuarterlyGrowth": -0.346, "netIncomeToCommon": 83560000, "trailingEps": 4.729, "forwardEps": 10.4, "pegRatio": 1.1, "lastSplitFactor": null, "enterpriseToRevenue": 1.035, "enterpriseToEbitda": 10.47}, "industryTrend": {"maxAge": 1, "symbol": null, "estimates": []}, "quoteType": {"exchange": "NSI", "quoteType": "EQUITY", "symbol": "EMMBI.NS", "underlyingSymbol": "EMMBI.NS", "shortName": "EMMBI INDUSTRIES", "longName": "Emmbi Industries Limited", "firstTradeDateEpochUtc": "2010-02-24 09:15:00", "timeZoneFullName": "Asia/Kolkata", "timeZoneShortName": "IST", "uuid": "a49c16a4-9a24-3222-9a3e-55288ce073dd", "gmtOffSetMilliseconds": 19800000, "maxAge": 1}, "incomeStatementHistory": {"incomeStatementHistory": [{"maxAge": 1, "endDate": "2020-03-31", "totalRevenue": 3039330000, "costOfRevenue": 2006110000, "grossProfit": 1033220000, "researchDevelopment": {}, "sellingGeneralAdministrative": 194230000, "nonRecurring": {}, "otherOperatingExpenses": 498910000, "totalOperatingExpenses": 2768980000, "operatingIncome": 270350000, "totalOtherIncomeExpenseNet": -83710000, "ebit": 270350000, "interestExpense": -98960000, "incomeBeforeTax": 186640000, "incomeTaxExpense": 40370000, "minorityInterest": {}, "netIncomeFromContinuingOps": 146270000, "discontinuedOperations": {}, "extraordinaryItems": {}, "effectOfAccountingCharges": {}, "otherItems": {}, "netIncome": 146270000, "netIncomeApplicableToCommonShares": 146270000}, {"maxAge": 1, "endDate": "2019-03-31", "totalRevenue": 2890080000, "costOfRevenue": 1882130000, "grossProfit": 1007950000, "researchDevelopment": {}, "sellingGeneralAdministrative": 172260000, "nonRecurring": {}, "otherOperatingExpenses": 449830000, "totalOperatingExpenses": 2566820000, "operatingIncome": 323260000, "totalOtherIncomeExpenseNet": -84230000, "ebit": 323260000, "interestExpense": -97200000, "incomeBeforeTax": 239030000, "incomeTaxExpense": 61130000, "minorityInterest": {}, "netIncomeFromContinuingOps": 177900000, "discontinuedOperations": {}, "extraordinaryItems": {}, "effectOfAccountingCharges": {}, "otherItems": {}, "netIncome": 177900000, "netIncomeApplicableToCommonShares": 177900000}, {"maxAge": 1, "endDate": "2018-03-31", "totalRevenue": 2544740000, "costOfRevenue": 1707100000, "grossProfit": 837640000, "researchDevelopment": {}, "sellingGeneralAdministrative": 137580000, "nonRecurring": {}, "otherOperatingExpenses": 377160000, "totalOperatingExpenses": 2274910000, "operatingIncome": 269830000, "totalOtherIncomeExpenseNet": -64690000, "ebit": 269830000, "interestExpense": -82720000, "incomeBeforeTax": 205140000, "incomeTaxExpense": 52520000, "minorityInterest": {}, "netIncomeFromContinuingOps": 152620000, "discontinuedOperations": {}, "extraordinaryItems": {}, "effectOfAccountingCharges": {}, "otherItems": {}, "netIncome": 152620000, "netIncomeApplicableToCommonShares": 152620000}, {"maxAge": 1, "endDate": "2017-03-31", "totalRevenue": 2290700000, "costOfRevenue": 1566370000, "grossProfit": 724330000, "researchDevelopment": {}, "sellingGeneralAdministrative": 87900000, "nonRecurring": {}, "otherOperatingExpenses": 345420000, "totalOperatingExpenses": 2041350000, "operatingIncome": 249350000, "totalOtherIncomeExpenseNet": -77140000, "ebit": 249350000, "interestExpense": -70890000, "incomeBeforeTax": 172210000, "incomeTaxExpense": 47860000, "minorityInterest": {}, "netIncomeFromContinuingOps": 124350000, "discontinuedOperations": {}, "extraordinaryItems": {}, "effectOfAccountingCharges": {}, "otherItems": {}, "netIncome": 124350000, "netIncomeApplicableToCommonShares": 124350000}], "maxAge": 86400}, "fundOwnership": {"ownershipList": [], "maxAge": 1}, "summaryDetail": {"maxAge": 1, "priceHint": 2, "previousClose": 81.45, "open": 80.95, "dayLow": 78.65, "dayHigh": 82.45, "regularMarketPreviousClose": 81.45, "regularMarketOpen": 80.95, "regularMarketDayLow": 78.65, "regularMarketDayHigh": 82.45, "dividendRate": 0.4, "dividendYield": 0.0049, "exDividendDate": "2020-09-03 05:30:00", "payoutRatio": 0.0846, "fiveYearAvgDividendYield": 0.42, "beta": 0.899954, "trailingPE": 16.86403, "forwardPE": 7.6682696, "volume": 14403, "regularMarketVolume": 14403, "averageVolume": 81034, "averageVolume10days": 171558, "averageDailyVolume10Day": 171558, "bid": 0.0, "ask": 0.0, "bidSize": 0, "askSize": 0, "marketCap": 1415123840, "fiftyTwoWeekLow": 47.0, "fiftyTwoWeekHigh": 101.85, "priceToSalesTrailing12Months": 0.5525065, "fiftyDayAverage": 81.89706, "twoHundredDayAverage": 79.33865, "trailingAnnualDividendRate": 0.4, "trailingAnnualDividendYield": 0.0049109887, "currency": "INR", "fromCurrency": null, "lastMarket": null, "algorithm": null, "tradeable": false}, "insiderHolders": {"holders": [{"maxAge": 1, "name": "Appalwar (Maithili Makrand)", "relation": "Promoter", "url": "", "transactionDescription": "Other", "latestTransDate": "2016-03-30", "positionDirect": 1061750, "positionDirectDate": "2016-03-30"}, {"maxAge": 1, "name": "Appalwar (Makrand Moreshwar)", "relation": "Executive Chairman", "url": "", "transactionDescription": "Other", "latestTransDate": "2016-07-22", "positionDirect": 3822125, "positionDirectDate": "2016-07-22"}, {"maxAge": 1, "name": "Appalwar (Mitravinda Moreshwar)", "relation": "Promoter", "url": "", "transactionDescription": "Other", "latestTransDate": "2016-07-22", "positionDirect": 233575, "positionDirectDate": "2016-07-22"}, {"maxAge": 1, "name": "Appalwar (Rinku Makrand)", "relation": "Director (Executive)", "url": "", "transactionDescription": "Acquisition", "latestTransDate": "2021-03-31", "positionDirect": 2366746, "positionDirectDate": "2021-03-31"}, {"maxAge": 1, "name": "Emmbi Laboratories Pvt Ltd", "relation": "Promoter", "url": "", "transactionDescription": "Acquisition", "latestTransDate": "2015-12-10", "positionDirect": 1655100, "positionDirectDate": "2015-12-10"}], "maxAge": 1}, "calendarEvents": {"maxAge": 1, "earnings": {"earningsDate": []}, "exDividendDate": "2020-09-03 05:30:00"}, "upgradeDowngradeHistory": {"history": [], "maxAge": 86400}, "price": {"maxAge": 1, "regularMarketChangePercent": -0.020871663, "regularMarketChange": -1.699997, "regularMarketTime": "2021-04-30 15:29:50", "priceHint": 2, "regularMarketPrice": 79.75, "regularMarketDayHigh": 82.45, "regularMarketDayLow": 78.65, "regularMarketVolume": 14403, "averageDailyVolume10Day": 171558, "averageDailyVolume3Month": 81034, "regularMarketPreviousClose": 81.45, "regularMarketSource": "FREE_REALTIME", "regularMarketOpen": 80.95, "exchange": "NSI", "exchangeName": "NSE", "exchangeDataDelayedBy": 15, "marketState": "CLOSED", "quoteType": "EQUITY", "symbol": "EMMBI.NS", "underlyingSymbol": null, "shortName": "EMMBI INDUSTRIES", "longName": "Emmbi Industries Limited", "currency": "INR", "quoteSourceName": "Delayed Quote", "currencySymbol": "\u20b9", "fromCurrency": null, "lastMarket": null, "marketCap": 1415123840}, "balanceSheetHistory": {"balanceSheetStatements": [{"maxAge": 1, "endDate": "2020-03-31", "cash": 18740000, "shortTermInvestments": 17830000, "netReceivables": 520100000, "inventory": 786790000, "otherCurrentAssets": 134420000, "totalCurrentAssets": 1504430000, "longTermInvestments": 1210000, "propertyPlantEquipment": 1211130000, "intangibleAssets": 106680000, "otherAssets": 161740000, "deferredLongTermAssetCharges": 21090000, "totalAssets": 2985190000, "accountsPayable": 264390000, "shortLongTermDebt": 83440000, "otherCurrentLiab": 22230000, "longTermDebt": 358920000, "otherLiab": 256750000, "totalCurrentLiabilities": 1085800000, "totalLiab": 1701470000, "commonStock": 176900000, "retainedEarnings": 834160000, "treasuryStock": 10000, "capitalSurplus": 272650000, "otherStockholderEquity": 10000, "totalStockholderEquity": 1283720000, "netTangibleAssets": 1177040000}, {"maxAge": 1, "endDate": "2019-03-31", "cash": 27690000, "shortTermInvestments": 9480000, "netReceivables": 451560000, "inventory": 729360000, "otherCurrentAssets": 130040000, "totalCurrentAssets": 1373270000, "longTermInvestments": 820000, "propertyPlantEquipment": 1118910000, "intangibleAssets": 91800000, "otherAssets": 140890000, "deferredLongTermAssetCharges": 23070000, "totalAssets": 2725690000, "accountsPayable": 272870000, "shortLongTermDebt": 80900000, "otherCurrentLiab": 22600000, "longTermDebt": 355230000, "otherLiab": 235850000, "totalCurrentLiabilities": 984990000, "totalLiab": 1576070000, "commonStock": 176900000, "retainedEarnings": 700070000, "capitalSurplus": 272650000, "totalStockholderEquity": 1149620000, "netTangibleAssets": 1057820000}, {"maxAge": 1, "endDate": "2018-03-31", "cash": 25620000, "shortTermInvestments": 10880000, "netReceivables": 370490000, "inventory": 696550000, "otherCurrentAssets": 161260000, "totalCurrentAssets": 1284510000, "longTermInvestments": 1350000, "propertyPlantEquipment": 1038320000, "intangibleAssets": 66490000, "otherAssets": 93070000, "deferredLongTermAssetCharges": 30830000, "totalAssets": 2483740000, "accountsPayable": 240720000, "shortLongTermDebt": 68220000, "otherCurrentLiab": 15630000, "longTermDebt": 381240000, "otherLiab": 276880000, "totalCurrentLiabilities": 843250000, "totalLiab": 1501370000, "commonStock": 176900000, "retainedEarnings": 532810000, "treasuryStock": 10000, "capitalSurplus": 272650000, "otherStockholderEquity": 10000, "totalStockholderEquity": 982370000, "netTangibleAssets": 915880000}, {"maxAge": 1, "endDate": "2017-03-31", "cash": 2930000, "shortTermInvestments": 550000, "netReceivables": 383240000, "inventory": 632870000, "otherCurrentAssets": 51090000, "totalCurrentAssets": 1085830000, "longTermInvestments": 650000, "propertyPlantEquipment": 821000000, "intangibleAssets": 35360000, "otherAssets": 57560000, "deferredLongTermAssetCharges": 14490000, "totalAssets": 2000400000, "accountsPayable": 213480000, "shortLongTermDebt": 38700000, "otherCurrentLiab": 8390000, "longTermDebt": 151500000, "otherLiab": 146820000, "totalCurrentLiabilities": 857570000, "totalLiab": 1155890000, "commonStock": 176900000, "retainedEarnings": 394950000, "treasuryStock": 10000, "capitalSurplus": 272650000, "otherStockholderEquity": 10000, "totalStockholderEquity": 844510000, "netTangibleAssets": 809150000}], "maxAge": 86400}, "earningsTrend": {"trend": [{"maxAge": 1, "period": "0q", "endDate": "2018-06-30", "growth": {}, "earningsEstimate": {"avg": 0.0, "low": 0.0, "high": 0.0, "yearAgoEps": {}, "numberOfAnalysts": 0, "growth": {}}, "revenueEstimate": {"avg": 0, "low": 0, "high": 0, "numberOfAnalysts": 0, "yearAgoRevenue": {}, "growth": {}}, "epsTrend": {"current": 0.0, "7daysAgo": 0.0, "30daysAgo": 0.0, "60daysAgo": 0.0, "90daysAgo": 0.0}, "epsRevisions": {"upLast7days": 0, "upLast30days": 0, "downLast30days": 0, "downLast90days": {}}}, {"maxAge": 1, "period": "+1q", "endDate": "2018-09-30", "growth": {}, "earningsEstimate": {"avg": 0.0, "low": 0.0, "high": 0.0, "yearAgoEps": 2.01, "numberOfAnalysts": 0, "growth": {}}, "revenueEstimate": {"avg": 0, "low": 0, "high": 0, "numberOfAnalysts": 0, "yearAgoRevenue": {}, "growth": {}}, "epsTrend": {"current": 0.0, "7daysAgo": 0.0, "30daysAgo": 0.0, "60daysAgo": 0.0, "90daysAgo": 0.0}, "epsRevisions": {"upLast7days": 0, "upLast30days": 0, "downLast30days": 0, "downLast90days": {}}}, {"maxAge": 1, "period": "0y", "endDate": "2019-03-31", "growth": 0.33, "earningsEstimate": {"avg": 11.48, "low": 10.3, "high": 13.8, "yearAgoEps": 8.63, "numberOfAnalysts": 3, "growth": 0.33}, "revenueEstimate": {"avg": 2989030000, "low": 2852000000, "high": 3202600000, "numberOfAnalysts": 3, "yearAgoRevenue": 2544750000, "growth": 0.175}, "epsTrend": {"current": 11.48, "7daysAgo": 11.48, "30daysAgo": 11.48, "60daysAgo": 12.08, "90daysAgo": 11.85}, "epsRevisions": {"upLast7days": 0, "upLast30days": 0, "downLast30days": 0, "downLast90days": {}}}, {"maxAge": 1, "period": "+1y", "endDate": "2020-03-31", "growth": 0.402, "earningsEstimate": {"avg": 16.1, "low": 13.4, "high": 18.8, "yearAgoEps": 11.48, "numberOfAnalysts": 2, "growth": 0.402}, "revenueEstimate": {"avg": 3371050000, "low": 3221000000, "high": 3521100000, "numberOfAnalysts": 2, "yearAgoRevenue": 2989030000, "growth": 0.128}, "epsTrend": {"current": 16.1, "7daysAgo": 16.1, "30daysAgo": 16.1, "60daysAgo": 18.8, "90daysAgo": 18.8}, "epsRevisions": {"upLast7days": 0, "upLast30days": 0, "downLast30days": 0, "downLast90days": {}}}, {"maxAge": 1, "period": "+5y", "endDate": null, "growth": 0.11399999, "earningsEstimate": {"avg": {}, "low": {}, "high": {}, "yearAgoEps": {}, "numberOfAnalysts": {}, "growth": {}}, "revenueEstimate": {"avg": {}, "low": {}, "high": {}, "numberOfAnalysts": {}, "yearAgoRevenue": {}, "growth": {}}, "epsTrend": {"current": {}, "7daysAgo": {}, "30daysAgo": {}, "60daysAgo": {}, "90daysAgo": {}}, "epsRevisions": {"upLast7days": {}, "upLast30days": {}, "downLast30days": {}, "downLast90days": {}}}, {"maxAge": 1, "period": "-5y", "endDate": null, "growth": 0.36374, "earningsEstimate": {"avg": {}, "low": {}, "high": {}, "yearAgoEps": {}, "numberOfAnalysts": {}, "growth": {}}, "revenueEstimate": {"avg": {}, "low": {}, "high": {}, "numberOfAnalysts": {}, "yearAgoRevenue": {}, "growth": {}}, "epsTrend": {"current": {}, "7daysAgo": {}, "30daysAgo": {}, "60daysAgo": {}, "90daysAgo": {}}, "epsRevisions": {"upLast7days": {}, "upLast30days": {}, "downLast30days": {}, "downLast90days": {}}}], "maxAge": 1}, "institutionOwnership": {"ownershipList": [], "maxAge": 1}, "majorHoldersBreakdown": {"maxAge": 1, "insidersPercentHeld": 0.68073, "institutionsPercentHeld": 0.02726, "institutionsFloatPercentHeld": 0.085389994, "institutionsCount": 1}, "balanceSheetHistoryQuarterly": {"balanceSheetStatements": [{"maxAge": 1, "endDate": "2020-12-31", "totalStockholderEquity": 1298240000, "netTangibleAssets": 1184280000}, {"maxAge": 1, "endDate": "2020-09-30", "cash": 31070000, "netReceivables": 496660000, "inventory": 805020000, "otherCurrentAssets": 162960000, "totalCurrentAssets": 1495710000, "longTermInvestments": 12540000, "propertyPlantEquipment": 1211930000, "intangibleAssets": 113960000, "otherAssets": 156470000, "deferredLongTermAssetCharges": 21090000, "totalAssets": 2990610000, "accountsPayable": 189740000, "shortLongTermDebt": 125010000, "otherCurrentLiab": 10000, "longTermDebt": 325030000, "otherLiab": 261610000, "totalCurrentLiabilities": 1105730000, "totalLiab": 1692370000, "commonStock": 176900000, "treasuryStock": 1121340000, "otherStockholderEquity": 1121340000, "totalStockholderEquity": 1298240000, "netTangibleAssets": 1184280000}, {"maxAge": 1, "endDate": "2020-06-30", "totalStockholderEquity": 1283720000, "netTangibleAssets": 1177040000}, {"maxAge": 1, "endDate": "2020-03-31", "cash": 18740000, "shortTermInvestments": 17830000, "netReceivables": 520100000, "inventory": 786790000, "otherCurrentAssets": 134420000, "totalCurrentAssets": 1504430000, "longTermInvestments": 1210000, "propertyPlantEquipment": 1211130000, "intangibleAssets": 106680000, "otherAssets": 161740000, "deferredLongTermAssetCharges": 21090000, "totalAssets": 2985190000, "accountsPayable": 264390000, "shortLongTermDebt": 83440000, "otherCurrentLiab": 22230000, "longTermDebt": 358920000, "otherLiab": 256750000, "totalCurrentLiabilities": 1085800000, "totalLiab": 1701470000, "commonStock": 176900000, "retainedEarnings": 834160000, "treasuryStock": 10000, "capitalSurplus": 272650000, "otherStockholderEquity": 10000, "totalStockholderEquity": 1283720000, "netTangibleAssets": 1177040000}], "maxAge": 86400}, "earningsHistory": {"history": [{"maxAge": 1, "epsActual": {}, "epsEstimate": {}, "epsDifference": {}, "surprisePercent": {}, "quarter": {}, "period": "-4q"}, {"maxAge": 1, "epsActual": 2.01, "epsEstimate": 1.8, "epsDifference": 0.21, "surprisePercent": 0.117, "quarter": "2017-06-30", "period": "-3q"}, {"maxAge": 1, "epsActual": 2.2, "epsEstimate": 1.91, "epsDifference": 0.29, "surprisePercent": 0.152, "quarter": "2017-12-31", "period": "-2q"}, {"maxAge": 1, "epsActual": 2.3, "epsEstimate": 2.43, "epsDifference": -0.13, "surprisePercent": -0.053000003, "quarter": "2018-03-31", "period": "-1q"}], "maxAge": 86400}, "summaryProfile": {"address1": "Valecha Chambers", "address2": "3rd Floor Opposite Infiniti Mall New Link Road, Andheri (West)", "city": "Mumbai", "zip": "400053", "country": "India", "phone": "91 22 4672 5555", "fax": "91 22 6784 5506", "website": "http://www.emmbi.com", "industry": "Packaging & Containers", "sector": "Consumer Cyclical", "longBusinessSummary": "Emmbi Industries Limited engages in the manufacturing, trading, and selling of woven polymer based products in India. It operates through four segments: Specialty Packaging, Advance Composites, Water Conservation, and Agro Polymers. The company provides various specialty flexible intermediate bulk containers (FIBCs), such as standard, tunnel lift, single and two loops, and ventilated and net, as well as woven sacks, and garden waste and skip bags; box bags, including bale bags, automobile covers, and lumber covers; and woven fabrics, which include silt fence, sandwich fabrics, roofing underlayment, and tarpaulin. It also offers baffle, conductive liners, anti-corrosive, rodent repellent, and fire-retardant packaging bags, as well as de-watering, tamper evidence, and self-standing FIBCs; fall arrest systems; and carrier bags used for containing and transportation of asbestos. In addition, the company provides geo textile bags, canal and pond liner, flexi tank, and flood control bags. Further, it offers ground cover, weed mats, and mulch films used for weed control; crop covers to manage soil erosion, soil fertility, soil quality, water, weeds, pests, diseases, biodiversity, and wildlife in an agroecosystem. Additionally, the company provides industrial sling bags, a packaging solution for transport of heavy sacks; and protective furniture covers. It also exports its products. The company was formerly known as Emmbi Polyarns Limited and changed its name to Emmbi Industries Limited in July 2013. Emmbi Industries Limited was founded in 1994 and is headquartered in Mumbai, India.", "companyOfficers": [], "maxAge": 86400}, "netSharePurchaseActivity": {"maxAge": 1, "period": "6m", "buyInfoCount": 0, "buyInfoShares": 0, "sellInfoCount": 0, "netInfoCount": 0, "netInfoShares": 0, "netPercentInsiderShares": 0.0, "totalInsiderShares": 12033054}, "insiderTransactions": {"transactions": [{"maxAge": 1, "shares": 19436, "value": 24427, "filerUrl": "", "transactionText": "Acquisition at price 1.26 per share.", "filerName": "Appalwar (Rinku Makrand)", "filerRelation": "Director (Executive)", "moneyText": "", "startDate": "2021-03-31", "ownership": "D"}, {"maxAge": 1, "shares": 1200, "value": 1520, "filerUrl": "", "transactionText": "Acquisition at price 1.27 per share.", "filerName": "Appalwar (Rinku Makrand)", "filerRelation": "Director (Executive)", "moneyText": "", "startDate": "2021-03-31", "ownership": "D"}, {"maxAge": 1, "shares": 22050, "filerUrl": "", "transactionText": "", "filerName": "Appalwar (Rinku Makrand)", "filerRelation": "Director (Executive)", "moneyText": "", "startDate": "2020-03-23", "ownership": "D"}, {"maxAge": 1, "shares": 14000, "filerUrl": "", "transactionText": "", "filerName": "Appalwar (Rinku Makrand)", "filerRelation": "Director (Executive)", "moneyText": "", "startDate": "2020-03-13", "ownership": "D"}, {"maxAge": 1, "shares": 35550, "filerUrl": "", "transactionText": "", "filerName": "Appalwar (Rinku Makrand)", "filerRelation": "Director (Executive)", "moneyText": "", "startDate": "2020-03-06", "ownership": "D"}, {"maxAge": 1, "shares": 39575, "filerUrl": "", "transactionText": "", "filerName": "Appalwar (Makrand Moreshwar)", "filerRelation": "Executive Chairman", "moneyText": "", "startDate": "2016-07-22", "ownership": "D"}, {"maxAge": 1, "shares": 79150, "filerUrl": "", "transactionText": "", "filerName": "Appalwar (Mitravinda Moreshwar)", "filerRelation": "Promoter", "moneyText": "", "startDate": "2016-07-22", "ownership": "D"}, {"maxAge": 1, "shares": 500000, "filerUrl": "", "transactionText": "", "filerName": "Appalwar (Maithili Makrand)", "filerRelation": "Promoter", "moneyText": "", "startDate": "2016-03-30", "ownership": "D"}, {"maxAge": 1, "shares": 462550, "filerUrl": "", "transactionText": "", "filerName": "Appalwar (Makrand Moreshwar)", "filerRelation": "Executive Chairman", "moneyText": "", "startDate": "2016-03-30", "ownership": "D"}, {"maxAge": 1, "shares": 23600, "filerUrl": "", "transactionText": "", "filerName": "Emmbi Laboratories Pvt Ltd", "filerRelation": "Promoter", "moneyText": "", "startDate": "2015-12-10", "ownership": "D"}, {"maxAge": 1, "shares": 44261, "filerUrl": "", "transactionText": "", "filerName": "Appalwar (Rinku Makrand)", "filerRelation": "Director", "moneyText": "", "startDate": "2015-10-08", "ownership": "D"}, {"maxAge": 1, "shares": 66450, "filerUrl": "", "transactionText": "", "filerName": "Appalwar (Rinku Makrand)", "filerRelation": "Promoter", "moneyText": "", "startDate": "2015-07-29", "ownership": "D"}, {"maxAge": 1, "shares": 12500, "filerUrl": "", "transactionText": "", "filerName": "Appalwar (Rinku Makrand)", "filerRelation": "Director", "moneyText": "", "startDate": "2015-05-08", "ownership": "D"}, {"maxAge": 1, "shares": 30500, "filerUrl": "", "transactionText": "", "filerName": "Appalwar (Makrand Moreshwar)", "filerRelation": "Executive Chairman", "moneyText": "", "startDate": "2015-04-23", "ownership": "D"}, {"maxAge": 1, "shares": 9500, "filerUrl": "", "transactionText": "", "filerName": "Appalwar (Makrand Moreshwar)", "filerRelation": "Executive Chairman", "moneyText": "", "startDate": "2015-04-21", "ownership": "D"}, {"maxAge": 1, "shares": 23000, "filerUrl": "", "transactionText": "", "filerName": "Appalwar (Rinku Makrand)", "filerRelation": "Director", "moneyText": "", "startDate": "2015-04-21", "ownership": "D"}, {"maxAge": 1, "shares": 42000, "filerUrl": "", "transactionText": "", "filerName": "Appalwar (Makrand Moreshwar)", "filerRelation": "Executive Chairman", "moneyText": "", "startDate": "2015-04-20", "ownership": "D"}, {"maxAge": 1, "shares": 24000, "filerUrl": "", "transactionText": "", "filerName": "Appalwar (Makrand Moreshwar)", "filerRelation": "Executive Chairman", "moneyText": "", "startDate": "2015-04-18", "ownership": "D"}, {"maxAge": 1, "shares": 5000, "filerUrl": "", "transactionText": "", "filerName": "Appalwar (Makrand Moreshwar)", "filerRelation": "Executive Chairman", "moneyText": "", "startDate": "2015-04-16", "ownership": "D"}, {"maxAge": 1, "shares": 10549, "filerUrl": "", "transactionText": "", "filerName": "Appalwar (Rinku Makrand)", "filerRelation": "Director", "moneyText": "", "startDate": "2015-04-16", "ownership": "D"}, {"maxAge": 1, "shares": 20500, "filerUrl": "", "transactionText": "", "filerName": "Appalwar (Makrand Moreshwar)", "filerRelation": "Executive Chairman", "moneyText": "", "startDate": "2015-01-30", "ownership": "D"}, {"maxAge": 1, "shares": 31500, "filerUrl": "", "transactionText": "", "filerName": "Appalwar (Makrand Moreshwar)", "filerRelation": "Executive Chairman", "moneyText": "", "startDate": "2015-01-28", "ownership": "D"}, {"maxAge": 1, "shares": 23000, "filerUrl": "", "transactionText": "", "filerName": "Appalwar (Makrand Moreshwar)", "filerRelation": "Executive Chairman", "moneyText": "", "startDate": "2015-01-27", "ownership": "D"}, {"maxAge": 1, "shares": 43000, "filerUrl": "", "transactionText": "", "filerName": "Appalwar (Makrand Moreshwar)", "filerRelation": "Executive Chairman", "moneyText": "", "startDate": "2015-01-20", "ownership": "D"}, {"maxAge": 1, "shares": 20000, "filerUrl": "", "transactionText": "", "filerName": "Appalwar (Makrand Moreshwar)", "filerRelation": "Executive Chairman", "moneyText": "", "startDate": "2015-01-09", "ownership": "D"}, {"maxAge": 1, "shares": 41000, "filerUrl": "", "transactionText": "", "filerName": "Appalwar (Makrand Moreshwar)", "filerRelation": "Executive Chairman", "moneyText": "", "startDate": "2015-01-07", "ownership": "D"}, {"maxAge": 1, "shares": 21000, "filerUrl": "", "transactionText": "", "filerName": "Appalwar (Makrand Moreshwar)", "filerRelation": "Executive Chairman", "moneyText": "", "startDate": "2015-01-06", "ownership": "D"}, {"maxAge": 1, "shares": 20000, "filerUrl": "", "transactionText": "", "filerName": "Appalwar (Rinku Makrand)", "filerRelation": "Director", "moneyText": "", "startDate": "2014-12-30", "ownership": "D"}, {"maxAge": 1, "shares": 42000, "filerUrl": "", "transactionText": "", "filerName": "Appalwar (Rinku Makrand)", "filerRelation": "Director", "moneyText": "", "startDate": "2014-12-29", "ownership": "D"}, {"maxAge": 1, "shares": 43000, "filerUrl": "", "transactionText": "", "filerName": "Appalwar (Rinku Makrand)", "filerRelation": "Director", "moneyText": "", "startDate": "2014-12-23", "ownership": "D"}, {"maxAge": 1, "shares": 27000, "filerUrl": "", "transactionText": "", "filerName": "Appalwar (Makrand Moreshwar)", "filerRelation": "Executive Chairman", "moneyText": "", "startDate": "2014-12-12", "ownership": "D"}, {"maxAge": 1, "shares": 500000, "filerUrl": "", "transactionText": "", "filerName": "Appalwar (Maithili Makrand)", "filerRelation": "Promoter", "moneyText": "", "startDate": "2014-12-11", "ownership": "D"}, {"maxAge": 1, "shares": 500000, "filerUrl": "", "transactionText": "", "filerName": "Appalwar (Makrand Moreshwar)", "filerRelation": "Executive Chairman", "moneyText": "", "startDate": "2014-12-11", "ownership": "D"}, {"maxAge": 1, "shares": 21500, "filerUrl": "", "transactionText": "", "filerName": "Appalwar (Makrand Moreshwar)", "filerRelation": "Executive Chairman", "moneyText": "", "startDate": "2014-12-10", "ownership": "D"}, {"maxAge": 1, "shares": 33000, "filerUrl": "", "transactionText": "", "filerName": "Appalwar (Makrand Moreshwar)", "filerRelation": "Executive Chairman", "moneyText": "", "startDate": "2014-11-20", "ownership": "D"}, {"maxAge": 1, "shares": 8860, "filerUrl": "", "transactionText": "", "filerName": "Appalwar (Rinku Makrand)", "filerRelation": "Director", "moneyText": "", "startDate": "2014-11-20", "ownership": "D"}, {"maxAge": 1, "shares": 17000, "filerUrl": "", "transactionText": "", "filerName": "Appalwar (Makrand Moreshwar)", "filerRelation": "Executive Chairman", "moneyText": "", "startDate": "2014-11-19", "ownership": "D"}, {"maxAge": 1, "shares": 11140, "filerUrl": "", "transactionText": "", "filerName": "Appalwar (Rinku Makrand)", "filerRelation": "Director", "moneyText": "", "startDate": "2014-11-19", "ownership": "D"}, {"maxAge": 1, "shares": 32200, "filerUrl": "", "transactionText": "", "filerName": "Appalwar (Makrand Moreshwar)", "filerRelation": "Executive Chairman", "moneyText": "", "startDate": "2014-11-18", "ownership": "D"}, {"maxAge": 1, "shares": 20000, "filerUrl": "", "transactionText": "", "filerName": "Appalwar (Rinku Makrand)", "filerRelation": "Director", "moneyText": "", "startDate": "2014-11-18", "ownership": "D"}, {"maxAge": 1, "shares": 11000, "filerUrl": "", "transactionText": "", "filerName": "Appalwar (Makrand Moreshwar)", "filerRelation": "Executive Chairman", "moneyText": "", "startDate": "2014-11-10", "ownership": "D"}, {"maxAge": 1, "shares": 15000, "filerUrl": "", "transactionText": "", "filerName": "Appalwar (Rinku Makrand)", "filerRelation": "Director", "moneyText": "", "startDate": "2014-10-29", "ownership": "D"}, {"maxAge": 1, "shares": 500, "filerUrl": "", "transactionText": "", "filerName": "Appalwar (Makrand Moreshwar)", "filerRelation": "Executive Chairman", "moneyText": "", "startDate": "2014-10-28", "ownership": "D"}, {"maxAge": 1, "shares": 7000, "filerUrl": "", "transactionText": "", "filerName": "Appalwar (Makrand Moreshwar)", "filerRelation": "Executive Chairman", "moneyText": "", "startDate": "2014-10-27", "ownership": "D"}, {"maxAge": 1, "shares": 11200, "filerUrl": "", "transactionText": "", "filerName": "Appalwar (Rinku Makrand)", "filerRelation": "Director", "moneyText": "", "startDate": "2014-10-27", "ownership": "D"}, {"maxAge": 1, "shares": 10000, "filerUrl": "", "transactionText": "", "filerName": "Appalwar (Makrand Moreshwar)", "filerRelation": "Executive Chairman", "moneyText": "", "startDate": "2014-10-23", "ownership": "D"}, {"maxAge": 1, "shares": 11700, "filerUrl": "", "transactionText": "", "filerName": "Appalwar (Makrand Moreshwar)", "filerRelation": "Executive Chairman", "moneyText": "", "startDate": "2014-10-10", "ownership": "D"}, {"maxAge": 1, "shares": 10000, "filerUrl": "", "transactionText": "", "filerName": "Appalwar (Makrand Moreshwar)", "filerRelation": "Executive Chairman", "moneyText": "", "startDate": "2014-10-08", "ownership": "D"}, {"maxAge": 1, "shares": 11000, "filerUrl": "", "transactionText": "", "filerName": "Appalwar (Makrand Moreshwar)", "filerRelation": "Executive Chairman", "moneyText": "", "startDate": "2014-10-07", "ownership": "D"}, {"maxAge": 1, "shares": 8000, "filerUrl": "", "transactionText": "", "filerName": "Appalwar (Makrand Moreshwar)", "filerRelation": "Executive Chairman", "moneyText": "", "startDate": "2014-10-01", "ownership": "D"}, {"maxAge": 1, "shares": 2950, "filerUrl": "", "transactionText": "", "filerName": "Appalwar (Makrand Moreshwar)", "filerRelation": "Executive Chairman", "moneyText": "", "startDate": "2014-09-26", "ownership": "D"}, {"maxAge": 1, "shares": 22000, "filerUrl": "", "transactionText": "", "filerName": "Appalwar (Rinku Makrand)", "filerRelation": "Director", "moneyText": "", "startDate": "2014-09-26", "ownership": "D"}, {"maxAge": 1, "shares": 4500, "filerUrl": "", "transactionText": "", "filerName": "Appalwar (Makrand Moreshwar)", "filerRelation": "Executive Chairman", "moneyText": "", "startDate": "2014-01-23", "ownership": "D"}, {"maxAge": 1, "shares": 14000, "filerUrl": "", "transactionText": "", "filerName": "Appalwar (Makrand Moreshwar)", "filerRelation": "Executive Chairman", "moneyText": "", "startDate": "2014-01-22", "ownership": "D"}, {"maxAge": 1, "shares": 3000, "filerUrl": "", "transactionText": "", "filerName": "Appalwar (Makrand Moreshwar)", "filerRelation": "Executive Chairman", "moneyText": "", "startDate": "2014-01-21", "ownership": "D"}, {"maxAge": 1, "shares": 5500, "filerUrl": "", "transactionText": "", "filerName": "Appalwar (Makrand Moreshwar)", "filerRelation": "Executive Chairman", "moneyText": "", "startDate": "2014-01-20", "ownership": "D"}, {"maxAge": 1, "shares": 2100, "filerUrl": "", "transactionText": "", "filerName": "Appalwar (Makrand Moreshwar)", "filerRelation": "Executive Chairman", "moneyText": "", "startDate": "2012-08-30", "ownership": "D"}, {"maxAge": 1, "shares": 900, "filerUrl": "", "transactionText": "", "filerName": "Appalwar (Makrand Moreshwar)", "filerRelation": "Executive Chairman", "moneyText": "", "startDate": "2012-08-24", "ownership": "D"}, {"maxAge": 1, "shares": 800, "filerUrl": "", "transactionText": "", "filerName": "Appalwar (Makrand Moreshwar)", "filerRelation": "Executive Chairman", "moneyText": "", "startDate": "2012-08-23", "ownership": "D"}, {"maxAge": 1, "shares": 950, "filerUrl": "", "transactionText": "", "filerName": "Appalwar (Makrand Moreshwar)", "filerRelation": "Executive Chairman", "moneyText": "", "startDate": "2012-08-22", "ownership": "D"}, {"maxAge": 1, "shares": 1400, "filerUrl": "", "transactionText": "", "filerName": "Appalwar (Makrand Moreshwar)", "filerRelation": "Executive Chairman", "moneyText": "", "startDate": "2012-07-31", "ownership": "D"}, {"maxAge": 1, "shares": 1000, "filerUrl": "", "transactionText": "", "filerName": "Appalwar (Makrand Moreshwar)", "filerRelation": "Executive Chairman", "moneyText": "", "startDate": "2012-07-27", "ownership": "D"}, {"maxAge": 1, "shares": 1000, "filerUrl": "", "transactionText": "", "filerName": "Appalwar (Makrand Moreshwar)", "filerRelation": "Executive Chairman", "moneyText": "", "startDate": "2012-07-26", "ownership": "D"}, {"maxAge": 1, "shares": 1000, "filerUrl": "", "transactionText": "", "filerName": "Appalwar (Makrand Moreshwar)", "filerRelation": "Executive Chairman", "moneyText": "", "startDate": "2012-07-25", "ownership": "D"}, {"maxAge": 1, "shares": 1000, "filerUrl": "", "transactionText": "", "filerName": "Appalwar (Makrand Moreshwar)", "filerRelation": "Executive Chairman", "moneyText": "", "startDate": "2012-07-24", "ownership": "D"}, {"maxAge": 1, "shares": 1000, "filerUrl": "", "transactionText": "", "filerName": "Appalwar (Makrand Moreshwar)", "filerRelation": "Executive Chairman", "moneyText": "", "startDate": "2012-07-23", "ownership": "D"}, {"maxAge": 1, "shares": 1213150, "filerUrl": "", "transactionText": "", "filerName": "Appalwar (Makrand Moreshwar)", "filerRelation": "Executive Chairman", "moneyText": "", "startDate": "2011-11-29", "ownership": "D"}, {"maxAge": 1, "shares": 20500, "filerUrl": "", "transactionText": "", "filerName": "Appalwar (Rinku Makrand)", "filerRelation": "Director (Executive)", "moneyText": "", "startDate": "2011-11-19", "ownership": "D"}, {"maxAge": 1, "shares": 7000, "filerUrl": "", "transactionText": "", "filerName": "Appalwar (Makrand Moreshwar)", "filerRelation": "Executive Chairman", "moneyText": "", "startDate": "2011-10-24", "ownership": "D"}, {"maxAge": 1, "shares": 41000, "filerUrl": "", "transactionText": "", "filerName": "Appalwar (Makrand Moreshwar)", "filerRelation": "Executive Chairman", "moneyText": "", "startDate": "2011-10-21", "ownership": "D"}, {"maxAge": 1, "shares": 9700, "filerUrl": "", "transactionText": "", "filerName": "Appalwar (Rinku Makrand)", "filerRelation": "Director (Executive)", "moneyText": "", "startDate": "2011-10-20", "ownership": "D"}, {"maxAge": 1, "shares": 32500, "filerUrl": "", "transactionText": "", "filerName": "Appalwar (Makrand Moreshwar)", "filerRelation": "Executive Chairman", "moneyText": "", "startDate": "2011-07-26", "ownership": "D"}, {"maxAge": 1, "shares": 36100, "filerUrl": "", "transactionText": "", "filerName": "Appalwar (Makrand Moreshwar)", "filerRelation": "Executive Chairman", "moneyText": "", "startDate": "2011-07-14", "ownership": "D"}, {"maxAge": 1, "shares": 14000, "filerUrl": "", "transactionText": "", "filerName": "Appalwar (Rinku Makrand)", "filerRelation": "Director (Executive)", "moneyText": "", "startDate": "2011-07-08", "ownership": "D"}, {"maxAge": 1, "shares": 34000, "filerUrl": "", "transactionText": "", "filerName": "Appalwar (Makrand Moreshwar)", "filerRelation": "Executive Chairman", "moneyText": "", "startDate": "2011-07-04", "ownership": "D"}], "maxAge": 1}, "sectorTrend": {"maxAge": 1, "symbol": null, "estimates": []}, "incomeStatementHistoryQuarterly": {"incomeStatementHistory": [{"maxAge": 1, "endDate": "2020-12-31", "totalRevenue": 735620000, "costOfRevenue": 470300000, "grossProfit": 265320000, "researchDevelopment": {}, "sellingGeneralAdministrative": 51290000, "nonRecurring": {}, "otherOperatingExpenses": 138140000, "totalOperatingExpenses": 678390000, "operatingIncome": 57230000, "totalOtherIncomeExpenseNet": -27070000, "ebit": 57230000, "interestExpense": -27290000, "incomeBeforeTax": 30160000, "incomeTaxExpense": 6650000, "minorityInterest": {}, "netIncomeFromContinuingOps": 23510000, "discontinuedOperations": {}, "extraordinaryItems": {}, "effectOfAccountingCharges": {}, "otherItems": {}, "netIncome": 23510000, "netIncomeApplicableToCommonShares": 23510000}, {"maxAge": 1, "endDate": "2020-09-30", "totalRevenue": 570810000, "costOfRevenue": 342240000, "grossProfit": 228570000, "researchDevelopment": {}, "sellingGeneralAdministrative": 40400000, "nonRecurring": {}, "otherOperatingExpenses": 125700000, "totalOperatingExpenses": 526110000, "operatingIncome": 44700000, "totalOtherIncomeExpenseNet": -28020000, "ebit": 44700000, "interestExpense": -28380000, "incomeBeforeTax": 16680000, "incomeTaxExpense": 4660000, "minorityInterest": {}, "netIncomeFromContinuingOps": 12020000, "discontinuedOperations": {}, "extraordinaryItems": {}, "effectOfAccountingCharges": {}, "otherItems": {}, "netIncome": 12020000, "netIncomeApplicableToCommonShares": 12020000}, {"maxAge": 1, "endDate": "2020-06-30", "totalRevenue": 508090000, "costOfRevenue": 297230000, "grossProfit": 210860000, "researchDevelopment": {}, "sellingGeneralAdministrative": 39240000, "nonRecurring": {}, "otherOperatingExpenses": 112590000, "totalOperatingExpenses": 466550000, "operatingIncome": 41540000, "totalOtherIncomeExpenseNet": -28490000, "ebit": 41540000, "interestExpense": -28740000, "incomeBeforeTax": 13050000, "incomeTaxExpense": 2470000, "minorityInterest": {}, "netIncomeFromContinuingOps": 10580000, "discontinuedOperations": {}, "extraordinaryItems": {}, "effectOfAccountingCharges": {}, "otherItems": {}, "netIncome": 10580000, "netIncomeApplicableToCommonShares": 10580000}, {"maxAge": 1, "endDate": "2020-03-31", "totalRevenue": 746760000, "costOfRevenue": 487540000, "grossProfit": 259220000, "researchDevelopment": {}, "sellingGeneralAdministrative": 73570000, "nonRecurring": {}, "otherOperatingExpenses": 134100000, "totalOperatingExpenses": 712240000, "operatingIncome": 34520000, "totalOtherIncomeExpenseNet": 4120000, "ebit": 34520000, "interestExpense": -10260000, "incomeBeforeTax": 38640000, "incomeTaxExpense": 1200000, "minorityInterest": {}, "netIncomeFromContinuingOps": 37440000, "discontinuedOperations": {}, "extraordinaryItems": {}, "effectOfAccountingCharges": {}, "otherItems": {}, "netIncome": 37440000, "netIncomeApplicableToCommonShares": 37440000}], "maxAge": 86400}, "cashflowStatementHistoryQuarterly": {"cashflowStatements": [{"maxAge": 1, "endDate": "2020-12-31", "netIncome": 23510000, "changeToLiabilities": 0}, {"maxAge": 1, "endDate": "2020-09-30", "netIncome": 12020000, "changeToLiabilities": 0}, {"maxAge": 1, "endDate": "2020-06-30", "netIncome": 10580000, "changeToLiabilities": 0}, {"maxAge": 1, "endDate": "2020-03-31", "netIncome": 37440000, "changeToLiabilities": 0}], "maxAge": 86400}, "earnings": {"maxAge": 86400, "earningsChart": {"quarterly": [{"date": "2Q2017", "actual": 2.01, "estimate": 1.8}, {"date": "4Q2017", "actual": 2.2, "estimate": 1.91}, {"date": "1Q2018", "actual": 2.3, "estimate": 2.43}], "currentQuarterEstimateDate": "2Q", "currentQuarterEstimateYear": 2018, "earningsDate": []}, "financialsChart": {"yearly": [{"date": 2017, "revenue": 2290700000, "earnings": 124350000}, {"date": 2018, "revenue": 2544740000, "earnings": 152620000}, {"date": 2019, "revenue": 2890080000, "earnings": 177900000}, {"date": 2020, "revenue": 3039330000, "earnings": 146270000}], "quarterly": [{"date": "1Q2020", "revenue": 746760000, "earnings": 37440000}, {"date": "2Q2020", "revenue": 508090000, "earnings": 10580000}, {"date": "3Q2020", "revenue": 570810000, "earnings": 12020000}, {"date": "4Q2020", "revenue": 735620000, "earnings": 23510000}]}, "financialCurrency": "INR"}, "financialData": {"maxAge": 86400, "currentPrice": 79.75, "targetHighPrice": 281.0, "targetLowPrice": 215.0, "targetMeanPrice": 248.0, "targetMedianPrice": 248.0, "recommendationMean": 1.7, "recommendationKey": "buy", "numberOfAnalystOpinions": 2, "totalCash": 31070000, "totalCashPerShare": 1.758, "ebitda": 253077504, "totalDebt": 1241010048, "totalRevenue": 2561280000, "debtToEquity": 95.592, "revenuePerShare": 144.943, "grossProfits": 1033220000, "earningsGrowth": -0.345, "revenueGrowth": -0.097, "grossMargins": 0.37636003, "ebitdaMargins": 0.098809995, "operatingMargins": 0.0695, "profitMargins": 0.03262, "financialCurrency": "INR"}}}