{"EMPIND.BO": {"recommendationTrend": {"trend": [{"period": "0m", "strongBuy": 0, "buy": 0, "hold": 0, "sell": 0, "strongSell": 0}, {"period": "-1m", "strongBuy": 0, "buy": 0, "hold": 0, "sell": 0, "strongSell": 0}, {"period": "-2m", "strongBuy": 0, "buy": 0, "hold": 0, "sell": 0, "strongSell": 0}, {"period": "-3m", "strongBuy": 0, "buy": 0, "hold": 0, "sell": 0, "strongSell": 0}], "maxAge": 86400}, "cashflowStatementHistory": {"cashflowStatements": [{"maxAge": 1, "endDate": "2020-03-31", "netIncome": 341763000, "depreciation": 147771000, "changeToNetincome": 173508000, "changeToAccountReceivables": -9893000, "changeToLiabilities": 131743000, "changeToInventory": -387970000, "changeToOperatingActivities": -2079000, "totalCashFromOperatingActivities": 396916000, "capitalExpenditures": -596608000, "otherCashflowsFromInvestingActivities": 32590000, "totalCashflowsFromInvestingActivities": -452318000, "dividendsPaid": -361072000, "netBorrowings": 613173000, "otherCashflowsFromFinancingActivities": -304750000, "totalCashFromFinancingActivities": -52649000, "changeInCash": -108051000}, {"maxAge": 1, "endDate": "2019-03-31", "netIncome": 438350000, "depreciation": 106741000, "changeToNetincome": 47182000, "changeToAccountReceivables": -445445000, "changeToLiabilities": 121454000, "changeToInventory": -385229000, "changeToOperatingActivities": -8927000, "totalCashFromOperatingActivities": -125874000, "capitalExpenditures": -579904000, "otherCashflowsFromInvestingActivities": 35989000, "totalCashflowsFromInvestingActivities": -337001000, "dividendsPaid": -150000000, "netBorrowings": 435064000, "otherCashflowsFromFinancingActivities": -230253000, "totalCashFromFinancingActivities": 54811000, "changeInCash": -408064000}, {"maxAge": 1, "endDate": "2018-03-31", "netIncome": 466734000, "depreciation": 125340000, "changeToNetincome": -23760000, "changeToAccountReceivables": -165213000, "changeToLiabilities": -419043000, "changeToInventory": 215859000, "changeToOperatingActivities": -761000, "totalCashFromOperatingActivities": 199156000, "capitalExpenditures": -721016000, "otherCashflowsFromInvestingActivities": 51664000, "totalCashflowsFromInvestingActivities": -492578000, "dividendsPaid": -150000000, "netBorrowings": 521084000, "otherCashflowsFromFinancingActivities": -196707000, "totalCashFromFinancingActivities": 174377000, "changeInCash": -119045000}, {"maxAge": 1, "endDate": "2017-03-31", "netIncome": 340715000, "depreciation": 84668000, "changeToNetincome": 130541000, "changeToAccountReceivables": 49319000, "changeToLiabilities": 92001000, "changeToInventory": -223076000, "changeToOperatingActivities": 191000, "totalCashFromOperatingActivities": 481501000, "capitalExpenditures": -77332000, "otherCashflowsFromInvestingActivities": 37920000, "totalCashflowsFromInvestingActivities": -32785000, "dividendsPaid": -23999000, "netBorrowings": -84778000, "otherCashflowsFromFinancingActivities": -129192000, "totalCashFromFinancingActivities": -237969000, "changeInCash": 210747000}], "maxAge": 86400}, "institutionOwnership": {"maxAge": 1, "ownershipList": []}, "balanceSheetHistoryQuarterly": {"balanceSheetStatements": [{"maxAge": 1, "endDate": "2020-06-30", "totalStockholderEquity": 2337114000, "netTangibleAssets": 2334655000}, {"maxAge": 1, "endDate": "2020-03-31", "cash": 261391000, "netReceivables": 1323910000, "inventory": 1825824000, "otherCurrentAssets": 242137000, "totalCurrentAssets": 3685534000, "longTermInvestments": 1000, "propertyPlantEquipment": 3879798000, "intangibleAssets": 2459000, "otherAssets": 269438000, "totalAssets": 7837230000, "accountsPayable": 338970000, "shortLongTermDebt": 514748000, "otherCurrentLiab": 203630000, "longTermDebt": 1621103000, "otherLiab": 1267635000, "totalCurrentLiabilities": 2338592000, "totalLiab": 5500116000, "commonStock": 60000000, "retainedEarnings": 2284104000, "treasuryStock": -8323000, "capitalSurplus": 1333000, "otherStockholderEquity": -8323000, "totalStockholderEquity": 2337114000, "netTangibleAssets": 2334655000}, {"maxAge": 1, "endDate": "2019-12-31", "totalStockholderEquity": 2324530000, "netTangibleAssets": 2304334000}, {"maxAge": 1, "endDate": "2019-09-30", "cash": 359079000, "netReceivables": 1042925000, "inventory": 1609242000, "otherCurrentAssets": 269620000, "totalCurrentAssets": 3280866000, "longTermInvestments": 1000, "propertyPlantEquipment": 3556543000, "intangibleAssets": 20196000, "otherAssets": 502433000, "totalAssets": 7360039000, "accountsPayable": 225063000, "shortLongTermDebt": 1171235000, "otherCurrentLiab": 531928000, "longTermDebt": 1482130000, "otherLiab": 1196776000, "totalCurrentLiabilities": 2175585000, "totalLiab": 5035509000, "commonStock": 60000000, "treasuryStock": 2264530000, "otherStockholderEquity": 2264530000, "totalStockholderEquity": 2324530000, "netTangibleAssets": 2304334000}], "maxAge": 86400}, "earningsHistory": {"history": [{"maxAge": 1, "epsActual": {}, "epsEstimate": {}, "epsDifference": {}, "surprisePercent": {}, "quarter": {}, "period": "-4q"}, {"maxAge": 1, "epsActual": {}, "epsEstimate": {}, "epsDifference": {}, "surprisePercent": {}, "quarter": {}, "period": "-3q"}, {"maxAge": 1, "epsActual": {}, "epsEstimate": {}, "epsDifference": {}, "surprisePercent": {}, "quarter": {}, "period": "-2q"}, {"maxAge": 1, "epsActual": 15.05, "epsEstimate": 7.65, "epsDifference": 7.4, "surprisePercent": 0.96699995, "quarter": "2017-09-30", "period": "-1q"}], "maxAge": 86400}, "indexTrend": {"maxAge": 1, "symbol": "SP5", "peRatio": 19.7411, "pegRatio": 1.34172, "estimates": [{"period": "0q", "growth": 0.549}, {"period": "+1q", "growth": 0.431}, {"period": "0y", "growth": 0.305}, {"period": "+1y", "growth": 0.109}, {"period": "+5y", "growth": 0.120859005}, {"period": "-5y"}]}, "industryTrend": {"maxAge": 1, "symbol": null, "estimates": []}, "insiderTransactions": {"transactions": [{"maxAge": 1, "shares": 784978, "filerUrl": "", "transactionText": "", "filerName": "Arjun Transport Company Pvt Ltd", "filerRelation": "Promoter", "moneyText": "", "startDate": "2019-03-29", "ownership": "D"}, {"maxAge": 1, "shares": 327012, "filerUrl": "", "transactionText": "", "filerName": "Empire International Pvt Ltd", "filerRelation": "Promoter", "moneyText": "", "startDate": "2019-03-29", "ownership": "D"}, {"maxAge": 1, "shares": 1111990, "filerUrl": "", "transactionText": "", "filerName": "Randil Trading Company Pvt. Ltd.", "filerRelation": "Institution- Corporation", "moneyText": "", "startDate": "2019-03-29", "ownership": "D"}], "maxAge": 1}, "quoteType": {"exchange": "BSE", "quoteType": "EQUITY", "symbol": "EMPIND.BO", "underlyingSymbol": "EMPIND.BO", "shortName": "EMPIRE INDUSTRIES LTD.", "longName": "Empire Industries Limited", "firstTradeDateEpochUtc": "2002-08-23 09:15:00", "timeZoneFullName": "Asia/Kolkata", "timeZoneShortName": "IST", "uuid": "c17e2b79-332d-30d6-babd-803d459ead74", "messageBoardId": null, "gmtOffSetMilliseconds": 19800000, "maxAge": 1}, "incomeStatementHistory": {"incomeStatementHistory": [{"maxAge": 1, "endDate": "2020-03-31", "totalRevenue": 5747587000, "costOfRevenue": 2941214000, "grossProfit": 2806373000, "researchDevelopment": {}, "sellingGeneralAdministrative": 1081430000, "nonRecurring": {}, "otherOperatingExpenses": 965036000, "totalOperatingExpenses": 5152100000, "operatingIncome": 595487000, "totalOtherIncomeExpenseNet": -193148000, "ebit": 595487000, "interestExpense": -275399000, "incomeBeforeTax": 402339000, "incomeTaxExpense": 60576000, "minorityInterest": {}, "netIncomeFromContinuingOps": 341763000, "discontinuedOperations": {}, "extraordinaryItems": {}, "effectOfAccountingCharges": {}, "otherItems": {}, "netIncome": 341763000, "netIncomeApplicableToCommonShares": 341763000}, {"maxAge": 1, "endDate": "2019-03-31", "totalRevenue": 5262173000, "costOfRevenue": 2596561000, "grossProfit": 2665612000, "researchDevelopment": {}, "sellingGeneralAdministrative": 979878000, "nonRecurring": {}, "otherOperatingExpenses": 1066122000, "totalOperatingExpenses": 4780633000, "operatingIncome": 481540000, "totalOtherIncomeExpenseNet": 129279000, "ebit": 481540000, "interestExpense": -171901000, "incomeBeforeTax": 610819000, "incomeTaxExpense": 172469000, "minorityInterest": {}, "netIncomeFromContinuingOps": 438350000, "discontinuedOperations": {}, "extraordinaryItems": {}, "effectOfAccountingCharges": {}, "otherItems": {}, "netIncome": 438350000, "netIncomeApplicableToCommonShares": 438350000}, {"maxAge": 1, "endDate": "2018-03-31", "totalRevenue": 4733103000, "costOfRevenue": 2245526000, "grossProfit": 2487577000, "researchDevelopment": {}, "sellingGeneralAdministrative": 851132000, "nonRecurring": {}, "otherOperatingExpenses": 947855000, "totalOperatingExpenses": 4236965000, "operatingIncome": 496138000, "totalOtherIncomeExpenseNet": 104496000, "ebit": 496138000, "interestExpense": -142702000, "incomeBeforeTax": 600634000, "incomeTaxExpense": 133900000, "minorityInterest": {}, "netIncomeFromContinuingOps": 466734000, "discontinuedOperations": {}, "extraordinaryItems": {}, "effectOfAccountingCharges": {}, "otherItems": {}, "netIncome": 466734000, "netIncomeApplicableToCommonShares": 466734000}, {"maxAge": 1, "endDate": "2017-03-31", "totalRevenue": 4052000000, "costOfRevenue": 1651793000, "grossProfit": 2400207000, "researchDevelopment": {}, "sellingGeneralAdministrative": 753195000, "nonRecurring": {}, "otherOperatingExpenses": 978440000, "totalOperatingExpenses": 3473037000, "operatingIncome": 578963000, "totalOtherIncomeExpenseNet": -75405000, "ebit": 578963000, "interestExpense": -118598000, "incomeBeforeTax": 503558000, "incomeTaxExpense": 162843000, "minorityInterest": {}, "netIncomeFromContinuingOps": 340715000, "discontinuedOperations": {}, "extraordinaryItems": {}, "effectOfAccountingCharges": {}, "otherItems": {}, "netIncome": 340715000, "netIncomeApplicableToCommonShares": 340715000}], "maxAge": 86400}, "fundOwnership": {"maxAge": 1, "ownershipList": []}, "summaryDetail": {"maxAge": 1, "priceHint": 2, "previousClose": 622.3, "open": 637.8, "dayLow": 622.0, "dayHigh": 637.9, "regularMarketPreviousClose": 622.3, "regularMarketOpen": 637.8, "regularMarketDayLow": 622.0, "regularMarketDayHigh": 637.9, "trailingPE": 12.611479, "forwardPE": 5.7138977, "volume": 1065, "regularMarketVolume": 1065, "averageVolume": 2469, "averageVolume10days": 1015, "averageDailyVolume10Day": 1015, "bid": 623.0, "ask": 622.05, "bidSize": 0, "askSize": 0, "marketCap": 3784200192, "fiftyTwoWeekLow": 469.0, "fiftyTwoWeekHigh": 784.95, "fiftyDayAverage": 625.25574, "twoHundredDayAverage": 611.7416, "trailingAnnualDividendRate": 25.0, "trailingAnnualDividendYield": 0.04017355, "currency": "INR", "fromCurrency": null, "toCurrency": null, "lastMarket": null, "algorithm": null, "tradeable": false}, "sectorTrend": {"maxAge": 1, "symbol": null, "estimates": []}, "incomeStatementHistoryQuarterly": {"incomeStatementHistory": [{"maxAge": 1, "endDate": "2020-06-30", "totalRevenue": 929245000, "costOfRevenue": 418185000, "grossProfit": 511060000, "researchDevelopment": {}, "sellingGeneralAdministrative": 185757000, "nonRecurring": {}, "otherOperatingExpenses": 185447000, "totalOperatingExpenses": 833397000, "operatingIncome": 95848000, "totalOtherIncomeExpenseNet": -64750000, "ebit": 95848000, "interestExpense": -80082000, "incomeBeforeTax": 31098000, "incomeTaxExpense": 8000000, "minorityInterest": {}, "netIncomeFromContinuingOps": 23098000, "discontinuedOperations": {}, "extraordinaryItems": {}, "effectOfAccountingCharges": {}, "otherItems": {}, "netIncome": 23098000, "netIncomeApplicableToCommonShares": 23098000}, {"maxAge": 1, "endDate": "2020-03-31", "totalRevenue": 1449961000, "costOfRevenue": 785146000, "grossProfit": 664815000, "researchDevelopment": {}, "sellingGeneralAdministrative": 326037000, "nonRecurring": {}, "otherOperatingExpenses": 160230000, "totalOperatingExpenses": 1329074000, "operatingIncome": 120887000, "totalOtherIncomeExpenseNet": -36269000, "ebit": 120887000, "interestExpense": -78569000, "incomeBeforeTax": 84618000, "incomeTaxExpense": -66879000, "minorityInterest": {}, "netIncomeFromContinuingOps": 151497000, "discontinuedOperations": {}, "extraordinaryItems": {}, "effectOfAccountingCharges": {}, "otherItems": {}, "netIncome": 151497000, "netIncomeApplicableToCommonShares": 151497000}, {"maxAge": 1, "endDate": "2019-12-31", "totalRevenue": 1596663000, "costOfRevenue": 844539000, "grossProfit": 752124000, "researchDevelopment": {}, "sellingGeneralAdministrative": 250832000, "nonRecurring": {}, "otherOperatingExpenses": 250263000, "totalOperatingExpenses": 1390122000, "operatingIncome": 206541000, "totalOtherIncomeExpenseNet": -86132000, "ebit": 206541000, "interestExpense": -72832000, "incomeBeforeTax": 120409000, "incomeTaxExpense": 76455000, "minorityInterest": {}, "netIncomeFromContinuingOps": 43954000, "discontinuedOperations": {}, "extraordinaryItems": {}, "effectOfAccountingCharges": {}, "otherItems": {}, "netIncome": 43954000, "netIncomeApplicableToCommonShares": 43954000}, {"maxAge": 1, "endDate": "2019-09-30", "totalRevenue": 1415519000, "costOfRevenue": 690043000, "grossProfit": 725476000, "researchDevelopment": {}, "sellingGeneralAdministrative": 263944000, "nonRecurring": {}, "otherOperatingExpenses": 287471000, "totalOperatingExpenses": 1277256000, "operatingIncome": 138263000, "totalOtherIncomeExpenseNet": -35722000, "ebit": 138263000, "interestExpense": -70006000, "incomeBeforeTax": 102541000, "incomeTaxExpense": 21000000, "minorityInterest": {}, "netIncomeFromContinuingOps": 81541000, "discontinuedOperations": {}, "extraordinaryItems": {}, "effectOfAccountingCharges": {}, "otherItems": {}, "netIncome": 81541000, "netIncomeApplicableToCommonShares": 81541000}], "maxAge": 86400}, "cashflowStatementHistoryQuarterly": {"cashflowStatements": [{"maxAge": 1, "endDate": "2020-06-30", "netIncome": 23098000, "changeToLiabilities": 0}, {"maxAge": 1, "endDate": "2020-03-31", "netIncome": 151497000, "changeToLiabilities": 0}, {"maxAge": 1, "endDate": "2019-12-31", "netIncome": 43954000, "changeToLiabilities": 0}, {"maxAge": 1, "endDate": "2019-09-30", "netIncome": 81541000, "changeToLiabilities": 0}], "maxAge": 86400}, "insiderHolders": {"holders": [{"maxAge": 1, "name": "Arjun Transport Company Pvt Ltd", "relation": "Promoter", "url": "", "transactionDescription": "Other", "latestTransDate": "2019-03-29", "positionDirect": 0, "positionDirectDate": "2019-03-29"}, {"maxAge": 1, "name": "Empire International Pvt Ltd", "relation": "Promoter", "url": "", "transactionDescription": "Other", "latestTransDate": "2019-03-29", "positionDirect": 0, "positionDirectDate": "2019-03-29"}, {"maxAge": 1, "name": "Randil Trading Company Pvt. Ltd.", "relation": "Institution- Corporation", "url": "", "transactionDescription": "Other", "latestTransDate": "2019-03-29", "positionDirect": 1111990, "positionDirectDate": "2019-03-29"}], "maxAge": 1}, "earnings": {"maxAge": 86400, "earningsChart": {"quarterly": [{"date": "3Q2017", "actual": 15.05, "estimate": 7.65}], "currentQuarterEstimateDate": "4Q", "currentQuarterEstimateYear": 2017, "earningsDate": ["2020-07-30 05:30:S"]}, "financialsChart": {"yearly": [{"date": 2017, "revenue": 4052000000, "earnings": 340715000}, {"date": 2018, "revenue": 4733103000, "earnings": 466734000}, {"date": 2019, "revenue": 5262173000, "earnings": 438350000}, {"date": 2020, "revenue": 5747587000, "earnings": 341763000}], "quarterly": [{"date": "3Q2019", "revenue": 1415519000, "earnings": 81541000}, {"date": "4Q2019", "revenue": 1596663000, "earnings": 43954000}, {"date": "1Q2020", "revenue": 1449961000, "earnings": 151497000}, {"date": "2Q2020", "revenue": 929245000, "earnings": 23098000}]}, "financialCurrency": "INR"}, "calendarEvents": {"maxAge": 1, "earnings": {"earningsDate": ["2020-07-30 05:30:S"], "revenueAverage": 2532400000}}, "price": {"maxAge": 1, "regularMarketChangePercent": 0.013498352, "regularMarketChange": 8.400024, "regularMarketTime": "2021-04-30 15:29:19", "priceHint": 2, "regularMarketPrice": 630.7, "regularMarketDayHigh": 637.9, "regularMarketDayLow": 622.0, "regularMarketVolume": 1065, "averageDailyVolume10Day": 1015, "averageDailyVolume3Month": 2469, "regularMarketPreviousClose": 622.3, "regularMarketSource": "FREE_REALTIME", "regularMarketOpen": 637.8, "exchange": "BSE", "exchangeName": "BSE", "exchangeDataDelayedBy": 0, "marketState": "CLOSED", "quoteType": "EQUITY", "symbol": "EMPIND.BO", "underlyingSymbol": null, "shortName": "EMPIRE INDUSTRIES LTD.", "longName": "Empire Industries Limited", "currency": "INR", "quoteSourceName": "Delayed Quote", "currencySymbol": "\u20b9", "fromCurrency": null, "toCurrency": null, "lastMarket": null, "marketCap": 3784200192}, "balanceSheetHistory": {"balanceSheetStatements": [{"maxAge": 1, "endDate": "2020-03-31", "cash": 261391000, "netReceivables": 1323910000, "inventory": 1825824000, "otherCurrentAssets": 242137000, "totalCurrentAssets": 3685534000, "longTermInvestments": 1000, "propertyPlantEquipment": 3879798000, "intangibleAssets": 2459000, "otherAssets": 269438000, "totalAssets": 7837230000, "accountsPayable": 338970000, "shortLongTermDebt": 514748000, "otherCurrentLiab": 203630000, "longTermDebt": 1621103000, "otherLiab": 1267635000, "totalCurrentLiabilities": 2338592000, "totalLiab": 5500116000, "commonStock": 60000000, "retainedEarnings": 2284104000, "treasuryStock": -8323000, "capitalSurplus": 1333000, "otherStockholderEquity": -8323000, "totalStockholderEquity": 2337114000, "netTangibleAssets": 2334655000}, {"maxAge": 1, "endDate": "2019-03-31", "cash": 369442000, "netReceivables": 1323567000, "inventory": 1437854000, "otherCurrentAssets": 247276000, "totalCurrentAssets": 3405163000, "longTermInvestments": 258000, "propertyPlantEquipment": 3153544000, "intangibleAssets": 3239000, "otherAssets": 207204000, "totalAssets": 6769408000, "accountsPayable": 306214000, "shortLongTermDebt": 465832000, "otherCurrentLiab": 232209000, "longTermDebt": 1202805000, "otherLiab": 1144199000, "totalCurrentLiabilities": 2048601000, "totalLiab": 4395605000, "commonStock": 60000000, "retainedEarnings": 2319726000, "treasuryStock": -7256000, "capitalSurplus": 1333000, "otherStockholderEquity": -7256000, "totalStockholderEquity": 2373803000, "netTangibleAssets": 2370564000}, {"maxAge": 1, "endDate": "2018-03-31", "cash": 777506000, "netReceivables": 921876000, "inventory": 1052625000, "otherCurrentAssets": 276280000, "totalCurrentAssets": 3028287000, "longTermInvestments": 315000, "propertyPlantEquipment": 2740115000, "intangibleAssets": 4326000, "otherAssets": 101158000, "totalAssets": 5874201000, "accountsPayable": 290825000, "shortLongTermDebt": 323956000, "otherCurrentLiab": 309854000, "longTermDebt": 918828000, "otherLiab": 925483000, "totalCurrentLiabilities": 1908937000, "totalLiab": 3753248000, "commonStock": 60000000, "retainedEarnings": 2061913000, "treasuryStock": -2293000, "capitalSurplus": 1333000, "otherStockholderEquity": -2293000, "totalStockholderEquity": 2120953000, "netTangibleAssets": 2116627000}, {"maxAge": 1, "endDate": "2017-03-31", "cash": 896551000, "netReceivables": 777599000, "inventory": 1268485000, "otherCurrentAssets": 233463000, "totalCurrentAssets": 3197470000, "longTermInvestments": 1000, "propertyPlantEquipment": 2146831000, "intangibleAssets": 5273000, "otherAssets": 91597000, "totalAssets": 5441172000, "accountsPayable": 260107000, "shortLongTermDebt": 253995000, "otherCurrentLiab": 226181000, "longTermDebt": 693563000, "otherLiab": 1470617000, "totalCurrentLiabilities": 1443945000, "totalLiab": 3608125000, "commonStock": 60000000, "retainedEarnings": 1775715000, "treasuryStock": -4001000, "capitalSurplus": 1333000, "otherStockholderEquity": -4001000, "totalStockholderEquity": 1833047000, "netTangibleAssets": 1827774000}], "maxAge": 86400}, "earningsTrend": {"trend": [{"maxAge": 1, "period": "0q", "endDate": "2017-12-31", "growth": {}, "earningsEstimate": {"avg": 0.0, "low": 0.0, "high": 0.0, "yearAgoEps": {}, "numberOfAnalysts": 0, "growth": {}}, "revenueEstimate": {"avg": 2532400000, "low": 0, "high": 0, "numberOfAnalysts": 0, "yearAgoRevenue": {}, "growth": {}}, "epsTrend": {"current": 0.0, "7daysAgo": 0.0, "30daysAgo": 0.0, "60daysAgo": 0.0, "90daysAgo": 0.0}, "epsRevisions": {"upLast7days": 0, "upLast30days": 0, "downLast30days": 0, "downLast90days": {}}}, {"maxAge": 1, "period": "+1q", "endDate": "2018-03-31", "growth": {}, "earningsEstimate": {"avg": 0.0, "low": 0.0, "high": 0.0, "yearAgoEps": {}, "numberOfAnalysts": 0, "growth": {}}, "revenueEstimate": {"avg": 1763400000, "low": 0, "high": 0, "numberOfAnalysts": 0, "yearAgoRevenue": {}, "growth": {}}, "epsTrend": {"current": 0.0, "7daysAgo": 0.0, "30daysAgo": 0.0, "60daysAgo": 0.0, "90daysAgo": 0.0}, "epsRevisions": {"upLast7days": 0, "upLast30days": 0, "downLast30days": 0, "downLast90days": {}}}, {"maxAge": 1, "period": "0y", "endDate": "2018-03-31", "growth": {}, "earningsEstimate": {"avg": 0.0, "low": 0.0, "high": 0.0, "yearAgoEps": {}, "numberOfAnalysts": 0, "growth": {}}, "revenueEstimate": {"avg": 4733000000, "low": 4172170000, "high": 4172170000, "numberOfAnalysts": 1, "yearAgoRevenue": {}, "growth": {}}, "epsTrend": {"current": 0.0, "7daysAgo": 91.31, "30daysAgo": 91.31, "60daysAgo": 91.31, "90daysAgo": 91.31}, "epsRevisions": {"upLast7days": 0, "upLast30days": 0, "downLast30days": 0, "downLast90days": {}}}, {"maxAge": 1, "period": "+1y", "endDate": "2019-03-31", "growth": {}, "earningsEstimate": {"avg": 0.0, "low": 0.0, "high": 0.0, "yearAgoEps": {}, "numberOfAnalysts": 0, "growth": {}}, "revenueEstimate": {"avg": 5253740000, "low": 5253740000, "high": 5253740000, "numberOfAnalysts": 1, "yearAgoRevenue": 4733000000, "growth": 0.11}, "epsTrend": {"current": 0.0, "7daysAgo": 110.38, "30daysAgo": 110.38, "60daysAgo": 110.38, "90daysAgo": 110.38}, "epsRevisions": {"upLast7days": 1, "upLast30days": 1, "downLast30days": 0, "downLast90days": {}}}, {"maxAge": 1, "period": "+5y", "endDate": null, "growth": {}, "earningsEstimate": {"avg": {}, "low": {}, "high": {}, "yearAgoEps": {}, "numberOfAnalysts": {}, "growth": {}}, "revenueEstimate": {"avg": {}, "low": {}, "high": {}, "numberOfAnalysts": {}, "yearAgoRevenue": {}, "growth": {}}, "epsTrend": {"current": {}, "7daysAgo": {}, "30daysAgo": {}, "60daysAgo": {}, "90daysAgo": {}}, "epsRevisions": {"upLast7days": {}, "upLast30days": {}, "downLast30days": {}, "downLast90days": {}}}, {"maxAge": 1, "period": "-5y", "endDate": null, "growth": {}, "earningsEstimate": {"avg": {}, "low": {}, "high": {}, "yearAgoEps": {}, "numberOfAnalysts": {}, "growth": {}}, "revenueEstimate": {"avg": {}, "low": {}, "high": {}, "numberOfAnalysts": {}, "yearAgoRevenue": {}, "growth": {}}, "epsTrend": {"current": {}, "7daysAgo": {}, "30daysAgo": {}, "60daysAgo": {}, "90daysAgo": {}}, "epsRevisions": {"upLast7days": {}, "upLast30days": {}, "downLast30days": {}, "downLast90days": {}}}], "maxAge": 1}, "financialData": {"maxAge": 86400, "currentPrice": 630.7, "targetHighPrice": 1820.95, "targetLowPrice": 1820.95, "targetMeanPrice": 1820.95, "targetMedianPrice": 1820.95, "recommendationKey": "none", "numberOfAnalystOpinions": 1, "grossProfits": 2806373000, "financialCurrency": "INR"}}}