{"ENDURANCE.BO": {"recommendationTrend": {"trend": [{"period": "0m", "strongBuy": 0, "buy": 0, "hold": 0, "sell": 0, "strongSell": 0}, {"period": "-1m", "strongBuy": 0, "buy": 0, "hold": 0, "sell": 0, "strongSell": 0}, {"period": "-2m", "strongBuy": 0, "buy": 0, "hold": 0, "sell": 0, "strongSell": 0}, {"period": "-3m", "strongBuy": 0, "buy": 0, "hold": 0, "sell": 0, "strongSell": 0}], "maxAge": 86400}, "cashflowStatementHistory": {"cashflowStatements": [{"maxAge": 1, "endDate": "2020-03-31", "netIncome": 5655340000, "depreciation": 4120870000, "changeToNetincome": -222520000, "changeToAccountReceivables": 2527460000, "changeToLiabilities": -1057430000, "changeToInventory": -100880000, "changeToOperatingActivities": -830840000, "totalCashFromOperatingActivities": 10113960000, "capitalExpenditures": -5825200000, "investments": -1243580000, "otherCashflowsFromInvestingActivities": 9520000, "totalCashflowsFromInvestingActivities": -6705950000, "dividendsPaid": -1547110000, "netBorrowings": -542450000, "otherCashflowsFromFinancingActivities": -486870000, "totalCashFromFinancingActivities": -2576430000, "changeInCash": 831580000}, {"maxAge": 1, "endDate": "2019-03-31", "netIncome": 4950060000, "depreciation": 3729710000, "changeToNetincome": -33700000, "changeToAccountReceivables": 918370000, "changeToLiabilities": -375880000, "changeToInventory": -100530000, "changeToOperatingActivities": -137020000, "totalCashFromOperatingActivities": 8983400000, "capitalExpenditures": -7137740000, "investments": 145540000, "otherCashflowsFromInvestingActivities": 15100000, "totalCashflowsFromInvestingActivities": -7251620000, "dividendsPaid": -562610000, "netBorrowings": -761810000, "otherCashflowsFromFinancingActivities": -348540000, "totalCashFromFinancingActivities": -1672960000, "changeInCash": 351610000}, {"maxAge": 1, "endDate": "2018-03-31", "netIncome": 3907570000, "depreciation": 3180650000, "changeToNetincome": 315420000, "changeToAccountReceivables": -2079870000, "changeToLiabilities": 2667420000, "changeToInventory": -500230000, "changeToOperatingActivities": -105480000, "totalCashFromOperatingActivities": 7420680000, "capitalExpenditures": -4452690000, "investments": -106330000, "otherCashflowsFromInvestingActivities": 14580000, "totalCashflowsFromInvestingActivities": -4355330000, "dividendsPaid": -351610000, "netBorrowings": 396090000, "otherCashflowsFromFinancingActivities": -280080000, "totalCashFromFinancingActivities": -235600000, "changeInCash": 2829750000}, {"maxAge": 1, "endDate": "2017-03-31", "netIncome": 3303100000, "depreciation": 2905060000, "changeToNetincome": -274700000, "changeToAccountReceivables": -1688720000, "changeToLiabilities": 1282140000, "changeToInventory": -339650000, "changeToOperatingActivities": 183540000, "totalCashFromOperatingActivities": 5370770000, "capitalExpenditures": -4100680000, "investments": 189650000, "otherCashflowsFromInvestingActivities": 7520000, "totalCashflowsFromInvestingActivities": -3606850000, "dividendsPaid": -52750000, "netBorrowings": -861310000, "otherCashflowsFromFinancingActivities": -309600000, "totalCashFromFinancingActivities": -1223660000, "changeInCash": 540260000}], "maxAge": 86400}, "institutionOwnership": {"ownershipList": [], "maxAge": 1}, "balanceSheetHistoryQuarterly": {"balanceSheetStatements": [{"maxAge": 1, "endDate": "2020-06-30", "totalStockholderEquity": 30060440000, "netTangibleAssets": 27906650000}, {"maxAge": 1, "endDate": "2020-03-31", "cash": 6208750000, "shortTermInvestments": 1684120000, "netReceivables": 7428120000, "inventory": 5832920000, "otherCurrentAssets": 209440000, "totalCurrentAssets": 21475550000, "longTermInvestments": 11880000, "propertyPlantEquipment": 25168760000, "goodWill": 1624390000, "intangibleAssets": 529400000, "otherAssets": 1889090000, "deferredLongTermAssetCharges": 320770000, "totalAssets": 50699070000, "accountsPayable": 10662270000, "shortLongTermDebt": 1826160000, "otherCurrentLiab": 1262510000, "longTermDebt": 3604570000, "otherLiab": 973600000, "totalCurrentLiabilities": 15644170000, "totalLiab": 20638630000, "commonStock": 1406630000, "retainedEarnings": 26983110000, "treasuryStock": 1510300000, "capitalSurplus": 160400000, "otherStockholderEquity": 1510300000, "totalStockholderEquity": 30060440000, "netTangibleAssets": 27906650000}, {"maxAge": 1, "endDate": "2019-12-31", "totalStockholderEquity": 27951330000, "netTangibleAssets": 26121580000}, {"maxAge": 1, "endDate": "2019-09-30", "cash": 3519280000, "shortTermInvestments": 2061260000, "netReceivables": 9094290000, "inventory": 5475250000, "otherCurrentAssets": 961300000, "totalCurrentAssets": 21111380000, "longTermInvestments": 11930000, "propertyPlantEquipment": 24501430000, "goodWill": 1512480000, "intangibleAssets": 317270000, "otherAssets": 1152580000, "deferredLongTermAssetCharges": 275940000, "totalAssets": 48607070000, "accountsPayable": 11367510000, "otherCurrentLiab": 3886370000, "longTermDebt": 2978850000, "otherLiab": 967560000, "totalCurrentLiabilities": 16709330000, "totalLiab": 20655740000, "commonStock": 1406630000, "treasuryStock": 26544700000, "otherStockholderEquity": 26544700000, "totalStockholderEquity": 27951330000, "netTangibleAssets": 26121580000}], "maxAge": 86400}, "earningsHistory": {"history": [{"maxAge": 1, "epsActual": {}, "epsEstimate": {}, "epsDifference": {}, "surprisePercent": {}, "quarter": {}, "period": "-4q"}, {"maxAge": 1, "epsActual": {}, "epsEstimate": {}, "epsDifference": {}, "surprisePercent": {}, "quarter": {}, "period": "-3q"}, {"maxAge": 1, "epsActual": 6.86, "epsEstimate": 6.22, "epsDifference": 0.64, "surprisePercent": 0.103, "quarter": "2017-06-30", "period": "-2q"}, {"maxAge": 1, "epsActual": 8.9, "epsEstimate": 9.11, "epsDifference": -0.21, "surprisePercent": -0.023, "quarter": "2018-09-30", "period": "-1q"}], "maxAge": 86400}, "indexTrend": {"maxAge": 1, "symbol": "SP5", "peRatio": 19.7411, "pegRatio": 1.34172, "estimates": [{"period": "0q", "growth": 0.549}, {"period": "+1q", "growth": 0.431}, {"period": "0y", "growth": 0.305}, {"period": "+1y", "growth": 0.109}, {"period": "+5y", "growth": 0.120865}, {"period": "-5y"}]}, "industryTrend": {"maxAge": 1, "symbol": null, "estimates": []}, "insiderTransactions": {"transactions": [{"maxAge": 1, "shares": 600, "filerUrl": "", "transactionText": "", "filerName": "Kanthamani (Srihari)", "filerRelation": "UNREPORTED", "moneyText": "", "startDate": "2019-08-13", "ownership": "D"}, {"maxAge": 1, "shares": 10552688, "filerUrl": "", "transactionText": "", "filerName": "Jain (Anurang)", "filerRelation": "Managing Director", "moneyText": "", "startDate": "2019-03-07", "ownership": "D"}], "maxAge": 1}, "quoteType": {"exchange": "BSE", "quoteType": "EQUITY", "symbol": "ENDURANCE.BO", "underlyingSymbol": "ENDURANCE.BO", "shortName": "Endurance Technologies Limited", "longName": "Endurance Technologies Limited", "firstTradeDateEpochUtc": "2016-10-19 09:15:00", "timeZoneFullName": "Asia/Kolkata", "timeZoneShortName": "IST", "uuid": "ad23bf5d-216d-30f2-8e1c-69d950884a54", "gmtOffSetMilliseconds": 19800000, "maxAge": 1}, "incomeStatementHistory": {"incomeStatementHistory": [{"maxAge": 1, "endDate": "2020-03-31", "totalRevenue": 69177070000, "costOfRevenue": 37352080000, "grossProfit": 31824990000, "researchDevelopment": {}, "sellingGeneralAdministrative": 6773250000, "nonRecurring": {}, "otherOperatingExpenses": 13742990000, "totalOperatingExpenses": 62012190000, "operatingIncome": 7164880000, "totalOtherIncomeExpenseNet": 300580000, "ebit": 7164880000, "interestExpense": -113660000, "incomeBeforeTax": 7465460000, "incomeTaxExpense": 1810120000, "minorityInterest": {}, "netIncomeFromContinuingOps": 5655340000, "discontinuedOperations": {}, "extraordinaryItems": {}, "effectOfAccountingCharges": {}, "otherItems": {}, "netIncome": 5655340000, "netIncomeApplicableToCommonShares": 5655340000}, {"maxAge": 1, "endDate": "2019-03-31", "totalRevenue": 75104990000, "costOfRevenue": 43494540000, "grossProfit": 31610450000, "researchDevelopment": {}, "sellingGeneralAdministrative": 6527440000, "nonRecurring": {}, "otherOperatingExpenses": 13793140000, "totalOperatingExpenses": 67579330000, "operatingIncome": 7525660000, "totalOtherIncomeExpenseNet": -194860000, "ebit": 7525660000, "interestExpense": -186900000, "incomeBeforeTax": 7330800000, "incomeTaxExpense": 2380740000, "minorityInterest": {}, "netIncomeFromContinuingOps": 4950060000, "discontinuedOperations": {}, "extraordinaryItems": {}, "effectOfAccountingCharges": {}, "otherItems": {}, "netIncome": 4950060000, "netIncomeApplicableToCommonShares": 4950060000}, {"maxAge": 1, "endDate": "2018-03-31", "totalRevenue": 63513760000, "costOfRevenue": 36609140000, "grossProfit": 26904620000, "researchDevelopment": {}, "sellingGeneralAdministrative": 5907600000, "nonRecurring": {}, "otherOperatingExpenses": 11698010000, "totalOperatingExpenses": 57430600000, "operatingIncome": 6083160000, "totalOtherIncomeExpenseNet": -289780000, "ebit": 6083160000, "interestExpense": -185530000, "incomeBeforeTax": 5793380000, "incomeTaxExpense": 1885810000, "minorityInterest": {}, "netIncomeFromContinuingOps": 3907570000, "discontinuedOperations": {}, "extraordinaryItems": {}, "effectOfAccountingCharges": {}, "otherItems": {}, "netIncome": 3907570000, "netIncomeApplicableToCommonShares": 3907570000}, {"maxAge": 1, "endDate": "2017-03-31", "totalRevenue": 55908680000, "costOfRevenue": 32259450000, "grossProfit": 23649230000, "researchDevelopment": {}, "sellingGeneralAdministrative": 5523370000, "nonRecurring": {}, "otherOperatingExpenses": 10512560000, "totalOperatingExpenses": 51200440000, "operatingIncome": 4708240000, "totalOtherIncomeExpenseNet": -61790000, "ebit": 4708240000, "interestExpense": -262310000, "incomeBeforeTax": 4646450000, "incomeTaxExpense": 1343350000, "minorityInterest": {}, "netIncomeFromContinuingOps": 3303100000, "discontinuedOperations": {}, "extraordinaryItems": {}, "effectOfAccountingCharges": {}, "otherItems": {}, "netIncome": 3303100000, "netIncomeApplicableToCommonShares": 3303100000}], "maxAge": 86400}, "fundOwnership": {"ownershipList": [{"maxAge": 1, "reportDate": "2020-07-31", "organization": "Vanguard International Stock Index-Emerging Markets Stk", "pctHeld": 0.003, "position": 425295, "value": 384870710}, {"maxAge": 1, "reportDate": "2020-07-31", "organization": "Vanguard International Stock Index-Total Intl Stock Indx", "pctHeld": 0.0027, "position": 378079, "value": 342142591}, {"maxAge": 1, "reportDate": "2020-07-31", "organization": "iShares Core MSCI Emerging Markets ETF", "pctHeld": 0.0019, "position": 261871, "value": 236980161}, {"maxAge": 1, "reportDate": "2020-07-31", "organization": "Vanguard Intl Equity Index Fds-FTSE All World ex U.S.Small Cap Index", "pctHeld": 0.00059999997, "position": 90165, "value": 81594816}, {"maxAge": 1, "reportDate": "2020-08-31", "organization": "iShares MSCI India Small Cap ETF", "pctHeld": 0.0005, "position": 74592, "value": 81943041}, {"maxAge": 1, "reportDate": "2020-08-31", "organization": "WisdomTree Tr-WisdomTree Emerging Markets Small Cap Dividend Fund", "pctHeld": 0.00029999999, "position": 45360, "value": 49830228}, {"maxAge": 1, "reportDate": "2020-07-31", "organization": "DFA Emerging Markets Core Equity Portfolio", "pctHeld": 0.00029999999, "position": 39134, "value": 35414313}, {"maxAge": 1, "reportDate": "2020-07-31", "organization": "DFA Emerging Markets Small Cap Series", "pctHeld": 0.0002, "position": 33286, "value": 30122165}, {"maxAge": 1, "reportDate": "2020-06-30", "organization": "College Retirement Equities Fund-Stock Account", "pctHeld": 0.0002, "position": 23401, "value": 20345999}, {"maxAge": 1, "reportDate": "2020-08-31", "organization": "WisdomTree Tr-WisdomTree India Earnings Fd", "pctHeld": 0.0001, "position": 15453, "value": 16975893}], "maxAge": 1}, "summaryDetail": {"maxAge": 1, "priceHint": 2, "previousClose": 1297.3, "open": 1287.0, "dayLow": 1276.0, "dayHigh": 1321.4, "regularMarketPreviousClose": 1297.3, "regularMarketOpen": 1287.0, "regularMarketDayLow": 1276.0, "regularMarketDayHigh": 1321.4, "trailingPE": 48.6965, "forwardPE": 29.265102, "volume": 72080, "regularMarketVolume": 72080, "averageVolume": 10914, "averageVolume10days": 20835, "averageDailyVolume10Day": 20835, "bid": 1305.0, "ask": 1324.0, "bidSize": 0, "askSize": 0, "marketCap": 182599614464, "fiftyTwoWeekLow": 562.0, "fiftyTwoWeekHigh": 1464.7, "fiftyDayAverage": 1324.8773, "twoHundredDayAverage": 1121.618, "trailingAnnualDividendRate": 5.5, "trailingAnnualDividendYield": 0.0042395745, "currency": "INR", "fromCurrency": null, "lastMarket": null, "algorithm": null, "tradeable": false}, "sectorTrend": {"maxAge": 1, "symbol": null, "estimates": []}, "incomeStatementHistoryQuarterly": {"incomeStatementHistory": [{"maxAge": 1, "endDate": "2020-06-30", "totalRevenue": 6031120000, "costOfRevenue": 2889460000, "grossProfit": 3141660000, "researchDevelopment": {}, "sellingGeneralAdministrative": 1319960000, "nonRecurring": {}, "otherOperatingExpenses": 1394440000, "totalOperatingExpenses": 6459360000, "operatingIncome": -428240000, "totalOtherIncomeExpenseNet": 67040000, "ebit": -428240000, "interestExpense": -41510000, "incomeBeforeTax": -361200000, "incomeTaxExpense": -111910000, "minorityInterest": {}, "netIncomeFromContinuingOps": -249290000, "discontinuedOperations": {}, "extraordinaryItems": {}, "effectOfAccountingCharges": {}, "otherItems": {}, "netIncome": -249040000, "netIncomeApplicableToCommonShares": -249040000}, {"maxAge": 1, "endDate": "2020-03-31", "totalRevenue": 15967520000, "costOfRevenue": 8664240000, "grossProfit": 7303280000, "researchDevelopment": {}, "sellingGeneralAdministrative": 1627240000, "nonRecurring": {}, "otherOperatingExpenses": 3296460000, "totalOperatingExpenses": 14818880000, "operatingIncome": 1148640000, "totalOtherIncomeExpenseNet": 148960000, "ebit": 1148640000, "interestExpense": -41510000, "incomeBeforeTax": 1297600000, "incomeTaxExpense": 229300000, "minorityInterest": {}, "netIncomeFromContinuingOps": 1068300000, "discontinuedOperations": {}, "extraordinaryItems": {}, "effectOfAccountingCharges": {}, "otherItems": {}, "netIncome": 1068300000, "netIncomeApplicableToCommonShares": 1068300000}, {"maxAge": 1, "endDate": "2019-12-31", "totalRevenue": 16405290000, "costOfRevenue": 8765170000, "grossProfit": 7640120000, "researchDevelopment": {}, "sellingGeneralAdministrative": 1693780000, "nonRecurring": {}, "otherOperatingExpenses": 3341330000, "totalOperatingExpenses": 14800000000, "operatingIncome": 1605290000, "totalOtherIncomeExpenseNet": 76030000, "ebit": 1605290000, "interestExpense": -43240000, "incomeBeforeTax": 1681320000, "incomeTaxExpense": 440970000, "minorityInterest": {}, "netIncomeFromContinuingOps": 1240350000, "discontinuedOperations": {}, "extraordinaryItems": {}, "effectOfAccountingCharges": {}, "otherItems": {}, "netIncome": 1240350000, "netIncomeApplicableToCommonShares": 1240350000}, {"maxAge": 1, "endDate": "2019-09-30", "totalRevenue": 17712560000, "costOfRevenue": 9570260000, "grossProfit": 8142300000, "researchDevelopment": {}, "sellingGeneralAdministrative": 1659680000, "nonRecurring": {}, "otherOperatingExpenses": 3572110000, "totalOperatingExpenses": 15787940000, "operatingIncome": 1924620000, "totalOtherIncomeExpenseNet": 65770000, "ebit": 1924620000, "interestExpense": -48590000, "incomeBeforeTax": 1990390000, "incomeTaxExpense": 299560000, "minorityInterest": {}, "netIncomeFromContinuingOps": 1690830000, "discontinuedOperations": {}, "extraordinaryItems": {}, "effectOfAccountingCharges": {}, "otherItems": {}, "netIncome": 1690830000, "netIncomeApplicableToCommonShares": 1690830000}], "maxAge": 86400}, "cashflowStatementHistoryQuarterly": {"cashflowStatements": [{"maxAge": 1, "endDate": "2020-06-30", "netIncome": -249040000, "changeToLiabilities": 0}, {"maxAge": 1, "endDate": "2020-03-31", "netIncome": 1068300000, "changeToLiabilities": 0}, {"maxAge": 1, "endDate": "2019-12-31", "netIncome": 1240350000, "changeToLiabilities": 0}, {"maxAge": 1, "endDate": "2019-09-30", "netIncome": 1690830000, "changeToLiabilities": 0}], "maxAge": 86400}, "insiderHolders": {"holders": [{"maxAge": 1, "name": "Jain (Anurang)", "relation": "Managing Director", "url": "", "transactionDescription": "Sale", "latestTransDate": "2019-03-07", "positionDirect": 43396976, "positionDirectDate": "2019-03-07"}, {"maxAge": 1, "name": "Kanthamani (Srihari)", "relation": "UNREPORTED", "url": "", "transactionDescription": "Acquisition", "latestTransDate": "2019-08-13", "positionDirect": 600, "positionDirectDate": "2019-08-13"}], "maxAge": 1}, "earnings": {"maxAge": 86400, "earningsChart": {"quarterly": [{"date": "2Q2017", "actual": 6.86, "estimate": 6.22}, {"date": "3Q2018", "actual": 8.9, "estimate": 9.11}], "currentQuarterEstimateDate": "4Q", "currentQuarterEstimateYear": 2018, "earningsDate": []}, "financialsChart": {"yearly": [{"date": 2017, "revenue": 55908680000, "earnings": 3303100000}, {"date": 2018, "revenue": 63513760000, "earnings": 3907570000}, {"date": 2019, "revenue": 75104990000, "earnings": 4950060000}, {"date": 2020, "revenue": 69177070000, "earnings": 5655340000}], "quarterly": [{"date": "3Q2019", "revenue": 17712560000, "earnings": 1690830000}, {"date": "4Q2019", "revenue": 16405290000, "earnings": 1240350000}, {"date": "1Q2020", "revenue": 15967520000, "earnings": 1068300000}, {"date": "2Q2020", "revenue": 6031120000, "earnings": -249040000}]}, "financialCurrency": "INR"}, "calendarEvents": {"maxAge": 1, "earnings": {"earningsDate": [], "revenueAverage": 19467300000, "revenueLow": 18599000000, "revenueHigh": 20335600000}}, "upgradeDowngradeHistory": {"history": [], "maxAge": 86400}, "price": {"maxAge": 1, "regularMarketChangePercent": 0.00069367327, "regularMarketChange": 0.89990234, "regularMarketTime": "2021-04-30 15:29:47", "priceHint": 2, "regularMarketPrice": 1298.2, "regularMarketDayHigh": 1321.4, "regularMarketDayLow": 1276.0, "regularMarketVolume": 72080, "averageDailyVolume10Day": 20835, "averageDailyVolume3Month": 10914, "regularMarketPreviousClose": 1297.3, "regularMarketSource": "FREE_REALTIME", "regularMarketOpen": 1287.0, "exchange": "BSE", "exchangeName": "BSE", "exchangeDataDelayedBy": 0, "marketState": "CLOSED", "quoteType": "EQUITY", "symbol": "ENDURANCE.BO", "underlyingSymbol": null, "shortName": "Endurance Technologies Limited", "longName": "Endurance Technologies Limited", "currency": "INR", "quoteSourceName": "Delayed Quote", "currencySymbol": "\u20b9", "fromCurrency": null, "lastMarket": null, "marketCap": 182599614464}, "balanceSheetHistory": {"balanceSheetStatements": [{"maxAge": 1, "endDate": "2020-03-31", "cash": 6208750000, "shortTermInvestments": 1684120000, "netReceivables": 7428120000, "inventory": 5832920000, "otherCurrentAssets": 209440000, "totalCurrentAssets": 21475550000, "longTermInvestments": 11880000, "propertyPlantEquipment": 25168760000, "goodWill": 1624390000, "intangibleAssets": 529400000, "otherAssets": 1889090000, "deferredLongTermAssetCharges": 320770000, "totalAssets": 50699070000, "accountsPayable": 10662270000, "shortLongTermDebt": 1826160000, "otherCurrentLiab": 1262510000, "longTermDebt": 3604570000, "otherLiab": 973600000, "totalCurrentLiabilities": 15644170000, "totalLiab": 20638630000, "commonStock": 1406630000, "retainedEarnings": 26983110000, "treasuryStock": 1510300000, "capitalSurplus": 160400000, "otherStockholderEquity": 1510300000, "totalStockholderEquity": 30060440000, "netTangibleAssets": 27906650000}, {"maxAge": 1, "endDate": "2019-03-31", "cash": 5377170000, "shortTermInvestments": 350620000, "netReceivables": 9711440000, "inventory": 5843690000, "otherCurrentAssets": 254390000, "totalCurrentAssets": 21655210000, "longTermInvestments": 12750000, "propertyPlantEquipment": 21008670000, "goodWill": 1519800000, "intangibleAssets": 280760000, "otherAssets": 3383240000, "deferredLongTermAssetCharges": 311320000, "totalAssets": 47860430000, "accountsPayable": 11734610000, "shortLongTermDebt": 1599650000, "otherCurrentLiab": 2058960000, "longTermDebt": 3177590000, "otherLiab": 906670000, "totalCurrentLiabilities": 17842960000, "totalLiab": 22213640000, "commonStock": 1406630000, "retainedEarnings": 23228480000, "treasuryStock": 851280000, "capitalSurplus": 160400000, "otherStockholderEquity": 851280000, "totalStockholderEquity": 25646790000, "netTangibleAssets": 23846230000}, {"maxAge": 1, "endDate": "2018-03-31", "cash": 5025560000, "shortTermInvestments": 457430000, "netReceivables": 9778910000, "inventory": 5646720000, "otherCurrentAssets": 475500000, "totalCurrentAssets": 21501090000, "longTermInvestments": 10100000, "propertyPlantEquipment": 17250180000, "goodWill": 1577230000, "intangibleAssets": 273960000, "otherAssets": 2800250000, "deferredLongTermAssetCharges": 119890000, "totalAssets": 43412810000, "accountsPayable": 11284230000, "shortLongTermDebt": 2064000000, "otherCurrentLiab": 1790860000, "longTermDebt": 3510710000, "otherLiab": 309620000, "totalCurrentLiabilities": 17571400000, "totalLiab": 21684280000, "commonStock": 1406630000, "retainedEarnings": 18985510000, "treasuryStock": 1175990000, "capitalSurplus": 160400000, "otherStockholderEquity": 1175990000, "totalStockholderEquity": 21728530000, "netTangibleAssets": 19877340000}, {"maxAge": 1, "endDate": "2017-03-31", "cash": 2195810000, "shortTermInvestments": 323350000, "netReceivables": 7663820000, "inventory": 4909610000, "otherCurrentAssets": 814870000, "totalCurrentAssets": 16016070000, "longTermInvestments": 10110000, "propertyPlantEquipment": 15168470000, "goodWill": 1354830000, "intangibleAssets": 251790000, "otherAssets": 2311100000, "deferredLongTermAssetCharges": 189520000, "totalAssets": 35112370000, "accountsPayable": 8641880000, "shortLongTermDebt": 1635400000, "otherCurrentLiab": 1676520000, "longTermDebt": 2732290000, "otherLiab": 378240000, "totalCurrentLiabilities": 14018520000, "totalLiab": 17819030000, "commonStock": 1406630000, "retainedEarnings": 15503980000, "treasuryStock": 222330000, "capitalSurplus": 160400000, "otherStockholderEquity": 222330000, "totalStockholderEquity": 17293340000, "netTangibleAssets": 15686720000}], "maxAge": 86400}, "earningsTrend": {"trend": [{"maxAge": 1, "period": "0q", "endDate": "2018-12-31", "growth": {}, "earningsEstimate": {"avg": 0.0, "low": 0.0, "high": 0.0, "yearAgoEps": {}, "numberOfAnalysts": 0, "growth": {}}, "revenueEstimate": {"avg": 19467300000, "low": 18599000000, "high": 20335600000, "numberOfAnalysts": 2, "yearAgoRevenue": 11198600000, "growth": 0.73800004}, "epsTrend": {"current": 0.0, "7daysAgo": 0.0, "30daysAgo": 0.0, "60daysAgo": 0.0, "90daysAgo": 0.0}, "epsRevisions": {"upLast7days": 0, "upLast30days": 0, "downLast30days": 0, "downLast90days": {}}}, {"maxAge": 1, "period": "+1q", "endDate": "2019-03-31", "growth": {}, "earningsEstimate": {"avg": 0.0, "low": 0.0, "high": 0.0, "yearAgoEps": {}, "numberOfAnalysts": 0, "growth": {}}, "revenueEstimate": {"avg": 20461000000, "low": 20461000000, "high": 20461000000, "numberOfAnalysts": 1, "yearAgoRevenue": 12791800000, "growth": 0.6}, "epsTrend": {"current": 0.0, "7daysAgo": 0.0, "30daysAgo": 0.0, "60daysAgo": 0.0, "90daysAgo": 0.0}, "epsRevisions": {"upLast7days": 0, "upLast30days": 0, "downLast30days": 0, "downLast90days": {}}}, {"maxAge": 1, "period": "0y", "endDate": "2019-03-31", "growth": {}, "earningsEstimate": {"avg": 0.0, "low": 0.0, "high": 0.0, "yearAgoEps": {}, "numberOfAnalysts": 0, "growth": {}}, "revenueEstimate": {"avg": 77186800000, "low": 76659500000, "high": 77977000000, "numberOfAnalysts": 6, "yearAgoRevenue": 47874100000, "growth": 0.612}, "epsTrend": {"current": 0.0, "7daysAgo": 36.26, "30daysAgo": 36.26, "60daysAgo": 36.26, "90daysAgo": 36.26}, "epsRevisions": {"upLast7days": 0, "upLast30days": 0, "downLast30days": 0, "downLast90days": {}}}, {"maxAge": 1, "period": "+1y", "endDate": "2020-03-31", "growth": {}, "earningsEstimate": {"avg": 0.0, "low": 0.0, "high": 0.0, "yearAgoEps": {}, "numberOfAnalysts": 0, "growth": {}}, "revenueEstimate": {"avg": 90135500000, "low": 87391900000, "high": 94457000000, "numberOfAnalysts": 6, "yearAgoRevenue": 77186800000, "growth": 0.168}, "epsTrend": {"current": 0.0, "7daysAgo": 44.36, "30daysAgo": 44.36, "60daysAgo": 44.36, "90daysAgo": 44.36}, "epsRevisions": {"upLast7days": 0, "upLast30days": 0, "downLast30days": 0, "downLast90days": {}}}, {"maxAge": 1, "period": "+5y", "endDate": null, "growth": {}, "earningsEstimate": {"avg": {}, "low": {}, "high": {}, "yearAgoEps": {}, "numberOfAnalysts": {}, "growth": {}}, "revenueEstimate": {"avg": {}, "low": {}, "high": {}, "numberOfAnalysts": {}, "yearAgoRevenue": {}, "growth": {}}, "epsTrend": {"current": {}, "7daysAgo": {}, "30daysAgo": {}, "60daysAgo": {}, "90daysAgo": {}}, "epsRevisions": {"upLast7days": {}, "upLast30days": {}, "downLast30days": {}, "downLast90days": {}}}, {"maxAge": 1, "period": "-5y", "endDate": null, "growth": {}, "earningsEstimate": {"avg": {}, "low": {}, "high": {}, "yearAgoEps": {}, "numberOfAnalysts": {}, "growth": {}}, "revenueEstimate": {"avg": {}, "low": {}, "high": {}, "numberOfAnalysts": {}, "yearAgoRevenue": {}, "growth": {}}, "epsTrend": {"current": {}, "7daysAgo": {}, "30daysAgo": {}, "60daysAgo": {}, "90daysAgo": {}}, "epsRevisions": {"upLast7days": {}, "upLast30days": {}, "downLast30days": {}, "downLast90days": {}}}], "maxAge": 1}, "financialData": {"maxAge": 86400, "currentPrice": 1298.2, "targetHighPrice": 1506.0, "targetLowPrice": 927.0, "targetMeanPrice": 1328.67, "targetMedianPrice": 1380.0, "recommendationKey": "none", "numberOfAnalystOpinions": 6, "grossProfits": 31824990000, "financialCurrency": "INR"}}}