{"ENDURANCE.NS": {"assetProfile": {"address1": "E-92, MIDC Industrial Area", "address2": "Waluj", "city": "Aurangabad", "zip": "431136", "country": "India", "phone": "91 24 0256 9600", "fax": "91 24 0256 9703", "website": "http://www.endurancegroup.com", "industry": "Auto Parts", "sector": "Consumer Cyclical", "longBusinessSummary": "Endurance Technologies Limited, together with its subsidiaries, manufactures and supplies automotive components for original equipment manufacturers in the automotive industry in India and Europe. The company offers die castings, such as high pressure, low pressure, and gravity die castings; machining components, which comprise engines, gearboxes, and transmission parts; other metallic components assembling services, including aluminum alloys, cast iron, and steel; and suspension products, including hydraulic, mono, oleo pneumatic shock absorbers, steel wheel hubs, head axles, cross members, and steering housings, as well as conventional and inverted front forks, and front fork assemblies. It also provides transmission products comprising clutch assemblies, and cork and paper based friction plates; and continuous variable transmission assemblies; transmission housing, gearbox housing, torque convertor housing, and oil modules for electric vehicles; plastic components, including engine covers for automotive applications; and engine parts, such as cam carrier, exhaust manifold, oil pan, various brackets. In addition, the company offers brake systems that include disc brakes, hydraulic drum brakes, tandem master cylinders, and asbestos free brake shoes, as well as disc brake assemblies, drum brake assemblies, and rotary discs, as well as aftermarket sales services. Further, it provides spare parts for dealers. The company offers its products for use in two, three, and four wheelers, as well as scooters and quadricycles. Endurance Technologies Limited was founded in 1985 and is based in Aurangabad, India.", "fullTimeEmployees": 4856, "companyOfficers": [{"maxAge": 1, "name": "Mr. Anurang  Jain", "age": 58, "title": "MD & Director", "yearBorn": 1962, "fiscalYear": 2020, "totalPay": 59390000, "exercisedValue": 0, "unexercisedValue": 0}, {"maxAge": 1, "name": "Mr. Satrajit  Ray", "age": 61, "title": "Group CFO & Exec. Director", "yearBorn": 1959, "fiscalYear": 2020, "totalPay": 25110000, "exercisedValue": 0, "unexercisedValue": 0}, {"maxAge": 1, "name": "Mr. Ramesh  Gehaney Sr.", "age": 60, "title": "COO & Exec. Director", "yearBorn": 1960, "fiscalYear": 2020, "totalPay": 24720000, "exercisedValue": 0, "unexercisedValue": 0}, {"maxAge": 1, "name": "Mr. Ravindra  Kharul", "age": 56, "title": "Chief Technical Officer", "yearBorn": 1964, "exercisedValue": 0, "unexercisedValue": 0}, {"maxAge": 1, "name": "Mr. Sunil  Lalai", "title": "Exec. VP of Legal, Compliance Officer & Company Sec.", "fiscalYear": 2018, "exercisedValue": 0, "unexercisedValue": 0}, {"maxAge": 1, "name": "Manoj  Rajimwale", "title": "Chief Human Resource Officer", "exercisedValue": 0, "unexercisedValue": 0}, {"maxAge": 1, "name": "Mr. Sunil  Kolhe", "age": 58, "title": "Chief Sourcing Officer", "yearBorn": 1962, "exercisedValue": 0, "unexercisedValue": 0}, {"maxAge": 1, "name": "Mr. Biswajit  Choudhury", "age": 61, "title": "Pres of Aftermarket & Exports", "yearBorn": 1959, "exercisedValue": 0, "unexercisedValue": 0}, {"maxAge": 1, "name": "Mr. Pravin  Saraf", "title": "Pres of Operations (Castings)", "exercisedValue": 0, "unexercisedValue": 0}], "compensationAsOfEpochDate": "2020-12-31 05:30:00", "maxAge": 86400}, "recommendationTrend": {"trend": [{"period": "0m", "strongBuy": 0, "buy": 0, "hold": 0, "sell": 0, "strongSell": 0}, {"period": "-1m", "strongBuy": 0, "buy": 0, "hold": 0, "sell": 0, "strongSell": 0}, {"period": "-2m", "strongBuy": 0, "buy": 0, "hold": 0, "sell": 0, "strongSell": 0}, {"period": "-3m", "strongBuy": 0, "buy": 0, "hold": 0, "sell": 0, "strongSell": 0}], "maxAge": 86400}, "cashflowStatementHistory": {"cashflowStatements": [{"maxAge": 1, "endDate": "2020-03-31", "netIncome": 5655340000, "depreciation": 4120870000, "changeToNetincome": -222520000, "changeToAccountReceivables": 2527460000, "changeToLiabilities": -1057430000, "changeToInventory": -100880000, "changeToOperatingActivities": -830840000, "totalCashFromOperatingActivities": 10113960000, "capitalExpenditures": -5825200000, "investments": -1243580000, "otherCashflowsFromInvestingActivities": 9520000, "totalCashflowsFromInvestingActivities": -6705950000, "dividendsPaid": -1547110000, "netBorrowings": -542450000, "otherCashflowsFromFinancingActivities": -486870000, "totalCashFromFinancingActivities": -2576430000, "changeInCash": 831580000}, {"maxAge": 1, "endDate": "2019-03-31", "netIncome": 4950060000, "depreciation": 3729710000, "changeToNetincome": -33700000, "changeToAccountReceivables": 918370000, "changeToLiabilities": -375880000, "changeToInventory": -100530000, "changeToOperatingActivities": -137020000, "totalCashFromOperatingActivities": 8983400000, "capitalExpenditures": -7137740000, "investments": 145540000, "otherCashflowsFromInvestingActivities": 15100000, "totalCashflowsFromInvestingActivities": -7251620000, "dividendsPaid": -562610000, "netBorrowings": -761810000, "otherCashflowsFromFinancingActivities": -348540000, "totalCashFromFinancingActivities": -1672960000, "changeInCash": 351610000}, {"maxAge": 1, "endDate": "2018-03-31", "netIncome": 3907570000, "depreciation": 3180650000, "changeToNetincome": 315420000, "changeToAccountReceivables": -2079870000, "changeToLiabilities": 2667420000, "changeToInventory": -500230000, "changeToOperatingActivities": -105480000, "totalCashFromOperatingActivities": 7420680000, "capitalExpenditures": -4452690000, "investments": -106330000, "otherCashflowsFromInvestingActivities": 14580000, "totalCashflowsFromInvestingActivities": -4355330000, "dividendsPaid": -351610000, "netBorrowings": 396090000, "otherCashflowsFromFinancingActivities": -280080000, "totalCashFromFinancingActivities": -235600000, "changeInCash": 2829750000}, {"maxAge": 1, "endDate": "2017-03-31", "netIncome": 3303100000, "depreciation": 2905060000, "changeToNetincome": -274700000, "changeToAccountReceivables": -1688720000, "changeToLiabilities": 1282140000, "changeToInventory": -339650000, "changeToOperatingActivities": 183540000, "totalCashFromOperatingActivities": 5370770000, "capitalExpenditures": -4100680000, "investments": 189650000, "otherCashflowsFromInvestingActivities": 7520000, "totalCashflowsFromInvestingActivities": -3606850000, "dividendsPaid": -52750000, "netBorrowings": -861310000, "otherCashflowsFromFinancingActivities": -309600000, "totalCashFromFinancingActivities": -1223660000, "changeInCash": 540260000}], "maxAge": 86400}, "indexTrend": {"maxAge": 1, "symbol": "SP5", "peRatio": 19.7411, "pegRatio": 1.34172, "estimates": [{"period": "0q", "growth": 0.549}, {"period": "+1q", "growth": 0.431}, {"period": "0y", "growth": 0.305}, {"period": "+1y", "growth": 0.109}, {"period": "+5y", "growth": 0.120865}, {"period": "-5y"}]}, "defaultKeyStatistics": {"maxAge": 1, "priceHint": 2, "enterpriseValue": 180201357312, "forwardPE": 36.717327, "profitMargins": 0.073060006, "floatShares": 35169134, "sharesOutstanding": 140663008, "heldPercentInsiders": 0.75, "heldPercentInstitutions": 0.20563, "beta": 0.875836, "category": null, "bookValue": 227.029, "priceToBook": 5.6928844, "fundFamily": null, "legalType": null, "lastFiscalYearEnd": "2020-03-31 05:30:00", "nextFiscalYearEnd": "2022-03-31 05:30:00", "mostRecentQuarter": "2020-12-31 05:30:00", "earningsQuarterlyGrowth": 0.532, "netIncomeToCommon": 4391390208, "trailingEps": 31.21, "forwardEps": 35.2, "lastSplitFactor": null, "enterpriseToRevenue": 2.998, "enterpriseToEbitda": 19.244}, "industryTrend": {"maxAge": 1, "symbol": null, "estimates": []}, "quoteType": {"exchange": "NSI", "quoteType": "EQUITY", "symbol": "ENDURANCE.NS", "underlyingSymbol": "ENDURANCE.NS", "shortName": "ENDURANCE TECH", "longName": "Endurance Technologies Limited", "firstTradeDateEpochUtc": "2016-10-19 09:15:00", "timeZoneFullName": "Asia/Kolkata", "timeZoneShortName": "IST", "uuid": "1416d2c1-f144-3e82-8d74-1e463642ee13", "gmtOffSetMilliseconds": 19800000, "maxAge": 1}, "incomeStatementHistory": {"incomeStatementHistory": [{"maxAge": 1, "endDate": "2020-03-31", "totalRevenue": 69177070000, "costOfRevenue": 37352080000, "grossProfit": 31824990000, "researchDevelopment": {}, "sellingGeneralAdministrative": 6773250000, "nonRecurring": {}, "otherOperatingExpenses": 13742990000, "totalOperatingExpenses": 62012190000, "operatingIncome": 7164880000, "totalOtherIncomeExpenseNet": 300580000, "ebit": 7164880000, "interestExpense": -113660000, "incomeBeforeTax": 7465460000, "incomeTaxExpense": 1810120000, "minorityInterest": {}, "netIncomeFromContinuingOps": 5655340000, "discontinuedOperations": {}, "extraordinaryItems": {}, "effectOfAccountingCharges": {}, "otherItems": {}, "netIncome": 5655340000, "netIncomeApplicableToCommonShares": 5655340000}, {"maxAge": 1, "endDate": "2019-03-31", "totalRevenue": 75104990000, "costOfRevenue": 43494540000, "grossProfit": 31610450000, "researchDevelopment": {}, "sellingGeneralAdministrative": 6527440000, "nonRecurring": {}, "otherOperatingExpenses": 13793140000, "totalOperatingExpenses": 67579330000, "operatingIncome": 7525660000, "totalOtherIncomeExpenseNet": -194860000, "ebit": 7525660000, "interestExpense": -186900000, "incomeBeforeTax": 7330800000, "incomeTaxExpense": 2380740000, "minorityInterest": {}, "netIncomeFromContinuingOps": 4950060000, "discontinuedOperations": {}, "extraordinaryItems": {}, "effectOfAccountingCharges": {}, "otherItems": {}, "netIncome": 4950060000, "netIncomeApplicableToCommonShares": 4950060000}, {"maxAge": 1, "endDate": "2018-03-31", "totalRevenue": 63513760000, "costOfRevenue": 36609140000, "grossProfit": 26904620000, "researchDevelopment": {}, "sellingGeneralAdministrative": 5907600000, "nonRecurring": {}, "otherOperatingExpenses": 11698010000, "totalOperatingExpenses": 57430600000, "operatingIncome": 6083160000, "totalOtherIncomeExpenseNet": -289780000, "ebit": 6083160000, "interestExpense": -185530000, "incomeBeforeTax": 5793380000, "incomeTaxExpense": 1885810000, "minorityInterest": {}, "netIncomeFromContinuingOps": 3907570000, "discontinuedOperations": {}, "extraordinaryItems": {}, "effectOfAccountingCharges": {}, "otherItems": {}, "netIncome": 3907570000, "netIncomeApplicableToCommonShares": 3907570000}, {"maxAge": 1, "endDate": "2017-03-31", "totalRevenue": 55908680000, "costOfRevenue": 32259450000, "grossProfit": 23649230000, "researchDevelopment": {}, "sellingGeneralAdministrative": 5523370000, "nonRecurring": {}, "otherOperatingExpenses": 10512560000, "totalOperatingExpenses": 51200440000, "operatingIncome": 4708240000, "totalOtherIncomeExpenseNet": -61790000, "ebit": 4708240000, "interestExpense": -262310000, "incomeBeforeTax": 4646450000, "incomeTaxExpense": 1343350000, "minorityInterest": {}, "netIncomeFromContinuingOps": 3303100000, "discontinuedOperations": {}, "extraordinaryItems": {}, "effectOfAccountingCharges": {}, "otherItems": {}, "netIncome": 3303100000, "netIncomeApplicableToCommonShares": 3303100000}], "maxAge": 86400}, "fundOwnership": {"ownershipList": [{"maxAge": 1, "reportDate": "2021-01-31", "organization": "Vanguard International Stock Index-Emerging Markets Stk", "pctHeld": 0.0034, "position": 475675, "value": 658643388}, {"maxAge": 1, "reportDate": "2021-01-31", "organization": "Vanguard International Stock Index-Total Intl Stock Indx", "pctHeld": 0.0023999999, "position": 336663, "value": 466160422}, {"maxAge": 1, "reportDate": "2021-03-31", "organization": "iShares Core MSCI Emerging Markets ETF", "pctHeld": 0.002, "position": 282261, "value": 411014355}, {"maxAge": 1, "reportDate": "2021-01-31", "organization": "Vanguard Whitehall Funds-International Explorer Fund", "pctHeld": 0.0014, "position": 200645, "value": 277823099}, {"maxAge": 1, "reportDate": "2021-01-31", "organization": "Vanguard Intl Equity Index Fds-FTSE All World ex U.S.Small Cap Index", "pctHeld": 0.00059999997, "position": 90165, "value": 124846967}, {"maxAge": 1, "reportDate": "2021-03-31", "organization": "iShares MSCI India Small Cap ETF", "pctHeld": 0.0005, "position": 65657, "value": 95606440}, {"maxAge": 1, "reportDate": "2021-01-31", "organization": "DFA Emerging Markets Small Cap Series", "pctHeld": 0.00029999999, "position": 46493, "value": 64376532}, {"maxAge": 1, "reportDate": "2021-02-28", "organization": "Blair (William) Mutual Funds, Inc.- Emerging Markets Small Cap Grw Fd", "pctHeld": 0.00029999999, "position": 44047, "value": 63522381}, {"maxAge": 1, "reportDate": "2021-01-31", "organization": "DFA Emerging Markets Core Equity Portfolio", "pctHeld": 0.00029999999, "position": 39134, "value": 54186893}, {"maxAge": 1, "reportDate": "2020-12-31", "organization": "College Retirement Equities Fund-Stock Account", "pctHeld": 0.0002, "position": 26791, "value": 36123644}], "maxAge": 1}, "summaryDetail": {"maxAge": 1, "priceHint": 2, "previousClose": 1297.45, "open": 1285.7, "dayLow": 1275.25, "dayHigh": 1320.0, "regularMarketPreviousClose": 1297.45, "regularMarketOpen": 1285.7, "regularMarketDayLow": 1275.25, "regularMarketDayHigh": 1320.0, "exDividendDate": "2020-03-11 05:30:00", "payoutRatio": 0.1762, "beta": 0.875836, "trailingPE": 41.411407, "forwardPE": 36.717327, "volume": 150180, "regularMarketVolume": 150180, "averageVolume": 126291, "averageVolume10days": 131264, "averageDailyVolume10Day": 131264, "bid": 0.0, "ask": 0.0, "bidSize": 0, "askSize": 0, "marketCap": 181799895040, "fiftyTwoWeekLow": 564.5, "fiftyTwoWeekHigh": 1519.95, "priceToSalesTrailing12Months": 3.0245183, "fiftyDayAverage": 1420.0676, "twoHundredDayAverage": 1251.723, "trailingAnnualDividendRate": 0.0, "trailingAnnualDividendYield": 0.0, "currency": "INR", "fromCurrency": null, "lastMarket": null, "algorithm": null, "tradeable": false}, "insiderHolders": {"holders": [{"maxAge": 1, "name": "Jain (Anurang)", "relation": "Managing Director", "url": "", "transactionDescription": "Sale", "latestTransDate": "2019-03-07", "positionDirect": 43396976, "positionDirectDate": "2019-03-07"}, {"maxAge": 1, "name": "Kanthamani (Srihari)", "relation": "UNREPORTED", "url": "", "transactionDescription": "Acquisition", "latestTransDate": "2019-08-13", "positionDirect": 600, "positionDirectDate": "2019-08-13"}], "maxAge": 1}, "calendarEvents": {"maxAge": 1, "earnings": {"earningsDate": [], "revenueAverage": 16204400000, "revenueLow": 16250000000, "revenueHigh": 16300000000}, "exDividendDate": "2020-03-11 05:30:00"}, "upgradeDowngradeHistory": {"history": [], "maxAge": 86400}, "price": {"maxAge": 1, "regularMarketChangePercent": -0.0038537132, "regularMarketChange": -5.0, "regularMarketTime": "2021-04-30 15:29:59", "priceHint": 2, "regularMarketPrice": 1292.45, "regularMarketDayHigh": 1320.0, "regularMarketDayLow": 1275.25, "regularMarketVolume": 150180, "averageDailyVolume10Day": 131264, "averageDailyVolume3Month": 126291, "regularMarketPreviousClose": 1297.45, "regularMarketSource": "FREE_REALTIME", "regularMarketOpen": 1285.7, "exchange": "NSI", "exchangeName": "NSE", "exchangeDataDelayedBy": 15, "marketState": "CLOSED", "quoteType": "EQUITY", "symbol": "ENDURANCE.NS", "underlyingSymbol": null, "shortName": "ENDURANCE TECH", "longName": "Endurance Technologies Limited", "currency": "INR", "quoteSourceName": "Delayed Quote", "currencySymbol": "\u20b9", "fromCurrency": null, "lastMarket": null, "marketCap": 181799895040}, "balanceSheetHistory": {"balanceSheetStatements": [{"maxAge": 1, "endDate": "2020-03-31", "cash": 6208750000, "shortTermInvestments": 1684120000, "netReceivables": 7428120000, "inventory": 5832920000, "otherCurrentAssets": 209440000, "totalCurrentAssets": 21475550000, "longTermInvestments": 11880000, "propertyPlantEquipment": 25168760000, "goodWill": 1624390000, "intangibleAssets": 529400000, "otherAssets": 1889090000, "deferredLongTermAssetCharges": 320770000, "totalAssets": 50699070000, "accountsPayable": 10662270000, "shortLongTermDebt": 1826160000, "otherCurrentLiab": 1262510000, "longTermDebt": 3604570000, "otherLiab": 973600000, "totalCurrentLiabilities": 15644170000, "totalLiab": 20638630000, "commonStock": 1406630000, "retainedEarnings": 26983110000, "treasuryStock": 1510300000, "capitalSurplus": 160400000, "otherStockholderEquity": 1510300000, "totalStockholderEquity": 30060440000, "netTangibleAssets": 27906650000}, {"maxAge": 1, "endDate": "2019-03-31", "cash": 5377170000, "shortTermInvestments": 350620000, "netReceivables": 9711440000, "inventory": 5843690000, "otherCurrentAssets": 254390000, "totalCurrentAssets": 21655210000, "longTermInvestments": 12750000, "propertyPlantEquipment": 21008670000, "goodWill": 1519800000, "intangibleAssets": 280760000, "otherAssets": 3383240000, "deferredLongTermAssetCharges": 311320000, "totalAssets": 47860430000, "accountsPayable": 11734610000, "shortLongTermDebt": 1599650000, "otherCurrentLiab": 2058960000, "longTermDebt": 3177590000, "otherLiab": 906670000, "totalCurrentLiabilities": 17842960000, "totalLiab": 22213640000, "commonStock": 1406630000, "retainedEarnings": 23228480000, "treasuryStock": 851280000, "capitalSurplus": 160400000, "otherStockholderEquity": 851280000, "totalStockholderEquity": 25646790000, "netTangibleAssets": 23846230000}, {"maxAge": 1, "endDate": "2018-03-31", "cash": 5025560000, "shortTermInvestments": 457430000, "netReceivables": 9778910000, "inventory": 5646720000, "otherCurrentAssets": 475500000, "totalCurrentAssets": 21501090000, "longTermInvestments": 10100000, "propertyPlantEquipment": 17250180000, "goodWill": 1577230000, "intangibleAssets": 273960000, "otherAssets": 2800250000, "deferredLongTermAssetCharges": 119890000, "totalAssets": 43412810000, "accountsPayable": 11284230000, "shortLongTermDebt": 2064000000, "otherCurrentLiab": 1790860000, "longTermDebt": 3510710000, "otherLiab": 309620000, "totalCurrentLiabilities": 17571400000, "totalLiab": 21684280000, "commonStock": 1406630000, "retainedEarnings": 18985510000, "treasuryStock": 1175990000, "capitalSurplus": 160400000, "otherStockholderEquity": 1175990000, "totalStockholderEquity": 21728530000, "netTangibleAssets": 19877340000}, {"maxAge": 1, "endDate": "2017-03-31", "cash": 2195810000, "shortTermInvestments": 323350000, "netReceivables": 7663820000, "inventory": 4909610000, "otherCurrentAssets": 814870000, "totalCurrentAssets": 16016070000, "longTermInvestments": 10110000, "propertyPlantEquipment": 15168470000, "goodWill": 1354830000, "intangibleAssets": 251790000, "otherAssets": 2311100000, "deferredLongTermAssetCharges": 189520000, "totalAssets": 35112370000, "accountsPayable": 8641880000, "shortLongTermDebt": 1635400000, "otherCurrentLiab": 1676520000, "longTermDebt": 2732290000, "otherLiab": 378240000, "totalCurrentLiabilities": 14018520000, "totalLiab": 17819030000, "commonStock": 1406630000, "retainedEarnings": 15503980000, "treasuryStock": 222330000, "capitalSurplus": 160400000, "otherStockholderEquity": 222330000, "totalStockholderEquity": 17293340000, "netTangibleAssets": 15686720000}], "maxAge": 86400}, "earningsTrend": {"trend": [{"maxAge": 1, "period": "0q", "endDate": "2017-09-30", "growth": {}, "earningsEstimate": {"avg": 0.0, "low": 0.0, "high": 0.0, "yearAgoEps": {}, "numberOfAnalysts": 0, "growth": {}}, "revenueEstimate": {"avg": 16204400000, "low": 16250000000, "high": 16300000000, "numberOfAnalysts": 2, "yearAgoRevenue": {}, "growth": {}}, "epsTrend": {"current": 0.0, "7daysAgo": 0.0, "30daysAgo": 0.0, "60daysAgo": 0.0, "90daysAgo": 0.0}, "epsRevisions": {"upLast7days": 0, "upLast30days": 0, "downLast30days": 0, "downLast90days": {}}}, {"maxAge": 1, "period": "+1q", "endDate": "2017-12-31", "growth": {}, "earningsEstimate": {"avg": 0.0, "low": 0.0, "high": 0.0, "yearAgoEps": {}, "numberOfAnalysts": 0, "growth": {}}, "revenueEstimate": {"avg": 15808800000, "low": 15900000000, "high": 15991000000, "numberOfAnalysts": 2, "yearAgoRevenue": 12985800000, "growth": 0.21700001}, "epsTrend": {"current": 0.0, "7daysAgo": 0.0, "30daysAgo": 0.0, "60daysAgo": 0.0, "90daysAgo": 0.0}, "epsRevisions": {"upLast7days": 0, "upLast30days": 0, "downLast30days": 0, "downLast90days": {}}}, {"maxAge": 1, "period": "0y", "endDate": "2018-03-31", "growth": {}, "earningsEstimate": {"avg": 0.0, "low": 0.0, "high": 0.0, "yearAgoEps": {}, "numberOfAnalysts": 0, "growth": {}}, "revenueEstimate": {"avg": 65381400000, "low": 62040000000, "high": 64240000000, "numberOfAnalysts": 4, "yearAgoRevenue": 55738700000, "growth": 0.173}, "epsTrend": {"current": 0.0, "7daysAgo": 27.91, "30daysAgo": 27.91, "60daysAgo": 27.91, "90daysAgo": 27.91}, "epsRevisions": {"upLast7days": 0, "upLast30days": 0, "downLast30days": 0, "downLast90days": {}}}, {"maxAge": 1, "period": "+1y", "endDate": "2019-03-31", "growth": {}, "earningsEstimate": {"avg": 35.2, "low": 28.95, "high": 37.8, "yearAgoEps": {}, "numberOfAnalysts": 5, "growth": {}}, "revenueEstimate": {"avg": 74965200000, "low": 72659900000, "high": 76819000000, "numberOfAnalysts": 4, "yearAgoRevenue": 65381400000, "growth": 0.147}, "epsTrend": {"current": 35.2, "7daysAgo": 35.38, "30daysAgo": 35.38, "60daysAgo": 35.33, "90daysAgo": 34.72}, "epsRevisions": {"upLast7days": 1, "upLast30days": 1, "downLast30days": 0, "downLast90days": {}}}, {"maxAge": 1, "period": "+5y", "endDate": null, "growth": {}, "earningsEstimate": {"avg": {}, "low": {}, "high": {}, "yearAgoEps": {}, "numberOfAnalysts": {}, "growth": {}}, "revenueEstimate": {"avg": {}, "low": {}, "high": {}, "numberOfAnalysts": {}, "yearAgoRevenue": {}, "growth": {}}, "epsTrend": {"current": {}, "7daysAgo": {}, "30daysAgo": {}, "60daysAgo": {}, "90daysAgo": {}}, "epsRevisions": {"upLast7days": {}, "upLast30days": {}, "downLast30days": {}, "downLast90days": {}}}, {"maxAge": 1, "period": "-5y", "endDate": null, "growth": {}, "earningsEstimate": {"avg": {}, "low": {}, "high": {}, "yearAgoEps": {}, "numberOfAnalysts": {}, "growth": {}}, "revenueEstimate": {"avg": {}, "low": {}, "high": {}, "numberOfAnalysts": {}, "yearAgoRevenue": {}, "growth": {}}, "epsTrend": {"current": {}, "7daysAgo": {}, "30daysAgo": {}, "60daysAgo": {}, "90daysAgo": {}}, "epsRevisions": {"upLast7days": {}, "upLast30days": {}, "downLast30days": {}, "downLast90days": {}}}], "maxAge": 1}, "institutionOwnership": {"ownershipList": [], "maxAge": 1}, "majorHoldersBreakdown": {"maxAge": 1, "insidersPercentHeld": 0.75, "institutionsPercentHeld": 0.20563, "institutionsFloatPercentHeld": 0.82252, "institutionsCount": 61}, "balanceSheetHistoryQuarterly": {"balanceSheetStatements": [{"maxAge": 1, "endDate": "2020-12-31", "totalStockholderEquity": 31944390000, "netTangibleAssets": 29531050000}, {"maxAge": 1, "endDate": "2020-09-30", "cash": 6734250000, "shortTermInvestments": 4230930000, "netReceivables": 9381050000, "inventory": 5619060000, "otherCurrentAssets": 1088810000, "totalCurrentAssets": 27054100000, "longTermInvestments": 81340000, "propertyPlantEquipment": 25193960000, "goodWill": 1693220000, "intangibleAssets": 720120000, "otherAssets": 950010000, "deferredLongTermAssetCharges": 399500000, "totalAssets": 55692750000, "accountsPayable": 11862050000, "shortLongTermDebt": 3526870000, "otherCurrentLiab": 1518890000, "longTermDebt": 4577060000, "otherLiab": 1018270000, "minorityInterest": 4980000, "totalCurrentLiabilities": 18148050000, "totalLiab": 23743380000, "commonStock": 1406630000, "treasuryStock": 30537760000, "otherStockholderEquity": 30537760000, "totalStockholderEquity": 31944390000, "netTangibleAssets": 29531050000}, {"maxAge": 1, "endDate": "2020-06-30", "totalStockholderEquity": 30060440000, "netTangibleAssets": 27906650000}, {"maxAge": 1, "endDate": "2020-03-31", "cash": 6208750000, "shortTermInvestments": 1684120000, "netReceivables": 7428120000, "inventory": 5832920000, "otherCurrentAssets": 209440000, "totalCurrentAssets": 21475550000, "longTermInvestments": 11880000, "propertyPlantEquipment": 25168760000, "goodWill": 1624390000, "intangibleAssets": 529400000, "otherAssets": 1889090000, "deferredLongTermAssetCharges": 320770000, "totalAssets": 50699070000, "accountsPayable": 10662270000, "shortLongTermDebt": 1826160000, "otherCurrentLiab": 1262510000, "longTermDebt": 3604570000, "otherLiab": 973600000, "totalCurrentLiabilities": 15644170000, "totalLiab": 20638630000, "commonStock": 1406630000, "retainedEarnings": 26983110000, "treasuryStock": 1510300000, "capitalSurplus": 160400000, "otherStockholderEquity": 1510300000, "totalStockholderEquity": 30060440000, "netTangibleAssets": 27906650000}], "maxAge": 86400}, "earningsHistory": {"history": [{"maxAge": 1, "epsActual": {}, "epsEstimate": {}, "epsDifference": {}, "surprisePercent": {}, "quarter": {}, "period": "-4q"}, {"maxAge": 1, "epsActual": {}, "epsEstimate": {}, "epsDifference": {}, "surprisePercent": {}, "quarter": {}, "period": "-3q"}, {"maxAge": 1, "epsActual": {}, "epsEstimate": {}, "epsDifference": {}, "surprisePercent": {}, "quarter": {}, "period": "-2q"}, {"maxAge": 1, "epsActual": 6.86, "epsEstimate": 6.22, "epsDifference": 0.64, "surprisePercent": 0.103, "quarter": "2017-06-30", "period": "-1q"}], "maxAge": 86400}, "summaryProfile": {"address1": "E-92, MIDC Industrial Area", "address2": "Waluj", "city": "Aurangabad", "zip": "431136", "country": "India", "phone": "91 24 0256 9600", "fax": "91 24 0256 9703", "website": "http://www.endurancegroup.com", "industry": "Auto Parts", "sector": "Consumer Cyclical", "longBusinessSummary": "Endurance Technologies Limited, together with its subsidiaries, manufactures and supplies automotive components for original equipment manufacturers in the automotive industry in India and Europe. The company offers die castings, such as high pressure, low pressure, and gravity die castings; machining components, which comprise engines, gearboxes, and transmission parts; other metallic components assembling services, including aluminum alloys, cast iron, and steel; and suspension products, including hydraulic, mono, oleo pneumatic shock absorbers, steel wheel hubs, head axles, cross members, and steering housings, as well as conventional and inverted front forks, and front fork assemblies. It also provides transmission products comprising clutch assemblies, and cork and paper based friction plates; and continuous variable transmission assemblies; transmission housing, gearbox housing, torque convertor housing, and oil modules for electric vehicles; plastic components, including engine covers for automotive applications; and engine parts, such as cam carrier, exhaust manifold, oil pan, various brackets. In addition, the company offers brake systems that include disc brakes, hydraulic drum brakes, tandem master cylinders, and asbestos free brake shoes, as well as disc brake assemblies, drum brake assemblies, and rotary discs, as well as aftermarket sales services. Further, it provides spare parts for dealers. The company offers its products for use in two, three, and four wheelers, as well as scooters and quadricycles. Endurance Technologies Limited was founded in 1985 and is based in Aurangabad, India.", "fullTimeEmployees": 4856, "companyOfficers": [], "maxAge": 86400}, "netSharePurchaseActivity": {"maxAge": 1, "period": "6m", "buyInfoCount": 0, "buyInfoShares": 0, "sellInfoCount": 0, "netInfoCount": 0, "netInfoShares": 0, "netPercentInsiderShares": 0.0, "totalInsiderShares": 105507392}, "insiderTransactions": {"transactions": [{"maxAge": 1, "shares": 600, "filerUrl": "", "transactionText": "", "filerName": "Kanthamani (Srihari)", "filerRelation": "UNREPORTED", "moneyText": "", "startDate": "2019-08-13", "ownership": "D"}, {"maxAge": 1, "shares": 10552688, "filerUrl": "", "transactionText": "", "filerName": "Jain (Anurang)", "filerRelation": "Managing Director", "moneyText": "", "startDate": "2019-03-07", "ownership": "D"}], "maxAge": 1}, "sectorTrend": {"maxAge": 1, "symbol": null, "estimates": []}, "incomeStatementHistoryQuarterly": {"incomeStatementHistory": [{"maxAge": 1, "endDate": "2020-12-31", "totalRevenue": 20408620000, "costOfRevenue": 11031400000, "grossProfit": 9377220000, "researchDevelopment": {}, "sellingGeneralAdministrative": 1825190000, "nonRecurring": {}, "otherOperatingExpenses": 4030730000, "totalOperatingExpenses": 17931860000, "operatingIncome": 2476760000, "totalOtherIncomeExpenseNet": -96270000, "ebit": 2476760000, "interestExpense": -42430000, "incomeBeforeTax": 2380490000, "incomeTaxExpense": 479990000, "minorityInterest": {}, "netIncomeFromContinuingOps": 1900500000, "discontinuedOperations": {}, "extraordinaryItems": {}, "effectOfAccountingCharges": {}, "otherItems": {}, "netIncome": 1900540000, "netIncomeApplicableToCommonShares": 1900540000}, {"maxAge": 1, "endDate": "2020-09-30", "totalRevenue": 17701450000, "costOfRevenue": 9562840000, "grossProfit": 8138610000, "researchDevelopment": {}, "sellingGeneralAdministrative": 1681000000, "nonRecurring": {}, "otherOperatingExpenses": 3325820000, "totalOperatingExpenses": 15542800000, "operatingIncome": 2158650000, "totalOtherIncomeExpenseNet": 36420000, "ebit": 2158650000, "interestExpense": -35040000, "incomeBeforeTax": 2195070000, "incomeTaxExpense": 523530000, "minorityInterest": 4980000, "netIncomeFromContinuingOps": 1671540000, "discontinuedOperations": {}, "extraordinaryItems": {}, "effectOfAccountingCharges": {}, "otherItems": {}, "netIncome": 1671590000, "netIncomeApplicableToCommonShares": 1671590000}, {"maxAge": 1, "endDate": "2020-06-30", "totalRevenue": 6031120000, "costOfRevenue": 2889460000, "grossProfit": 3141660000, "researchDevelopment": {}, "sellingGeneralAdministrative": 1319960000, "nonRecurring": {}, "otherOperatingExpenses": 1394440000, "totalOperatingExpenses": 6459360000, "operatingIncome": -428240000, "totalOtherIncomeExpenseNet": 67040000, "ebit": -428240000, "interestExpense": -41510000, "incomeBeforeTax": -361200000, "incomeTaxExpense": -111910000, "minorityInterest": 4980000, "netIncomeFromContinuingOps": -249290000, "discontinuedOperations": {}, "extraordinaryItems": {}, "effectOfAccountingCharges": {}, "otherItems": {}, "netIncome": -249040000, "netIncomeApplicableToCommonShares": -249040000}, {"maxAge": 1, "endDate": "2020-03-31", "totalRevenue": 15967520000, "costOfRevenue": 8664240000, "grossProfit": 7303280000, "researchDevelopment": {}, "sellingGeneralAdministrative": 1627240000, "nonRecurring": {}, "otherOperatingExpenses": 3296460000, "totalOperatingExpenses": 14818880000, "operatingIncome": 1148640000, "totalOtherIncomeExpenseNet": 148960000, "ebit": 1148640000, "interestExpense": -41510000, "incomeBeforeTax": 1297600000, "incomeTaxExpense": 229300000, "minorityInterest": 4980000, "netIncomeFromContinuingOps": 1068300000, "discontinuedOperations": {}, "extraordinaryItems": {}, "effectOfAccountingCharges": {}, "otherItems": {}, "netIncome": 1068300000, "netIncomeApplicableToCommonShares": 1068300000}], "maxAge": 86400}, "cashflowStatementHistoryQuarterly": {"cashflowStatements": [{"maxAge": 1, "endDate": "2020-12-31", "netIncome": 1900540000, "changeToLiabilities": 0}, {"maxAge": 1, "endDate": "2020-09-30", "netIncome": 1671590000, "changeToLiabilities": 0}, {"maxAge": 1, "endDate": "2020-06-30", "netIncome": -249040000, "changeToLiabilities": 0}, {"maxAge": 1, "endDate": "2020-03-31", "netIncome": 1068300000, "changeToLiabilities": 0}], "maxAge": 86400}, "earnings": {"maxAge": 86400, "earningsChart": {"quarterly": [{"date": "2Q2017", "actual": 6.86, "estimate": 6.22}], "currentQuarterEstimateDate": "3Q", "currentQuarterEstimateYear": 2017, "earningsDate": []}, "financialsChart": {"yearly": [{"date": 2017, "revenue": 55908680000, "earnings": 3303100000}, {"date": 2018, "revenue": 63513760000, "earnings": 3907570000}, {"date": 2019, "revenue": 75104990000, "earnings": 4950060000}, {"date": 2020, "revenue": 69177070000, "earnings": 5655340000}], "quarterly": [{"date": "1Q2020", "revenue": 15967520000, "earnings": 1068300000}, {"date": "2Q2020", "revenue": 6031120000, "earnings": -249040000}, {"date": "3Q2020", "revenue": 17701450000, "earnings": 1671590000}, {"date": "4Q2020", "revenue": 20408620000, "earnings": 1900540000}]}, "financialCurrency": "INR"}, "financialData": {"maxAge": 86400, "currentPrice": 1292.45, "targetHighPrice": 1534.0, "targetLowPrice": 1277.0, "targetMeanPrice": 1399.8, "targetMedianPrice": 1365.0, "recommendationMean": 1.8, "recommendationKey": "buy", "numberOfAnalystOpinions": 5, "totalCash": 10965180416, "totalCashPerShare": 77.946, "ebitda": 9363909632, "totalDebt": 9344169984, "totalRevenue": 60108709888, "debtToEquity": 29.247, "revenuePerShare": 427.265, "grossProfits": 31824990000, "earningsGrowth": 0.532, "revenueGrowth": 0.244, "grossMargins": 0.46517, "ebitdaMargins": 0.15578, "operatingMargins": 0.089099996, "profitMargins": 0.073060006, "financialCurrency": "INR"}}}