{"ENERGYDEV.BO": {"cashflowStatementHistory": {"cashflowStatements": [{"maxAge": 1, "endDate": "2020-03-31", "netIncome": -30357000, "depreciation": 104551000, "changeToNetincome": 47897000, "changeToAccountReceivables": 5050000, "changeToLiabilities": 46846000, "changeToInventory": 7413000, "totalCashFromOperatingActivities": 181400000, "otherCashflowsFromInvestingActivities": 768000, "totalCashflowsFromInvestingActivities": -14981000, "dividendsPaid": -23750000, "netBorrowings": -9540000, "otherCashflowsFromFinancingActivities": -115823000, "totalCashFromFinancingActivities": -149113000, "changeInCash": 17301000}, {"maxAge": 1, "endDate": "2019-03-31", "netIncome": -55731000, "depreciation": 111456000, "changeToNetincome": 115591000, "changeToAccountReceivables": 65596000, "changeToLiabilities": -81608000, "changeToInventory": -2572000, "totalCashFromOperatingActivities": 153038000, "capitalExpenditures": -3453000, "otherCashflowsFromInvestingActivities": -9920000, "totalCashflowsFromInvestingActivities": -19290000, "dividendsPaid": -23750000, "netBorrowings": -1462000, "otherCashflowsFromFinancingActivities": -159865000, "totalCashFromFinancingActivities": -185077000, "changeInCash": -51332000}, {"maxAge": 1, "endDate": "2018-03-31", "netIncome": -116379000, "depreciation": 116815000, "changeToNetincome": 197351000, "changeToAccountReceivables": 68956000, "changeToLiabilities": -99000000, "changeToInventory": -1192000, "totalCashFromOperatingActivities": 166867000, "capitalExpenditures": -3453000, "investments": 85000000, "otherCashflowsFromInvestingActivities": 33563000, "totalCashflowsFromInvestingActivities": 89144000, "dividendsPaid": -23750000, "netBorrowings": -4497000, "otherCashflowsFromFinancingActivities": -188521000, "totalCashFromFinancingActivities": -216768000, "changeInCash": 39243000}, {"maxAge": 1, "endDate": "2017-03-31", "netIncome": 46468035, "depreciation": 108781456, "changeToNetincome": -64454340, "changeToAccountReceivables": -98543586, "changeToLiabilities": 72660485, "changeToInventory": -8649326, "totalCashFromOperatingActivities": 56612828, "capitalExpenditures": -38299866, "investments": 117954000, "otherCashflowsFromInvestingActivities": -13262177, "totalCashflowsFromInvestingActivities": -52408043, "dividendsPaid": -23750000, "netBorrowings": 118203001, "otherCashflowsFromFinancingActivities": -133273325, "totalCashFromFinancingActivities": -38820324, "changeInCash": -35115974}], "maxAge": 86400}, "institutionOwnership": {"ownershipList": [], "maxAge": 1}, "balanceSheetHistoryQuarterly": {"balanceSheetStatements": [{"maxAge": 1, "endDate": "2020-06-30", "totalStockholderEquity": 940943000, "netTangibleAssets": 847549000}, {"maxAge": 1, "endDate": "2020-03-31", "cash": 35017000, "shortTermInvestments": 522688000, "netReceivables": 420861000, "inventory": 8772000, "otherCurrentAssets": 33090000, "totalCurrentAssets": 1020428000, "longTermInvestments": 123083000, "propertyPlantEquipment": 2022271000, "intangibleAssets": 93394000, "otherAssets": 199430000, "deferredLongTermAssetCharges": 118254000, "totalAssets": 3458606000, "accountsPayable": 152898000, "otherCurrentLiab": 811560000, "longTermDebt": 1554709000, "otherLiab": 39913000, "minorityInterest": -50605000, "totalCurrentLiabilities": 973646000, "totalLiab": 2568268000, "commonStock": 475000000, "treasuryStock": 465943000, "otherStockholderEquity": 465943000, "totalStockholderEquity": 940943000, "netTangibleAssets": 847549000}, {"maxAge": 1, "endDate": "2019-12-31", "cash": 35017000, "shortTermInvestments": 522688000, "netReceivables": 420861000, "inventory": 8772000, "otherCurrentAssets": 33090000, "totalCurrentAssets": 1020428000, "longTermInvestments": 123083000, "propertyPlantEquipment": 2022271000, "intangibleAssets": 93394000, "otherAssets": 199430000, "deferredLongTermAssetCharges": 118254000, "totalAssets": 3458606000, "accountsPayable": 152898000, "otherCurrentLiab": 811560000, "longTermDebt": 1554709000, "otherLiab": 39913000, "minorityInterest": -50605000, "totalCurrentLiabilities": 973646000, "totalLiab": 2568268000, "commonStock": 475000000, "treasuryStock": 465943000, "otherStockholderEquity": 465943000, "totalStockholderEquity": 940943000, "netTangibleAssets": 847549000}, {"maxAge": 1, "endDate": "2019-09-30", "cash": 93921000, "shortTermInvestments": 513374000, "netReceivables": 454925000, "inventory": 11914000, "otherCurrentAssets": 33105000, "totalCurrentAssets": 1107239000, "longTermInvestments": 111940000, "propertyPlantEquipment": 2053221000, "intangibleAssets": 102219000, "otherAssets": 115381000, "deferredLongTermAssetCharges": 50146000, "totalAssets": 3490000000, "accountsPayable": 165220000, "otherCurrentLiab": 790131000, "longTermDebt": 1612968000, "otherLiab": 42643000, "minorityInterest": -43363000, "totalCurrentLiabilities": 965872000, "totalLiab": 2621483000, "commonStock": 475000000, "treasuryStock": 436880000, "otherStockholderEquity": 436880000, "totalStockholderEquity": 911880000, "netTangibleAssets": 809661000}], "maxAge": 86400}, "indexTrend": {"maxAge": 1, "symbol": "SP5", "peRatio": 19.7411, "pegRatio": 1.34172, "estimates": [{"period": "0q", "growth": 0.549}, {"period": "+1q", "growth": 0.431}, {"period": "0y", "growth": 0.305}, {"period": "+1y", "growth": 0.109}, {"period": "+5y", "growth": 0.120865}, {"period": "-5y"}]}, "insiderTransactions": {"transactions": [{"maxAge": 1, "shares": 586174, "filerUrl": "", "transactionText": "", "filerName": "Sterlite Merchants Pvt Ltd", "filerRelation": "Promoter", "moneyText": "", "startDate": "2018-10-12", "ownership": "D"}, {"maxAge": 1, "shares": 5467476, "filerUrl": "", "transactionText": "", "filerName": "Sterlite Merchants Pvt Ltd", "filerRelation": "Promoter", "moneyText": "", "startDate": "2017-03-30", "ownership": "D"}, {"maxAge": 1, "shares": 967476, "filerUrl": "", "transactionText": "", "filerName": "Singh (Pankaja Kumari)", "filerRelation": "Director (Non-Executive)", "moneyText": "", "startDate": "2017-03-30", "ownership": "D"}, {"maxAge": 1, "shares": 4500000, "filerUrl": "", "transactionText": "", "filerName": "Singh (Amar)", "filerRelation": "Non Executive Chairman", "moneyText": "", "startDate": "2017-03-30", "ownership": "D"}, {"maxAge": 1, "shares": 500000, "filerUrl": "", "transactionText": "", "filerName": "Singh (Amar)", "filerRelation": "Non Executive Chairman", "moneyText": "", "startDate": "2017-03-29", "ownership": "D"}, {"maxAge": 1, "shares": 500000, "filerUrl": "", "transactionText": "", "filerName": "Sterlite Merchants Pvt Ltd", "filerRelation": "Promoter", "moneyText": "", "startDate": "2017-03-29", "ownership": "D"}, {"maxAge": 1, "shares": 5500000, "filerUrl": "", "transactionText": "", "filerName": "Sterlite Merchants Pvt Ltd", "filerRelation": "Promoter", "moneyText": "", "startDate": "2017-03-27", "ownership": "D"}, {"maxAge": 1, "shares": 1500000, "filerUrl": "", "transactionText": "", "filerName": "Singh (Pankaja Kumari)", "filerRelation": "Director (Non-Executive)", "moneyText": "", "startDate": "2017-03-27", "ownership": "D"}, {"maxAge": 1, "shares": 0, "filerUrl": "", "transactionText": "", "filerName": "Sterlite Merchants Pvt Ltd", "filerRelation": "Promoter", "moneyText": "", "startDate": "2017-03-27", "ownership": "I"}, {"maxAge": 1, "shares": 4000000, "filerUrl": "", "transactionText": "", "filerName": "Singh (Amar)", "filerRelation": "Non Executive Chairman", "moneyText": "", "startDate": "2017-03-27", "ownership": "D"}, {"maxAge": 1, "shares": 142954, "filerUrl": "", "transactionText": "", "filerName": "Sterlite Merchants Pvt Ltd", "filerRelation": "Promoter", "moneyText": "", "startDate": "2016-11-28", "ownership": "D"}, {"maxAge": 1, "shares": 25000, "filerUrl": "", "transactionText": "", "filerName": "Sterlite Merchants Pvt Ltd", "filerRelation": "Promoter", "moneyText": "", "startDate": "2016-11-15", "ownership": "D"}, {"maxAge": 1, "shares": 150000, "filerUrl": "", "transactionText": "", "filerName": "Sterlite Merchants Pvt Ltd", "filerRelation": "Promoter", "moneyText": "", "startDate": "2016-10-26", "ownership": "D"}, {"maxAge": 1, "shares": 250000, "filerUrl": "", "transactionText": "", "filerName": "Sterlite Merchants Pvt Ltd", "filerRelation": "Promoter", "moneyText": "", "startDate": "2016-10-21", "ownership": "D"}, {"maxAge": 1, "shares": 100409, "filerUrl": "", "transactionText": "", "filerName": "Sterlite Merchants Pvt Ltd", "filerRelation": "Promoter", "moneyText": "", "startDate": "2016-10-20", "ownership": "D"}, {"maxAge": 1, "shares": 50000, "filerUrl": "", "transactionText": "", "filerName": "Sterlite Merchants Pvt Ltd", "filerRelation": "Promoter", "moneyText": "", "startDate": "2016-10-13", "ownership": "D"}, {"maxAge": 1, "shares": 18000, "filerUrl": "", "transactionText": "", "filerName": "Sterlite Merchants Pvt Ltd", "filerRelation": "Promoter", "moneyText": "", "startDate": "2016-10-07", "ownership": "D"}, {"maxAge": 1, "shares": 141134, "filerUrl": "", "transactionText": "", "filerName": "Sterlite Merchants Pvt Ltd", "filerRelation": "Promoter", "moneyText": "", "startDate": "2016-10-06", "ownership": "D"}, {"maxAge": 1, "shares": 36108, "filerUrl": "", "transactionText": "", "filerName": "Sterlite Merchants Pvt Ltd", "filerRelation": "Promoter", "moneyText": "", "startDate": "2016-10-05", "ownership": "D"}, {"maxAge": 1, "shares": 299133, "filerUrl": "", "transactionText": "", "filerName": "Sterlite Merchants Pvt Ltd", "filerRelation": "Promoter", "moneyText": "", "startDate": "2016-09-28", "ownership": "D"}, {"maxAge": 1, "shares": 10000, "filerUrl": "", "transactionText": "", "filerName": "Sterlite Merchants Pvt Ltd", "filerRelation": "Promoter", "moneyText": "", "startDate": "2016-09-28", "ownership": "D"}, {"maxAge": 1, "shares": 505848, "filerUrl": "", "transactionText": "", "filerName": "Sterlite Merchants Pvt Ltd", "filerRelation": "Promoter", "moneyText": "", "startDate": "2016-09-23", "ownership": "D"}, {"maxAge": 1, "shares": 188133, "filerUrl": "", "transactionText": "", "filerName": "Sterlite Merchants Pvt Ltd", "filerRelation": "Promoter", "moneyText": "", "startDate": "2016-09-23", "ownership": "D"}, {"maxAge": 1, "shares": 753684, "filerUrl": "", "transactionText": "", "filerName": "Sterlite Merchants Pvt Ltd", "filerRelation": "Promoter", "moneyText": "", "startDate": "2016-09-20", "ownership": "D"}, {"maxAge": 1, "shares": 179529, "filerUrl": "", "transactionText": "", "filerName": "Sterlite Merchants Pvt Ltd", "filerRelation": "Promoter", "moneyText": "", "startDate": "2016-09-20", "ownership": "D"}, {"maxAge": 1, "shares": 1659593, "filerUrl": "", "transactionText": "", "filerName": "Citrus Securities Pvt Ltd", "filerRelation": "Institution- Corporation", "moneyText": "", "startDate": "2014-09-15", "ownership": "D"}, {"maxAge": 1, "shares": 1659593, "filerUrl": "", "transactionText": "", "filerName": "Gatisheel Traders LLP", "filerRelation": "Institution- Corporation", "moneyText": "", "startDate": "2014-09-15", "ownership": "D"}, {"maxAge": 1, "shares": 1500000, "filerUrl": "", "transactionText": "", "filerName": "Gatisheel Traders LLP", "filerRelation": "Institution- Corporation", "moneyText": "", "startDate": "2014-07-24", "ownership": "D"}, {"maxAge": 1, "shares": 1500000, "filerUrl": "", "transactionText": "", "filerName": "Exude Vincom Ltd", "filerRelation": "Institution- Corporation", "moneyText": "", "startDate": "2014-07-24", "ownership": "D"}, {"maxAge": 1, "shares": 11269082, "filerUrl": "", "transactionText": "", "filerName": "Sarvottam Caps Ltd", "filerRelation": "Promoter", "moneyText": "", "startDate": "2013-01-11", "ownership": "D"}, {"maxAge": 1, "shares": 2143001, "filerUrl": "", "transactionText": "", "filerName": "Startrack Vinimay Pvt Ltd", "filerRelation": "Promoter", "moneyText": "", "startDate": "2013-01-11", "ownership": "D"}, {"maxAge": 1, "shares": 13412083, "filerUrl": "", "transactionText": "", "filerName": "Sterlite Merchants Pvt Ltd", "filerRelation": "Promoter", "moneyText": "", "startDate": "2013-01-09", "ownership": "D"}], "maxAge": 1}, "quoteType": {"exchange": "BSE", "quoteType": "EQUITY", "symbol": "ENERGYDEV.BO", "underlyingSymbol": "ENERGYDEV.BO", "shortName": "ENERGY DEVELOPMENT COMPANY LTD", "longName": "Energy Development Company Limited", "firstTradeDateEpochUtc": "2003-07-01 09:15:00", "timeZoneFullName": "Asia/Kolkata", "timeZoneShortName": "IST", "uuid": "69555f13-f775-3136-a425-5cc2301e2fbd", "gmtOffSetMilliseconds": 19800000, "maxAge": 1}, "incomeStatementHistory": {"incomeStatementHistory": [{"maxAge": 1, "endDate": "2020-03-31", "totalRevenue": 299422000, "costOfRevenue": 15664000, "grossProfit": 283758000, "researchDevelopment": {}, "sellingGeneralAdministrative": 59394000, "nonRecurring": {}, "otherOperatingExpenses": 100467000, "totalOperatingExpenses": 280076000, "operatingIncome": 19346000, "totalOtherIncomeExpenseNet": -162949000, "ebit": 19346000, "interestExpense": -183197000, "incomeBeforeTax": -143603000, "incomeTaxExpense": -98874000, "minorityInterest": -50605000, "netIncomeFromContinuingOps": -44729000, "discontinuedOperations": {}, "extraordinaryItems": {}, "effectOfAccountingCharges": {}, "otherItems": {}, "netIncome": -30357000, "netIncomeApplicableToCommonShares": -30357000}, {"maxAge": 1, "endDate": "2019-03-31", "totalRevenue": 349436000, "costOfRevenue": 48070000, "grossProfit": 301366000, "researchDevelopment": {}, "sellingGeneralAdministrative": 83589000, "nonRecurring": {}, "otherOperatingExpenses": 62925000, "totalOperatingExpenses": 306166000, "operatingIncome": 43270000, "totalOtherIncomeExpenseNet": -159974000, "ebit": 43270000, "interestExpense": -194275000, "incomeBeforeTax": -116704000, "incomeTaxExpense": -46141000, "minorityInterest": -36233000, "netIncomeFromContinuingOps": -70563000, "discontinuedOperations": {}, "extraordinaryItems": {}, "effectOfAccountingCharges": {}, "otherItems": {}, "netIncome": -55731000, "netIncomeApplicableToCommonShares": -55731000}, {"maxAge": 1, "endDate": "2018-03-31", "totalRevenue": 599058000, "costOfRevenue": 263133000, "grossProfit": 335925000, "researchDevelopment": {}, "sellingGeneralAdministrative": 62537000, "nonRecurring": {}, "otherOperatingExpenses": 72492000, "totalOperatingExpenses": 515113000, "operatingIncome": 83945000, "totalOtherIncomeExpenseNet": -185369000, "ebit": 83945000, "interestExpense": -200745000, "incomeBeforeTax": -101424000, "incomeTaxExpense": 29641000, "minorityInterest": -21401000, "netIncomeFromContinuingOps": -131065000, "discontinuedOperations": {}, "extraordinaryItems": {}, "effectOfAccountingCharges": {}, "otherItems": {}, "netIncome": -116379000, "netIncomeApplicableToCommonShares": -116379000}, {"maxAge": 1, "endDate": "2017-03-31", "totalRevenue": 1154019917, "costOfRevenue": 885153592, "grossProfit": 268866325, "researchDevelopment": {}, "sellingGeneralAdministrative": 52623023, "nonRecurring": {}, "otherOperatingExpenses": 126314944, "totalOperatingExpenses": 1173043119, "operatingIncome": -19023202, "totalOtherIncomeExpenseNet": 69772285, "ebit": -19023202, "interestExpense": -299105174, "incomeBeforeTax": 50749083, "incomeTaxExpense": 10996420, "minorityInterest": -6715372, "netIncomeFromContinuingOps": 39752663, "discontinuedOperations": {}, "extraordinaryItems": {}, "effectOfAccountingCharges": {}, "otherItems": {}, "netIncome": 46468035, "netIncomeApplicableToCommonShares": 46468035}], "maxAge": 86400}, "fundOwnership": {"ownershipList": [], "maxAge": 1}, "summaryDetail": {"maxAge": 1, "priceHint": 2, "previousClose": 8.71, "open": 9.1, "dayLow": 8.41, "dayHigh": 9.1, "regularMarketPreviousClose": 8.71, "regularMarketOpen": 9.1, "regularMarketDayLow": 8.41, "regularMarketDayHigh": 9.1, "volume": 21223, "regularMarketVolume": 21223, "averageVolume": 44167, "averageVolume10days": 83926, "averageDailyVolume10Day": 83926, "bid": 8.55, "ask": 8.65, "bidSize": 0, "askSize": 0, "marketCap": 406600032, "fiftyTwoWeekLow": 3.35, "fiftyTwoWeekHigh": 16.8, "fiftyDayAverage": 11.909091, "twoHundredDayAverage": 7.5875735, "trailingAnnualDividendRate": 0.5, "trailingAnnualDividendYield": 0.05740528, "currency": "INR", "fromCurrency": null, "lastMarket": null, "algorithm": null, "tradeable": false}, "incomeStatementHistoryQuarterly": {"incomeStatementHistory": [{"maxAge": 1, "endDate": "2020-06-30", "totalRevenue": 49447000, "costOfRevenue": 118000, "grossProfit": 49329000, "researchDevelopment": {}, "sellingGeneralAdministrative": 14567000, "nonRecurring": {}, "otherOperatingExpenses": 16089000, "totalOperatingExpenses": 56623000, "operatingIncome": -7176000, "totalOtherIncomeExpenseNet": -40053000, "ebit": -7176000, "interestExpense": -45795000, "incomeBeforeTax": -47229000, "incomeTaxExpense": -1693000, "minorityInterest": {}, "netIncomeFromContinuingOps": -45536000, "discontinuedOperations": {}, "extraordinaryItems": {}, "effectOfAccountingCharges": {}, "otherItems": {}, "netIncome": -41975000, "netIncomeApplicableToCommonShares": -41975000}, {"maxAge": 1, "endDate": "2020-03-31", "totalRevenue": 35357000, "costOfRevenue": 4594000, "grossProfit": 30763000, "researchDevelopment": {}, "sellingGeneralAdministrative": 15375000, "nonRecurring": {}, "otherOperatingExpenses": 27528000, "totalOperatingExpenses": 73590000, "operatingIncome": -38233000, "totalOtherIncomeExpenseNet": -19598000, "ebit": -38233000, "interestExpense": -37107000, "incomeBeforeTax": -57831000, "incomeTaxExpense": -92700000, "minorityInterest": -50605000, "netIncomeFromContinuingOps": 34869000, "discontinuedOperations": {}, "extraordinaryItems": {}, "effectOfAccountingCharges": {}, "otherItems": {}, "netIncome": 38261000, "netIncomeApplicableToCommonShares": 38261000}, {"maxAge": 1, "endDate": "2019-12-31", "totalRevenue": 66448500, "costOfRevenue": 4394000, "grossProfit": 62054500, "researchDevelopment": {}, "sellingGeneralAdministrative": 15058500, "nonRecurring": {}, "otherOperatingExpenses": 18684500, "totalOperatingExpenses": 64310000, "operatingIncome": 2138500, "totalOtherIncomeExpenseNet": -29705500, "ebit": 2138500, "interestExpense": -45453000, "incomeBeforeTax": -27567000, "incomeTaxExpense": -53125000, "minorityInterest": -50605000, "netIncomeFromContinuingOps": 25558000, "discontinuedOperations": {}, "extraordinaryItems": {}, "effectOfAccountingCharges": {}, "otherItems": {}, "netIncome": 29179000, "netIncomeApplicableToCommonShares": 29179000}, {"maxAge": 1, "endDate": "2019-09-30", "totalRevenue": 109864000, "costOfRevenue": 1583000, "grossProfit": 108281000, "researchDevelopment": {}, "sellingGeneralAdministrative": 14426000, "nonRecurring": {}, "otherOperatingExpenses": 39136000, "totalOperatingExpenses": 81389000, "operatingIncome": 28475000, "totalOtherIncomeExpenseNet": -60467000, "ebit": 28475000, "interestExpense": -44747000, "incomeBeforeTax": -31992000, "incomeTaxExpense": -1877000, "minorityInterest": -43363000, "netIncomeFromContinuingOps": -30115000, "discontinuedOperations": {}, "extraordinaryItems": {}, "effectOfAccountingCharges": {}, "otherItems": {}, "netIncome": -26634000, "netIncomeApplicableToCommonShares": -26634000}], "maxAge": 86400}, "cashflowStatementHistoryQuarterly": {"cashflowStatements": [{"maxAge": 1, "endDate": "2020-06-30", "netIncome": -41975000, "changeToLiabilities": 0}, {"maxAge": 1, "endDate": "2020-03-31", "netIncome": 38261000, "depreciation": 26173000, "changeToNetincome": -26562500, "changeToAccountReceivables": 7293500, "changeToLiabilities": -24128000, "changeToInventory": 1571000, "totalCashFromOperatingActivities": 13526000, "investments": -5571500, "otherCashflowsFromInvestingActivities": 929500, "totalCashflowsFromInvestingActivities": -13722500, "dividendsPaid": -11875000, "netBorrowings": -5596000, "otherCashflowsFromFinancingActivities": -11766000, "totalCashFromFinancingActivities": -29237000, "changeInCash": -29436000}, {"maxAge": 1, "endDate": "2019-12-31", "netIncome": 29179000, "depreciation": 26173000, "changeToNetincome": -26562500, "changeToAccountReceivables": 7293500, "changeToLiabilities": -24128000, "changeToInventory": 1571000, "totalCashFromOperatingActivities": 13526000, "investments": -5571500, "otherCashflowsFromInvestingActivities": 929500, "totalCashflowsFromInvestingActivities": -13722500, "dividendsPaid": -11875000, "netBorrowings": -5596000, "otherCashflowsFromFinancingActivities": -11766000, "totalCashFromFinancingActivities": -29237000, "changeInCash": -29436000}, {"maxAge": 1, "endDate": "2019-09-30", "netIncome": -26634000, "depreciation": 26173000, "changeToNetincome": -26562500, "changeToAccountReceivables": 7293500, "changeToLiabilities": 0, "changeToInventory": 1571000, "totalCashFromOperatingActivities": 13526000, "investments": -5571500, "otherCashflowsFromInvestingActivities": 929500, "totalCashflowsFromInvestingActivities": -13722500, "dividendsPaid": -11875000, "netBorrowings": -5596000, "otherCashflowsFromFinancingActivities": -11766000, "totalCashFromFinancingActivities": -29237000, "changeInCash": -29436000}], "maxAge": 86400}, "insiderHolders": {"holders": [{"maxAge": 1, "name": "Citrus Securities Pvt Ltd", "relation": "Institution- Corporation", "url": "", "transactionDescription": "Sale", "latestTransDate": "2014-09-15", "positionDirect": 0, "positionDirectDate": "2014-09-15"}, {"maxAge": 1, "name": "Exude Vincom Ltd", "relation": "Institution- Corporation", "url": "", "transactionDescription": "Sale", "latestTransDate": "2014-07-24", "positionDirect": 129957, "positionDirectDate": "2014-07-24"}, {"maxAge": 1, "name": "Gatisheel Traders LLP", "relation": "Institution- Corporation", "url": "", "transactionDescription": "Acquisition", "latestTransDate": "2014-09-15", "positionDirect": 3725459, "positionDirectDate": "2014-09-15"}, {"maxAge": 1, "name": "Sarvottam Caps Ltd", "relation": "Promoter", "url": "", "transactionDescription": "Sale", "latestTransDate": "2013-01-11", "positionDirect": 0, "positionDirectDate": "2013-01-11"}, {"maxAge": 1, "name": "Singh (Amar)", "relation": "Non Executive Chairman", "url": "", "transactionDescription": "Other", "latestTransDate": "2017-03-30", "positionDirect": 10458453, "positionDirectDate": "2017-03-30"}, {"maxAge": 1, "name": "Singh (Pankaja Kumari)", "relation": "Director (Non-Executive)", "url": "", "transactionDescription": "Other", "latestTransDate": "2017-03-30", "positionDirect": 2936414, "positionDirectDate": "2017-03-30"}, {"maxAge": 1, "name": "Startrack Vinimay Pvt Ltd", "relation": "Promoter", "url": "", "transactionDescription": "Sale", "latestTransDate": "2013-01-11", "positionDirect": 0, "positionDirectDate": "2013-01-11"}, {"maxAge": 1, "name": "Sterlite Merchants Pvt Ltd", "relation": "Promoter", "url": "", "transactionDescription": "Acquisition", "latestTransDate": "2018-10-12", "positionDirect": 586174, "positionDirectDate": "2018-10-12"}], "maxAge": 1}, "calendarEvents": {"maxAge": 1, "earnings": {"earningsDate": []}}, "upgradeDowngradeHistory": {"history": [], "maxAge": 86400}, "price": {"maxAge": 1, "regularMarketChangePercent": -0.01722154, "regularMarketChange": -0.14999962, "regularMarketTime": "2021-04-30 15:46:57", "priceHint": 2, "regularMarketPrice": 8.56, "regularMarketDayHigh": 9.1, "regularMarketDayLow": 8.41, "regularMarketVolume": 21223, "averageDailyVolume10Day": 83926, "averageDailyVolume3Month": 44167, "regularMarketPreviousClose": 8.71, "regularMarketSource": "FREE_REALTIME", "regularMarketOpen": 9.1, "exchange": "BSE", "exchangeName": "BSE", "exchangeDataDelayedBy": 0, "marketState": "CLOSED", "quoteType": "EQUITY", "symbol": "ENERGYDEV.BO", "underlyingSymbol": null, "shortName": "ENERGY DEVELOPMENT COMPANY LTD", "longName": "Energy Development Company Limited", "currency": "INR", "quoteSourceName": "Delayed Quote", "currencySymbol": "\u20b9", "fromCurrency": null, "lastMarket": null, "marketCap": 406600032}, "balanceSheetHistory": {"balanceSheetStatements": [{"maxAge": 1, "endDate": "2020-03-31", "cash": 35017000, "shortTermInvestments": 522688000, "netReceivables": 420861000, "inventory": 8772000, "otherCurrentAssets": 33090000, "totalCurrentAssets": 1020428000, "longTermInvestments": 123083000, "propertyPlantEquipment": 2022271000, "intangibleAssets": 93394000, "otherAssets": 199430000, "deferredLongTermAssetCharges": 118254000, "totalAssets": 3458606000, "accountsPayable": 152898000, "otherCurrentLiab": 811560000, "longTermDebt": 1554709000, "otherLiab": 39913000, "minorityInterest": -50605000, "totalCurrentLiabilities": 973646000, "totalLiab": 2568268000, "commonStock": 475000000, "treasuryStock": 465943000, "otherStockholderEquity": 465943000, "totalStockholderEquity": 940943000, "netTangibleAssets": 847549000}, {"maxAge": 1, "endDate": "2019-03-31", "cash": 3914000, "netReceivables": 945053000, "inventory": 16185000, "otherCurrentAssets": 59725000, "totalCurrentAssets": 1026419000, "longTermInvestments": 123083000, "propertyPlantEquipment": 2107372000, "intangibleAssets": 111101000, "otherAssets": 99742000, "deferredLongTermAssetCharges": 36217000, "totalAssets": 3467717000, "accountsPayable": 140025000, "shortLongTermDebt": 37945000, "otherCurrentLiab": 460987000, "longTermDebt": 1606092000, "otherLiab": 20814000, "deferredLongTermLiab": 2383000, "minorityInterest": -36233000, "totalCurrentLiabilities": 876559000, "totalLiab": 2503465000, "commonStock": 475000000, "retainedEarnings": -236708000, "treasuryStock": 172193000, "capitalSurplus": 590000000, "otherStockholderEquity": 172193000, "totalStockholderEquity": 1000485000, "netTangibleAssets": 889384000}, {"maxAge": 1, "endDate": "2018-03-31", "cash": 55246000, "netReceivables": 945354000, "inventory": 13612000, "otherCurrentAssets": 69251000, "totalCurrentAssets": 1084804000, "longTermInvestments": 123083000, "propertyPlantEquipment": 2201154000, "intangibleAssets": 128849000, "otherAssets": 79757000, "deferredLongTermAssetCharges": 18659000, "totalAssets": 3617647000, "accountsPayable": 208279000, "shortLongTermDebt": 35385000, "otherCurrentLiab": 486090000, "longTermDebt": 1548668000, "otherLiab": 49219000, "deferredLongTermLiab": 1867000, "minorityInterest": -21401000, "totalCurrentLiabilities": 956532000, "totalLiab": 2554419000, "commonStock": 475000000, "retainedEarnings": -145064000, "treasuryStock": 164693000, "capitalSurplus": 590000000, "otherStockholderEquity": 164693000, "totalStockholderEquity": 1084629000, "netTangibleAssets": 955780000}, {"maxAge": 1, "endDate": "2017-03-31", "cash": 16001504, "netReceivables": 1067969402, "inventory": 12419851, "otherCurrentAssets": 81493967, "totalCurrentAssets": 1181811881, "longTermInvestments": 259705279, "propertyPlantEquipment": 2378817087, "intangibleAssets": 59377697, "otherAssets": 145695238, "deferredLongTermAssetCharges": 25586102, "totalAssets": 4025407182, "accountsPayable": 312660590, "shortLongTermDebt": 63500000, "otherCurrentLiab": 664044295, "longTermDebt": 1487960233, "otherLiab": 31104091, "deferredLongTermLiab": 4134109, "minorityInterest": -6715372, "totalCurrentLiabilities": 1284290399, "totalLiab": 2803354723, "commonStock": 475000000, "retainedEarnings": -925807, "treasuryStock": 164693638, "capitalSurplus": 590000000, "otherStockholderEquity": 164693638, "totalStockholderEquity": 1228767831, "netTangibleAssets": 1169390134}], "maxAge": 86400}, "financialData": {"maxAge": 86400, "currentPrice": 8.56, "recommendationKey": "none", "grossProfits": 283758000, "financialCurrency": "INR"}}}