{"ENGINERSIN.NS": {"assetProfile": {"address1": "Engineers India House", "address2": "1, Bhikaiji Cama Place", "city": "New Delhi", "zip": "110066", "country": "India", "phone": "91 11 2676 2121", "fax": "91 11 2617 8210", "website": "http://www.engineersindia.com", "industry": "Engineering & Construction", "sector": "Industrials", "longBusinessSummary": "Engineers India Limited, an engineering consultancy company, provides design, engineering, procurement, construction, and integrated project management services primarily for oil and gas, and petrochemical industries in India and internationally. The company operates in two segments, Consultancy & Engineering Projects, and Turnkey Projects. It also provides supply chain management services, such as contracts and purchase, inspection, expediting, transportation, and supplier/contractor enlistment; and develops various process technologies for petroleum refining, oil and gas processing, and aromatics industries. In addition, the company offers construction services comprising pre-construction activities, including bid management process, plot plan review/heavy lift study, etc.; and construction services comprising site construction management, liaison with statutory authorities, construction quality and warehouse management, HSE management, contracts administration, pre commissioning and commissioning assistance, and contract and site closing services. Further, it provides heat and mass transfer equipment design, environment engineering, specialist materials and maintenance, and plant operations and safety services; and pre-feed and feed engineering services for a range of processes in the hydrocarbon processing industry. Additionally, the company offers project management, third party inspection, quality assurance, independent engineer and lender's engineer services, and project appraisal and project execution services. Engineers India Limited was founded in 1965 and is headquartered in New Delhi, India.", "fullTimeEmployees": 2806, "companyOfficers": [{"maxAge": 1, "name": "Mr. Rakesh Kumar Sabharwal", "age": 58, "title": "Chairman, MD, CEO & Director of Commercial", "yearBorn": 1962, "fiscalYear": 2020, "totalPay": 4989588, "exercisedValue": 0, "unexercisedValue": 0}, {"maxAge": 1, "name": "Mr. Sunil  Bhatia", "age": 59, "title": "CFO & Exec. Director", "yearBorn": 1961, "fiscalYear": 2020, "totalPay": 4529284, "exercisedValue": 0, "unexercisedValue": 0}, {"maxAge": 1, "name": "Mr. Ashok Kumar Kalra", "age": 57, "title": "Director & Director of HR", "yearBorn": 1963, "fiscalYear": 2020, "totalPay": 4248821, "exercisedValue": 0, "unexercisedValue": 0}, {"maxAge": 1, "name": "Mr. Sanjeev Kumar Handa", "age": 58, "title": "Director of Projects & Exec. Director", "yearBorn": 1962, "fiscalYear": 2020, "totalPay": 4793900, "exercisedValue": 0, "unexercisedValue": 0}, {"maxAge": 1, "name": "Mr. Suvendu Kumar Padhi", "title": "Company Sec.", "fiscalYear": 2020, "totalPay": 2627184, "exercisedValue": 0, "unexercisedValue": 0}, {"maxAge": 1, "name": "Mr. Sudershan  Gupta", "age": 63, "title": "Exec. Director of Fin. and Accounts", "yearBorn": 1957, "exercisedValue": 0, "unexercisedValue": 0}, {"maxAge": 1, "name": "Ms. Vartika  Shukla", "age": 54, "title": "Exec. Director of Technical & Exec. Director", "yearBorn": 1966, "exercisedValue": 0, "unexercisedValue": 0}, {"maxAge": 1, "name": "Mr. S. C. Rai", "title": "Head of Legal Operations and Assistant Gen. Mang.", "exercisedValue": 0, "unexercisedValue": 0}, {"maxAge": 1, "name": "Mr. Narendra  Kumar", "title": "Compliance Officer", "exercisedValue": 0, "unexercisedValue": 0}, {"maxAge": 1, "name": "Mr. Niraj  Sethi", "title": "Gen. Mang. of Strategy & Bus. Devel. and Exec. Director of Projects", "exercisedValue": 0, "unexercisedValue": 0}], "compensationAsOfEpochDate": "2020-12-31 05:30:00", "maxAge": 86400}, "recommendationTrend": {"trend": [{"period": "0m", "strongBuy": 0, "buy": 0, "hold": 0, "sell": 0, "strongSell": 0}, {"period": "-1m", "strongBuy": 0, "buy": 0, "hold": 0, "sell": 0, "strongSell": 0}, {"period": "-2m", "strongBuy": 0, "buy": 0, "hold": 0, "sell": 0, "strongSell": 0}, {"period": "-3m", "strongBuy": 0, "buy": 0, "hold": 0, "sell": 0, "strongSell": 0}], "maxAge": 86400}, "cashflowStatementHistory": {"cashflowStatements": [{"maxAge": 1, "endDate": "2020-03-31", "netIncome": 4238188000, "depreciation": 490586000, "changeToNetincome": -574246000, "changeToAccountReceivables": -2093728000, "changeToLiabilities": 1659665000, "changeToInventory": 2312000, "totalCashFromOperatingActivities": 3756102000, "capitalExpenditures": -178047000, "investments": -4166651000, "otherCashflowsFromInvestingActivities": 2047799000, "totalCashflowsFromInvestingActivities": -2294185000, "dividendsPaid": -2748815000, "netBorrowings": -27203000, "otherCashflowsFromFinancingActivities": -565026000, "totalCashFromFinancingActivities": -3341044000, "changeInCash": -1879127000}, {"maxAge": 1, "endDate": "2019-03-31", "netIncome": 3684469000, "depreciation": 338580000, "changeToNetincome": -2004529000, "changeToAccountReceivables": 122849000, "changeToLiabilities": 3366097000, "changeToInventory": -58110000, "totalCashFromOperatingActivities": 5489979000, "capitalExpenditures": -323778000, "investments": -1442856000, "otherCashflowsFromInvestingActivities": 1727754000, "totalCashflowsFromInvestingActivities": -38144000, "dividendsPaid": -3001579000, "netBorrowings": -27203000, "otherCashflowsFromFinancingActivities": -616984000, "totalCashFromFinancingActivities": -3618563000, "changeInCash": 1833272000}, {"maxAge": 1, "endDate": "2018-03-31", "netIncome": 3833100000, "depreciation": 396970000, "changeToNetincome": -1847492000, "changeToAccountReceivables": -2399964000, "changeToLiabilities": 5966492000, "changeToInventory": -380000, "totalCashFromOperatingActivities": 5987883000, "capitalExpenditures": -290759000, "investments": 385709000, "otherCashflowsFromInvestingActivities": 1550590000, "totalCashflowsFromInvestingActivities": 1646580000, "dividendsPaid": -1895764000, "netBorrowings": -27203000, "otherCashflowsFromFinancingActivities": -385932000, "totalCashFromFinancingActivities": -8919807000, "changeInCash": -1285344000, "repurchaseOfStock": -6638111000}, {"maxAge": 1, "endDate": "2017-03-31", "netIncome": 3300048000, "depreciation": 222263000, "changeToNetincome": -2045799000, "changeToAccountReceivables": -345095000, "changeToLiabilities": 202528000, "changeToInventory": -341000, "changeToOperatingActivities": 1006310000, "totalCashFromOperatingActivities": 2364054000, "capitalExpenditures": -454908000, "investments": 251712000, "otherCashflowsFromInvestingActivities": 2170918000, "totalCashflowsFromInvestingActivities": 1970518000, "dividendsPaid": -2358556000, "netBorrowings": -27203000, "otherCashflowsFromFinancingActivities": -480280000, "totalCashFromFinancingActivities": -2838836000, "changeInCash": 1495736000, "repurchaseOfStock": -6638111000}], "maxAge": 86400}, "indexTrend": {"maxAge": 1, "symbol": "SP5", "peRatio": 19.7411, "pegRatio": 1.34172, "estimates": [{"period": "0q", "growth": 0.549}, {"period": "+1q", "growth": 0.431}, {"period": "0y", "growth": 0.305}, {"period": "+1y", "growth": 0.109}, {"period": "+5y", "growth": 0.120865}, {"period": "-5y"}]}, "defaultKeyStatistics": {"maxAge": 1, "priceHint": 2, "enterpriseValue": 14211230720, "profitMargins": 0.11946999, "floatShares": 308413554, "sharesOutstanding": 562041984, "heldPercentInsiders": 0.51333, "heldPercentInstitutions": 0.20267001, "beta": 0.610324, "category": null, "bookValue": 38.609, "priceToBook": 1.8842757, "fundFamily": null, "legalType": null, "lastFiscalYearEnd": "2020-03-31 05:30:00", "nextFiscalYearEnd": "2022-03-31 05:30:00", "mostRecentQuarter": "2020-12-31 05:30:00", "earningsQuarterlyGrowth": -0.212, "netIncomeToCommon": 3436674048, "trailingEps": 5.436, "forwardEps": 7.3, "lastSplitFactor": "2:1", "lastSplitDate": "2016-12-30 05:30:00", "enterpriseToRevenue": 0.494, "enterpriseToEbitda": 4.08}, "industryTrend": {"maxAge": 1, "symbol": null, "estimates": []}, "quoteType": {"exchange": "NSI", "quoteType": "EQUITY", "symbol": "ENGINERSIN.NS", "underlyingSymbol": "ENGINERSIN.NS", "shortName": "ENGINEERS INDIA", "longName": "Engineers India Limited", "firstTradeDateEpochUtc": "1997-09-16 09:15:00", "timeZoneFullName": "Asia/Kolkata", "timeZoneShortName": "IST", "uuid": "0984fb75-0437-3862-ae70-98bd0c8e5588", "gmtOffSetMilliseconds": 19800000, "maxAge": 1}, "incomeStatementHistory": {"incomeStatementHistory": [{"maxAge": 1, "endDate": "2020-03-31", "totalRevenue": 32365363000, "costOfRevenue": 24547126000, "grossProfit": 7818237000, "researchDevelopment": {}, "sellingGeneralAdministrative": 130291000, "nonRecurring": {}, "otherOperatingExpenses": 2622340000, "totalOperatingExpenses": 27838224000, "operatingIncome": 4527139000, "totalOtherIncomeExpenseNet": 2202644000, "ebit": 4527139000, "interestExpense": -4407000, "incomeBeforeTax": 6729783000, "incomeTaxExpense": 2491595000, "minorityInterest": {}, "netIncomeFromContinuingOps": 4238188000, "discontinuedOperations": {}, "extraordinaryItems": {}, "effectOfAccountingCharges": {}, "otherItems": {}, "netIncome": 4238188000, "netIncomeApplicableToCommonShares": 4238188000}, {"maxAge": 1, "endDate": "2019-03-31", "totalRevenue": 24757984000, "costOfRevenue": 18745954000, "grossProfit": 6012030000, "researchDevelopment": {}, "sellingGeneralAdministrative": 150957000, "nonRecurring": {}, "otherOperatingExpenses": 1716921000, "totalOperatingExpenses": 21016010000, "operatingIncome": 3741974000, "totalOtherIncomeExpenseNet": 1955349000, "ebit": 3741974000, "interestExpense": -1117000, "incomeBeforeTax": 5697323000, "incomeTaxExpense": 2012854000, "minorityInterest": {}, "netIncomeFromContinuingOps": 3684469000, "discontinuedOperations": {}, "extraordinaryItems": {}, "effectOfAccountingCharges": {}, "otherItems": {}, "netIncome": 3684469000, "netIncomeApplicableToCommonShares": 3684469000}, {"maxAge": 1, "endDate": "2018-03-31", "totalRevenue": 18243133000, "costOfRevenue": 11261513000, "grossProfit": 6981620000, "researchDevelopment": {}, "sellingGeneralAdministrative": 163264000, "nonRecurring": {}, "otherOperatingExpenses": 2060057000, "totalOperatingExpenses": 13997576000, "operatingIncome": 4245557000, "totalOtherIncomeExpenseNet": 1545026000, "ebit": 4245557000, "interestExpense": -1231000, "incomeBeforeTax": 5790583000, "incomeTaxExpense": 1957483000, "minorityInterest": {}, "netIncomeFromContinuingOps": 3833100000, "discontinuedOperations": {}, "extraordinaryItems": {}, "effectOfAccountingCharges": {}, "otherItems": {}, "netIncome": 3833100000, "netIncomeApplicableToCommonShares": 3833100000}, {"maxAge": 1, "endDate": "2017-03-31", "totalRevenue": 14797259000, "costOfRevenue": 10183649000, "grossProfit": 4613610000, "researchDevelopment": {}, "sellingGeneralAdministrative": 215644000, "nonRecurring": {}, "otherOperatingExpenses": 1146493000, "totalOperatingExpenses": 11823368000, "operatingIncome": 2973891000, "totalOtherIncomeExpenseNet": 2132536000, "ebit": 2973891000, "interestExpense": -29456000, "incomeBeforeTax": 5106427000, "incomeTaxExpense": 1806379000, "minorityInterest": {}, "netIncomeFromContinuingOps": 3300048000, "discontinuedOperations": {}, "extraordinaryItems": {}, "effectOfAccountingCharges": {}, "otherItems": {}, "netIncome": 3300048000, "netIncomeApplicableToCommonShares": 3300048000}], "maxAge": 86400}, "fundOwnership": {"ownershipList": [{"maxAge": 1, "reportDate": "2021-02-28", "organization": "WisdomTree Tr-WisdomTree Emerging Markets Small Cap Dividend Fund", "pctHeld": 0.0056, "position": 3148968, "value": 252232336}, {"maxAge": 1, "reportDate": "2021-03-31", "organization": "iShares Core MSCI Emerging Markets ETF", "pctHeld": 0.0047, "position": 2624972, "value": 202122844}, {"maxAge": 1, "reportDate": "2021-01-31", "organization": "Vanguard International Stock Index-Emerging Markets Stk", "pctHeld": 0.0042, "position": 2352942, "value": 171058883}, {"maxAge": 1, "reportDate": "2021-01-31", "organization": "Vanguard International Stock Index-Total Intl Stock Indx", "pctHeld": 0.0041, "position": 2294758, "value": 166828906}, {"maxAge": 1, "reportDate": "2021-01-31", "organization": "DFA Emerging Markets Core Equity Portfolio", "pctHeld": 0.0023999999, "position": 1356463, "value": 98614860}, {"maxAge": 1, "reportDate": "2021-02-28", "organization": "WisdomTree Tr-Wisdom Tree Emerging Markets High Dividend  Fd", "pctHeld": 0.0023, "position": 1320438, "value": 105767083}, {"maxAge": 1, "reportDate": "2021-01-31", "organization": "DFA Emerging Markets Small Cap Series", "pctHeld": 0.0014, "position": 802196, "value": 58319649}, {"maxAge": 1, "reportDate": "2021-02-28", "organization": "WisdomTree Tr-WisdomTree India Earnings Fd", "pctHeld": 0.0013, "position": 749548, "value": 60038794}, {"maxAge": 1, "reportDate": "2021-01-31", "organization": "Vanguard Intl Equity Index Fds-FTSE All World ex U.S.Small Cap Index", "pctHeld": 0.00090000004, "position": 527409, "value": 38342634}, {"maxAge": 1, "reportDate": "2021-03-31", "organization": "iShares MSCI India Small Cap ETF", "pctHeld": 0.0008, "position": 472229, "value": 36361633}], "maxAge": 1}, "summaryDetail": {"maxAge": 1, "priceHint": 2, "previousClose": 72.85, "open": 72.4, "dayLow": 72.2, "dayHigh": 74.45, "regularMarketPreviousClose": 72.85, "regularMarketOpen": 72.4, "regularMarketDayLow": 72.2, "regularMarketDayHigh": 74.45, "dividendRate": 2.8, "dividendYield": 0.038399998, "exDividendDate": "2021-03-18 05:30:00", "payoutRatio": 0.9472, "fiveYearAvgDividendYield": 3.56, "beta": 0.610324, "trailingPE": 13.383002, "forwardPE": 9.965754, "volume": 1333216, "regularMarketVolume": 1333216, "averageVolume": 4783942, "averageVolume10days": 3535083, "averageDailyVolume10Day": 3535083, "bid": 0.0, "ask": 0.0, "bidSize": 0, "askSize": 0, "marketCap": 40888553472, "fiftyTwoWeekLow": 59.35, "fiftyTwoWeekHigh": 93.3, "priceToSalesTrailing12Months": 1.4213959, "fiftyDayAverage": 78.208824, "twoHundredDayAverage": 73.318794, "trailingAnnualDividendRate": 2.95, "trailingAnnualDividendYield": 0.040494166, "currency": "INR", "fromCurrency": null, "lastMarket": null, "algorithm": null, "tradeable": false}, "insiderHolders": {"holders": [{"maxAge": 1, "name": "ICICI Prudential Value Fund", "relation": "Institution- Corporation", "url": "", "transactionDescription": "Sale", "latestTransDate": "2020-06-29", "positionDirect": 39655120, "positionDirectDate": "2020-06-29"}, {"maxAge": 1, "name": "Investor Education Protection Fund", "relation": "Promoter", "url": "", "transactionDescription": "Sale", "latestTransDate": "2019-10-10", "positionDirect": 325404724, "positionDirectDate": "2019-10-10"}, {"maxAge": 1, "name": "President of India", "relation": "Promoter", "url": "", "transactionDescription": "Sale", "latestTransDate": "2017-11-23", "positionDirect": 328689731, "positionDirectDate": "2017-11-23"}], "maxAge": 1}, "calendarEvents": {"maxAge": 1, "earnings": {"earningsDate": [], "revenueAverage": 6250000000, "revenueLow": 6250000000, "revenueHigh": 6250000000}, "exDividendDate": "2021-03-18 05:30:00"}, "upgradeDowngradeHistory": {"history": [], "maxAge": 86400}, "price": {"maxAge": 1, "regularMarketChangePercent": -0.0013726628, "regularMarketChange": -0.099998474, "regularMarketTime": "2021-04-30 15:29:55", "priceHint": 2, "regularMarketPrice": 72.75, "regularMarketDayHigh": 74.45, "regularMarketDayLow": 72.2, "regularMarketVolume": 1333216, "averageDailyVolume10Day": 3535083, "averageDailyVolume3Month": 4783942, "regularMarketPreviousClose": 72.85, "regularMarketSource": "FREE_REALTIME", "regularMarketOpen": 72.4, "exchange": "NSI", "exchangeName": "NSE", "exchangeDataDelayedBy": 15, "marketState": "CLOSED", "quoteType": "EQUITY", "symbol": "ENGINERSIN.NS", "underlyingSymbol": null, "shortName": "ENGINEERS INDIA", "longName": "Engineers India Limited", "currency": "INR", "quoteSourceName": "Delayed Quote", "currencySymbol": "\u20b9", "fromCurrency": null, "lastMarket": null, "marketCap": 40888553472}, "balanceSheetHistory": {"balanceSheetStatements": [{"maxAge": 1, "endDate": "2020-03-31", "cash": 257288000, "shortTermInvestments": 28174222000, "netReceivables": 9667454000, "inventory": 67607000, "otherCurrentAssets": 2189057000, "totalCurrentAssets": 40426448000, "longTermInvestments": 4089922000, "propertyPlantEquipment": 2346703000, "intangibleAssets": 32985000, "otherAssets": 4068051000, "deferredLongTermAssetCharges": 2720256000, "totalAssets": 50964109000, "accountsPayable": 2749089000, "otherCurrentLiab": 21459309000, "otherLiab": 182228000, "totalCurrentLiabilities": 26697239000, "totalLiab": 26903920000, "commonStock": 3159557000, "retainedEarnings": 21043156000, "treasuryStock": -142524000, "otherStockholderEquity": -142524000, "totalStockholderEquity": 24060189000, "netTangibleAssets": 24027204000}, {"maxAge": 1, "endDate": "2019-03-31", "cash": 2136415000, "shortTermInvestments": 25354021000, "netReceivables": 8692409000, "inventory": 81681000, "otherCurrentAssets": 1919532000, "totalCurrentAssets": 38246166000, "longTermInvestments": 2658906000, "propertyPlantEquipment": 2517990000, "intangibleAssets": 206803000, "otherAssets": 3975491000, "deferredLongTermAssetCharges": 2991005000, "totalAssets": 47605356000, "accountsPayable": 2445266000, "otherCurrentLiab": 19614579000, "otherLiab": 130658000, "totalCurrentLiabilities": 24029748000, "totalLiab": 24160406000, "commonStock": 3159557000, "retainedEarnings": 20080340000, "treasuryStock": 205053000, "otherStockholderEquity": 205053000, "totalStockholderEquity": 23444950000, "netTangibleAssets": 23238147000}, {"maxAge": 1, "endDate": "2018-03-31", "cash": 303143000, "shortTermInvestments": 23533863000, "netReceivables": 8984156000, "inventory": 33135000, "otherCurrentAssets": 3439360000, "totalCurrentAssets": 36344391000, "longTermInvestments": 2172504000, "propertyPlantEquipment": 2460047000, "intangibleAssets": 343262000, "otherAssets": 3819146000, "deferredLongTermAssetCharges": 3048824000, "totalAssets": 45139350000, "accountsPayable": 2170841000, "otherCurrentLiab": 16828889000, "otherLiab": 272830000, "totalCurrentLiabilities": 21454295000, "totalLiab": 21727125000, "commonStock": 3159557000, "retainedEarnings": 20141889000, "treasuryStock": 110779000, "otherStockholderEquity": 110779000, "totalStockholderEquity": 23412225000, "netTangibleAssets": 23068963000}, {"maxAge": 1, "endDate": "2017-03-31", "cash": 1588487000, "shortTermInvestments": 24375987000, "netReceivables": 7473069000, "inventory": 107555000, "otherCurrentAssets": 2410671000, "totalCurrentAssets": 36013457000, "longTermInvestments": 1516573000, "propertyPlantEquipment": 2457397000, "intangibleAssets": 450422000, "otherAssets": 3521496000, "deferredLongTermAssetCharges": 2673238000, "totalAssets": 43959345000, "accountsPayable": 2229400000, "otherCurrentLiab": 10855523000, "otherLiab": 252671000, "totalCurrentLiabilities": 15258123000, "totalLiab": 15510794000, "commonStock": 3369366000, "retainedEarnings": 25325463000, "treasuryStock": -246278000, "otherStockholderEquity": -246278000, "totalStockholderEquity": 28448551000, "netTangibleAssets": 27998129000}], "maxAge": 86400}, "earningsTrend": {"trend": [{"maxAge": 1, "period": "0q", "endDate": "2018-12-31", "growth": {}, "earningsEstimate": {"avg": 0.0, "low": 0.0, "high": 0.0, "yearAgoEps": 1.71, "numberOfAnalysts": 0, "growth": {}}, "revenueEstimate": {"avg": 6250000000, "low": 6250000000, "high": 6250000000, "numberOfAnalysts": 1, "yearAgoRevenue": 4734170000, "growth": 0.32}, "epsTrend": {"current": 0.0, "7daysAgo": 0.0, "30daysAgo": 0.0, "60daysAgo": 0.0, "90daysAgo": 0.0}, "epsRevisions": {"upLast7days": 0, "upLast30days": 0, "downLast30days": 0, "downLast90days": {}}}, {"maxAge": 1, "period": "+1q", "endDate": "2019-03-31", "growth": {}, "earningsEstimate": {"avg": 0.0, "low": 0.0, "high": 0.0, "yearAgoEps": 1.1, "numberOfAnalysts": 0, "growth": {}}, "revenueEstimate": {"avg": 6600000000, "low": 6600000000, "high": 6600000000, "numberOfAnalysts": 1, "yearAgoRevenue": 5097100000, "growth": 0.295}, "epsTrend": {"current": 0.0, "7daysAgo": 0.0, "30daysAgo": 0.0, "60daysAgo": 0.0, "90daysAgo": 0.0}, "epsRevisions": {"upLast7days": 0, "upLast30days": 0, "downLast30days": 0, "downLast90days": {}}}, {"maxAge": 1, "period": "0y", "endDate": "2019-03-31", "growth": {}, "earningsEstimate": {"avg": 0.0, "low": 0.0, "high": 0.0, "yearAgoEps": {}, "numberOfAnalysts": 0, "growth": {}}, "revenueEstimate": {"avg": 24390000000, "low": 21451000000, "high": 26773000000, "numberOfAnalysts": 6, "yearAgoRevenue": 17875800000, "growth": 0.36400002}, "epsTrend": {"current": 0.0, "7daysAgo": 6.09, "30daysAgo": 6.09, "60daysAgo": 6.09, "90daysAgo": 6.09}, "epsRevisions": {"upLast7days": 0, "upLast30days": 0, "downLast30days": 0, "downLast90days": {}}}, {"maxAge": 1, "period": "+1y", "endDate": "2020-03-31", "growth": {}, "earningsEstimate": {"avg": 0.0, "low": 0.0, "high": 0.0, "yearAgoEps": {}, "numberOfAnalysts": 0, "growth": {}}, "revenueEstimate": {"avg": 30317700000, "low": 26304000000, "high": 35296000000, "numberOfAnalysts": 6, "yearAgoRevenue": 24390000000, "growth": 0.24299999}, "epsTrend": {"current": 0.0, "7daysAgo": 7.3, "30daysAgo": 7.3, "60daysAgo": 7.3, "90daysAgo": 7.3}, "epsRevisions": {"upLast7days": 0, "upLast30days": 0, "downLast30days": 0, "downLast90days": {}}}, {"maxAge": 1, "period": "+5y", "endDate": null, "growth": -0.079, "earningsEstimate": {"avg": {}, "low": {}, "high": {}, "yearAgoEps": {}, "numberOfAnalysts": {}, "growth": {}}, "revenueEstimate": {"avg": {}, "low": {}, "high": {}, "numberOfAnalysts": {}, "yearAgoRevenue": {}, "growth": {}}, "epsTrend": {"current": {}, "7daysAgo": {}, "30daysAgo": {}, "60daysAgo": {}, "90daysAgo": {}}, "epsRevisions": {"upLast7days": {}, "upLast30days": {}, "downLast30days": {}, "downLast90days": {}}}, {"maxAge": 1, "period": "-5y", "endDate": null, "growth": {}, "earningsEstimate": {"avg": {}, "low": {}, "high": {}, "yearAgoEps": {}, "numberOfAnalysts": {}, "growth": {}}, "revenueEstimate": {"avg": {}, "low": {}, "high": {}, "numberOfAnalysts": {}, "yearAgoRevenue": {}, "growth": {}}, "epsTrend": {"current": {}, "7daysAgo": {}, "30daysAgo": {}, "60daysAgo": {}, "90daysAgo": {}}, "epsRevisions": {"upLast7days": {}, "upLast30days": {}, "downLast30days": {}, "downLast90days": {}}}], "maxAge": 1}, "institutionOwnership": {"ownershipList": [{"maxAge": 1, "reportDate": "2020-12-31", "organization": "Stanley-Laman Group, Ltd.", "pctHeld": 0.00090000004, "position": 500000, "value": 39175000}], "maxAge": 1}, "majorHoldersBreakdown": {"maxAge": 1, "insidersPercentHeld": 0.51333, "institutionsPercentHeld": 0.20267001, "institutionsFloatPercentHeld": 0.41644, "institutionsCount": 42}, "balanceSheetHistoryQuarterly": {"balanceSheetStatements": [{"maxAge": 1, "endDate": "2020-12-31", "totalStockholderEquity": 24357626000, "netTangibleAssets": 24326038000}, {"maxAge": 1, "endDate": "2020-09-30", "cash": 27557023000, "shortTermInvestments": 4426494000, "netReceivables": 5145364000, "inventory": 65399000, "otherCurrentAssets": 1900554000, "totalCurrentAssets": 39094834000, "longTermInvestments": 4257206000, "propertyPlantEquipment": 2275761000, "intangibleAssets": 31588000, "otherAssets": 4243966000, "deferredLongTermAssetCharges": 2858393000, "totalAssets": 49903355000, "accountsPayable": 2610834000, "otherCurrentLiab": 22732895000, "otherLiab": 166322000, "totalCurrentLiabilities": 25363185000, "totalLiab": 25545729000, "commonStock": 3159558000, "treasuryStock": 21198068000, "otherStockholderEquity": 21198068000, "totalStockholderEquity": 24357626000, "netTangibleAssets": 24326038000}, {"maxAge": 1, "endDate": "2020-06-30", "totalStockholderEquity": 24060189000, "netTangibleAssets": 24027204000}, {"maxAge": 1, "endDate": "2020-03-31", "cash": 257288000, "shortTermInvestments": 28174222000, "netReceivables": 9667454000, "inventory": 67607000, "otherCurrentAssets": 2189057000, "totalCurrentAssets": 40426448000, "longTermInvestments": 4089922000, "propertyPlantEquipment": 2346703000, "intangibleAssets": 32985000, "otherAssets": 4068051000, "deferredLongTermAssetCharges": 2720256000, "totalAssets": 50964109000, "accountsPayable": 2749089000, "otherCurrentLiab": 21459309000, "otherLiab": 182228000, "totalCurrentLiabilities": 26697239000, "totalLiab": 26903920000, "commonStock": 3159557000, "retainedEarnings": 21043156000, "treasuryStock": -142524000, "otherStockholderEquity": -142524000, "totalStockholderEquity": 24060189000, "netTangibleAssets": 24027204000}], "maxAge": 86400}, "earningsHistory": {"history": [{"maxAge": 1, "epsActual": 1.71, "epsEstimate": 1.38, "epsDifference": 0.33, "surprisePercent": 0.239, "quarter": "2017-12-31", "period": "-4q"}, {"maxAge": 1, "epsActual": 1.1, "epsEstimate": 1.55, "epsDifference": -0.45, "surprisePercent": -0.29, "quarter": "2018-03-31", "period": "-3q"}, {"maxAge": 1, "epsActual": 1.37, "epsEstimate": 1.45, "epsDifference": -0.08, "surprisePercent": -0.055, "quarter": "2018-06-30", "period": "-2q"}, {"maxAge": 1, "epsActual": 1.55, "epsEstimate": 1.4, "epsDifference": 0.15, "surprisePercent": 0.107, "quarter": "2018-09-30", "period": "-1q"}], "maxAge": 86400}, "summaryProfile": {"address1": "Engineers India House", "address2": "1, Bhikaiji Cama Place", "city": "New Delhi", "zip": "110066", "country": "India", "phone": "91 11 2676 2121", "fax": "91 11 2617 8210", "website": "http://www.engineersindia.com", "industry": "Engineering & Construction", "sector": "Industrials", "longBusinessSummary": "Engineers India Limited, an engineering consultancy company, provides design, engineering, procurement, construction, and integrated project management services primarily for oil and gas, and petrochemical industries in India and internationally. The company operates in two segments, Consultancy & Engineering Projects, and Turnkey Projects. It also provides supply chain management services, such as contracts and purchase, inspection, expediting, transportation, and supplier/contractor enlistment; and develops various process technologies for petroleum refining, oil and gas processing, and aromatics industries. In addition, the company offers construction services comprising pre-construction activities, including bid management process, plot plan review/heavy lift study, etc.; and construction services comprising site construction management, liaison with statutory authorities, construction quality and warehouse management, HSE management, contracts administration, pre commissioning and commissioning assistance, and contract and site closing services. Further, it provides heat and mass transfer equipment design, environment engineering, specialist materials and maintenance, and plant operations and safety services; and pre-feed and feed engineering services for a range of processes in the hydrocarbon processing industry. Additionally, the company offers project management, third party inspection, quality assurance, independent engineer and lender's engineer services, and project appraisal and project execution services. Engineers India Limited was founded in 1965 and is headquartered in New Delhi, India.", "fullTimeEmployees": 2806, "companyOfficers": [], "maxAge": 86400}, "netSharePurchaseActivity": {"maxAge": 1, "period": "6m", "buyInfoCount": 0, "buyInfoShares": 0, "sellInfoCount": 0, "netInfoCount": 0, "netInfoShares": 0, "netPercentInsiderShares": 0.0, "totalInsiderShares": 325255104}, "insiderTransactions": {"transactions": [{"maxAge": 1, "shares": 858180, "filerUrl": "", "transactionText": "", "filerName": "ICICI Prudential Value Fund", "filerRelation": "Institution- Corporation", "moneyText": "", "startDate": "2020-06-29", "ownership": "D"}, {"maxAge": 1, "shares": 3285007, "filerUrl": "", "transactionText": "", "filerName": "Investor Education Protection Fund", "filerRelation": "Promoter", "moneyText": "", "startDate": "2019-10-10", "ownership": "D"}, {"maxAge": 1, "shares": 13588409, "filerUrl": "", "transactionText": "", "filerName": "President of India", "filerRelation": "Promoter", "moneyText": "", "startDate": "2017-11-23", "ownership": "D"}, {"maxAge": 1, "shares": 41946454, "filerUrl": "", "transactionText": "", "filerName": "President of India", "filerRelation": "Promoter", "moneyText": "", "startDate": "2017-08-14", "ownership": "D"}, {"maxAge": 1, "shares": 3459433, "filerUrl": "", "transactionText": "", "filerName": "President of India", "filerRelation": "Promoter", "moneyText": "", "startDate": "2017-03-22", "ownership": "D"}, {"maxAge": 1, "shares": 189334102, "filerUrl": "", "transactionText": "", "filerName": "President of India", "filerRelation": "Promoter", "moneyText": "", "startDate": "2017-01-25", "ownership": "D"}, {"maxAge": 1, "shares": 1675326, "filerUrl": "", "transactionText": "", "filerName": "President of India", "filerRelation": "Promoter", "moneyText": "", "startDate": "2016-10-07", "ownership": "D"}, {"maxAge": 1, "shares": 33693660, "filerUrl": "", "transactionText": "", "filerName": "President of India", "filerRelation": "Promoter", "moneyText": "", "startDate": "2016-01-29", "ownership": "D"}, {"maxAge": 1, "shares": 8388, "filerUrl": "", "transactionText": "", "filerName": "President of India", "filerRelation": "Promoter", "moneyText": "", "startDate": "2015-04-10", "ownership": "D"}, {"maxAge": 1, "shares": 3479581, "filerUrl": "", "transactionText": "", "filerName": "President of India", "filerRelation": "Promoter", "moneyText": "", "startDate": "2014-03-27", "ownership": "D"}], "maxAge": 1}, "sectorTrend": {"maxAge": 1, "symbol": null, "estimates": []}, "incomeStatementHistoryQuarterly": {"incomeStatementHistory": [{"maxAge": 1, "endDate": "2020-12-31", "totalRevenue": 8454894000, "costOfRevenue": 6810809000, "grossProfit": 1644085000, "researchDevelopment": {}, "sellingGeneralAdministrative": {}, "nonRecurring": {}, "otherOperatingExpenses": 872565000, "totalOperatingExpenses": 7734869000, "operatingIncome": 720025000, "totalOtherIncomeExpenseNet": 461473000, "ebit": 720025000, "interestExpense": -4128000, "incomeBeforeTax": 1181498000, "incomeTaxExpense": 300769000, "minorityInterest": {}, "netIncomeFromContinuingOps": 880729000, "discontinuedOperations": {}, "extraordinaryItems": {}, "effectOfAccountingCharges": {}, "otherItems": {}, "netIncome": 880729000, "netIncomeApplicableToCommonShares": 880729000}, {"maxAge": 1, "endDate": "2020-09-30", "totalRevenue": 6922727000, "costOfRevenue": 5479049000, "grossProfit": 1443678000, "researchDevelopment": {}, "sellingGeneralAdministrative": {}, "nonRecurring": {}, "otherOperatingExpenses": 652052000, "totalOperatingExpenses": 6191070000, "operatingIncome": 731657000, "totalOtherIncomeExpenseNet": 472334000, "ebit": 731657000, "interestExpense": -4691000, "incomeBeforeTax": 1203991000, "incomeTaxExpense": 320759000, "minorityInterest": {}, "netIncomeFromContinuingOps": 883232000, "discontinuedOperations": {}, "extraordinaryItems": {}, "effectOfAccountingCharges": {}, "otherItems": {}, "netIncome": 883232000, "netIncomeApplicableToCommonShares": 883232000}, {"maxAge": 1, "endDate": "2020-06-30", "totalRevenue": 4745031000, "costOfRevenue": 4031615000, "grossProfit": 713416000, "researchDevelopment": {}, "sellingGeneralAdministrative": {}, "nonRecurring": {}, "otherOperatingExpenses": 488206000, "totalOperatingExpenses": 4573570000, "operatingIncome": 171461000, "totalOtherIncomeExpenseNet": 481676000, "ebit": 171461000, "interestExpense": -4330000, "incomeBeforeTax": 653137000, "incomeTaxExpense": 177282000, "minorityInterest": {}, "netIncomeFromContinuingOps": 475855000, "discontinuedOperations": {}, "extraordinaryItems": {}, "effectOfAccountingCharges": {}, "otherItems": {}, "netIncome": 475855000, "netIncomeApplicableToCommonShares": 475855000}, {"maxAge": 1, "endDate": "2020-03-31", "totalRevenue": 8643826000, "costOfRevenue": 7069897000, "grossProfit": 1573929000, "researchDevelopment": {}, "sellingGeneralAdministrative": 130291000, "nonRecurring": {}, "otherOperatingExpenses": 41969000, "totalOperatingExpenses": 7343946000, "operatingIncome": 1299880000, "totalOtherIncomeExpenseNet": 329650000, "ebit": 1299880000, "interestExpense": -4330000, "incomeBeforeTax": 1629530000, "incomeTaxExpense": 432672000, "minorityInterest": {}, "netIncomeFromContinuingOps": 1196858000, "discontinuedOperations": {}, "extraordinaryItems": {}, "effectOfAccountingCharges": {}, "otherItems": {}, "netIncome": 1196858000, "netIncomeApplicableToCommonShares": 1196858000}], "maxAge": 86400}, "cashflowStatementHistoryQuarterly": {"cashflowStatements": [{"maxAge": 1, "endDate": "2020-12-31", "netIncome": 880729000, "changeToLiabilities": 0}, {"maxAge": 1, "endDate": "2020-09-30", "netIncome": 883232000, "changeToLiabilities": 0}, {"maxAge": 1, "endDate": "2020-06-30", "netIncome": 475855000, "changeToLiabilities": 0}, {"maxAge": 1, "endDate": "2020-03-31", "netIncome": 1196858000, "changeToLiabilities": 0}], "maxAge": 86400}, "earnings": {"maxAge": 86400, "earningsChart": {"quarterly": [{"date": "4Q2017", "actual": 1.71, "estimate": 1.38}, {"date": "1Q2018", "actual": 1.1, "estimate": 1.55}, {"date": "2Q2018", "actual": 1.37, "estimate": 1.45}, {"date": "3Q2018", "actual": 1.55, "estimate": 1.4}], "currentQuarterEstimateDate": "4Q", "currentQuarterEstimateYear": 2018, "earningsDate": []}, "financialsChart": {"yearly": [{"date": 2017, "revenue": 14797259000, "earnings": 3300048000}, {"date": 2018, "revenue": 18243133000, "earnings": 3833100000}, {"date": 2019, "revenue": 24757984000, "earnings": 3684469000}, {"date": 2020, "revenue": 32365363000, "earnings": 4238188000}], "quarterly": [{"date": "1Q2020", "revenue": 8643826000, "earnings": 1196858000}, {"date": "2Q2020", "revenue": 4745031000, "earnings": 475855000}, {"date": "3Q2020", "revenue": 6922727000, "earnings": 883232000}, {"date": "4Q2020", "revenue": 8454894000, "earnings": 880729000}]}, "financialCurrency": "INR"}, "financialData": {"maxAge": 86400, "currentPrice": 72.75, "targetHighPrice": 203.0, "targetLowPrice": 95.0, "targetMeanPrice": 147.92, "targetMedianPrice": 143.5, "recommendationKey": "none", "numberOfAnalystOpinions": 12, "totalCash": 31983517696, "totalCashPerShare": 50.478, "ebitda": 3482832640, "totalDebt": 35678000, "totalRevenue": 28766478336, "debtToEquity": 0.146, "revenuePerShare": 45.5, "grossProfits": 7818237000, "earningsGrowth": -0.215, "revenueGrowth": -0.06, "grossMargins": 0.18685, "ebitdaMargins": 0.121070005, "operatingMargins": 0.101610005, "profitMargins": 0.11946999, "financialCurrency": "INR"}}}