{"ENIL.BO": {"recommendationTrend": {"trend": [{"period": "0m", "strongBuy": 0, "buy": 0, "hold": 0, "sell": 0, "strongSell": 0}, {"period": "-1m", "strongBuy": 0, "buy": 0, "hold": 0, "sell": 0, "strongSell": 0}, {"period": "-2m", "strongBuy": 0, "buy": 0, "hold": 0, "sell": 0, "strongSell": 0}, {"period": "-3m", "strongBuy": 0, "buy": 0, "hold": 0, "sell": 0, "strongSell": 0}], "maxAge": 86400}, "cashflowStatementHistory": {"cashflowStatements": [{"maxAge": 1, "endDate": "2020-03-31", "netIncome": 107121000, "depreciation": 1031903000, "changeToNetincome": -5694000, "changeToAccountReceivables": 113615000, "changeToLiabilities": 10758000, "changeToOperatingActivities": -73117000, "totalCashFromOperatingActivities": 1189686000, "capitalExpenditures": -135262000, "investments": -790817000, "otherCashflowsFromInvestingActivities": 224000, "totalCashflowsFromInvestingActivities": -925374000, "dividendsPaid": -47670000, "netBorrowings": -210964000, "otherCashflowsFromFinancingActivities": -204740000, "totalCashFromFinancingActivities": -463374000, "effectOfExchangeRate": 1417000, "changeInCash": -197645000}, {"maxAge": 1, "endDate": "2019-03-31", "netIncome": 538992000, "depreciation": 666542000, "changeToNetincome": 19211000, "changeToAccountReceivables": -386386000, "changeToLiabilities": 269652000, "changeToOperatingActivities": 80591000, "totalCashFromOperatingActivities": 1193174000, "capitalExpenditures": -293832000, "investments": 324912000, "otherCashflowsFromInvestingActivities": 2731000, "totalCashflowsFromInvestingActivities": 24719000, "dividendsPaid": -47670000, "netBorrowings": -1100000000, "otherCashflowsFromFinancingActivities": -10400000, "totalCashFromFinancingActivities": -1158070000, "effectOfExchangeRate": -800000, "changeInCash": 59023000}, {"maxAge": 1, "endDate": "2018-03-31", "netIncome": 356399000, "depreciation": 632707000, "changeToNetincome": 123199000, "changeToAccountReceivables": -134146000, "changeToLiabilities": 26005000, "changeToOperatingActivities": 58968000, "totalCashFromOperatingActivities": 1063378000, "capitalExpenditures": -260239000, "investments": -479300000, "otherCashflowsFromInvestingActivities": 364000, "totalCashflowsFromInvestingActivities": -737768000, "dividendsPaid": -47670000, "netBorrowings": -274274000, "otherCashflowsFromFinancingActivities": -9949000, "totalCashFromFinancingActivities": -331893000, "effectOfExchangeRate": -800000, "changeInCash": -6283000}, {"maxAge": 1, "endDate": "2017-03-31", "netIncome": 551696000, "depreciation": 532823000, "changeToNetincome": 27361000, "changeToAccountReceivables": -305197000, "changeToLiabilities": 377784000, "changeToOperatingActivities": -144609000, "totalCashFromOperatingActivities": 1043081000, "capitalExpenditures": -353336000, "investments": 1388081000, "otherCashflowsFromInvestingActivities": 954000, "totalCashflowsFromInvestingActivities": 520435000, "dividendsPaid": -47657000, "netBorrowings": -1481991000, "otherCashflowsFromFinancingActivities": -9968000, "totalCashFromFinancingActivities": -1539616000, "effectOfExchangeRate": -800000, "changeInCash": 23900000}], "maxAge": 86400}, "institutionOwnership": {"ownershipList": [], "maxAge": 1}, "balanceSheetHistoryQuarterly": {"balanceSheetStatements": [{"maxAge": 1, "endDate": "2020-06-30", "totalStockholderEquity": 9172628000, "netTangibleAssets": 3442881000}, {"maxAge": 1, "endDate": "2020-03-31", "cash": 40822000, "shortTermInvestments": 2360791000, "netReceivables": 1769588000, "otherCurrentAssets": 68519000, "totalCurrentAssets": 4297053000, "propertyPlantEquipment": 2722222000, "intangibleAssets": 5729747000, "otherAssets": 462781000, "deferredLongTermAssetCharges": 6483000, "totalAssets": 13211803000, "accountsPayable": 1167779000, "otherCurrentLiab": 61815000, "otherLiab": 319996000, "totalCurrentLiabilities": 1694192000, "totalLiab": 4039175000, "commonStock": 476704000, "retainedEarnings": 6810333000, "treasuryStock": 521000, "capitalSurplus": 1885070000, "otherStockholderEquity": 521000, "totalStockholderEquity": 9172628000, "netTangibleAssets": 3442881000}, {"maxAge": 1, "endDate": "2019-12-31", "totalStockholderEquity": 9102101000, "netTangibleAssets": 3103692000}, {"maxAge": 1, "endDate": "2019-09-30", "cash": 97224000, "shortTermInvestments": 1664976000, "netReceivables": 1823950000, "otherCurrentAssets": 175600000, "totalCurrentAssets": 3761750000, "longTermInvestments": 103058000, "propertyPlantEquipment": 2883088000, "goodWill": 4627000, "intangibleAssets": 5993782000, "otherAssets": 432051000, "deferredLongTermAssetCharges": 6302000, "totalAssets": 13178356000, "accountsPayable": 1123144000, "otherCurrentLiab": 617964000, "otherLiab": 2317067000, "totalCurrentLiabilities": 1759188000, "totalLiab": 4076255000, "commonStock": 476704000, "treasuryStock": 8625397000, "otherStockholderEquity": 8625397000, "totalStockholderEquity": 9102101000, "netTangibleAssets": 3103692000}], "maxAge": 86400}, "earningsHistory": {"history": [{"maxAge": 1, "epsActual": 0.04, "epsEstimate": 1.5, "epsDifference": -1.46, "surprisePercent": -0.97300005, "quarter": "2017-06-30", "period": "-4q"}, {"maxAge": 1, "epsActual": 1.25, "epsEstimate": 2.1, "epsDifference": -0.85, "surprisePercent": -0.405, "quarter": "2017-09-30", "period": "-3q"}, {"maxAge": 1, "epsActual": 1.93, "epsEstimate": 2.7, "epsDifference": -0.77, "surprisePercent": -0.285, "quarter": "2018-06-30", "period": "-2q"}, {"maxAge": 1, "epsActual": 1.88, "epsEstimate": 3.2, "epsDifference": -1.32, "surprisePercent": -0.413, "quarter": "2018-09-30", "period": "-1q"}], "maxAge": 86400}, "indexTrend": {"maxAge": 1, "symbol": "SP5", "peRatio": 19.7411, "pegRatio": 1.34172, "estimates": [{"period": "0q", "growth": 0.549}, {"period": "+1q", "growth": 0.431}, {"period": "0y", "growth": 0.305}, {"period": "+1y", "growth": 0.109}, {"period": "+5y", "growth": 0.120865}, {"period": "-5y"}]}, "industryTrend": {"maxAge": 1, "symbol": null, "estimates": []}, "insiderTransactions": {"transactions": [{"maxAge": 1, "shares": 5580, "filerUrl": "", "transactionText": "", "filerName": "Kumar (Narayanan)", "filerRelation": "Director (Non-Executive)", "moneyText": "", "startDate": "2014-12-16", "ownership": "D"}, {"maxAge": 1, "shares": 5000, "filerUrl": "", "transactionText": "", "filerName": "Pandey (Prashant)", "filerRelation": "Chief Executive Officer", "moneyText": "", "startDate": "2014-03-21", "ownership": "D"}, {"maxAge": 1, "shares": 12000, "filerUrl": "", "transactionText": "", "filerName": "Parigi (A P)", "filerRelation": "Director (Non-Executive)", "moneyText": "", "startDate": "2014-03-19", "ownership": "D"}, {"maxAge": 1, "shares": 5458, "filerUrl": "", "transactionText": "", "filerName": "Parigi (A P)", "filerRelation": "Director (Non-Executive)", "moneyText": "", "startDate": "2013-03-01", "ownership": "D"}, {"maxAge": 1, "shares": 150200, "filerUrl": "", "transactionText": "", "filerName": "Parigi (A P)", "filerRelation": "Director (Non-Executive)", "moneyText": "", "startDate": "2011-09-21", "ownership": "D"}, {"maxAge": 1, "shares": 50000, "filerUrl": "", "transactionText": "", "filerName": "Parigi (A P)", "filerRelation": "Director (Non-Executive)", "moneyText": "", "startDate": "2011-03-24", "ownership": "D"}, {"maxAge": 1, "shares": 25000, "filerUrl": "", "transactionText": "", "filerName": "Parigi (A P)", "filerRelation": "Director (Non-Executive)", "moneyText": "", "startDate": "2010-08-16", "ownership": "D"}, {"maxAge": 1, "shares": 1074527, "filerUrl": "", "transactionText": "", "filerName": "FID Funds Mauritius Ltd", "filerRelation": "UNREPORTED", "moneyText": "", "startDate": "2009-08-20", "ownership": "D"}], "maxAge": 1}, "quoteType": {"exchange": "BSE", "quoteType": "EQUITY", "symbol": "ENIL.BO", "underlyingSymbol": "ENIL.BO", "shortName": "ENTERTAINMENT NETWORK (INDIA)", "longName": "Entertainment Network (India) Limited", "firstTradeDateEpochUtc": "2006-02-15 09:15:00", "timeZoneFullName": "Asia/Kolkata", "timeZoneShortName": "IST", "uuid": "360a6a91-d739-3828-890e-ce7ad61377b6", "gmtOffSetMilliseconds": 19800000, "maxAge": 1}, "incomeStatementHistory": {"incomeStatementHistory": [{"maxAge": 1, "endDate": "2020-03-31", "totalRevenue": 5390198000, "costOfRevenue": 1516613000, "grossProfit": 3873585000, "researchDevelopment": {}, "sellingGeneralAdministrative": 2634493000, "nonRecurring": {}, "otherOperatingExpenses": -103069000, "totalOperatingExpenses": 5161503000, "operatingIncome": 228695000, "totalOtherIncomeExpenseNet": -77890000, "ebit": 228695000, "interestExpense": -194941000, "incomeBeforeTax": 150805000, "incomeTaxExpense": 43684000, "minorityInterest": {}, "netIncomeFromContinuingOps": 107121000, "discontinuedOperations": {}, "extraordinaryItems": {}, "effectOfAccountingCharges": {}, "otherItems": {}, "netIncome": 107121000, "netIncomeApplicableToCommonShares": 107121000}, {"maxAge": 1, "endDate": "2019-03-31", "totalRevenue": 6139272000, "costOfRevenue": 1413479000, "grossProfit": 4725793000, "researchDevelopment": {}, "sellingGeneralAdministrative": 3378204000, "nonRecurring": {}, "otherOperatingExpenses": -74575000, "totalOperatingExpenses": 5411315000, "operatingIncome": 727957000, "totalOtherIncomeExpenseNet": 109487000, "ebit": 727957000, "interestExpense": -39754000, "incomeBeforeTax": 837444000, "incomeTaxExpense": 298452000, "minorityInterest": {}, "netIncomeFromContinuingOps": 538992000, "discontinuedOperations": {}, "extraordinaryItems": {}, "effectOfAccountingCharges": {}, "otherItems": {}, "netIncome": 538992000, "netIncomeApplicableToCommonShares": 538992000}, {"maxAge": 1, "endDate": "2018-03-31", "totalRevenue": 5267495000, "costOfRevenue": 1324209000, "grossProfit": 3943286000, "researchDevelopment": {}, "sellingGeneralAdministrative": 2833843000, "nonRecurring": {}, "otherOperatingExpenses": -107737000, "totalOperatingExpenses": 4726267000, "operatingIncome": 541228000, "totalOtherIncomeExpenseNet": 79651000, "ebit": 541228000, "interestExpense": -47201000, "incomeBeforeTax": 620879000, "incomeTaxExpense": 264480000, "minorityInterest": {}, "netIncomeFromContinuingOps": 356399000, "discontinuedOperations": {}, "extraordinaryItems": {}, "effectOfAccountingCharges": {}, "otherItems": {}, "netIncome": 356399000, "netIncomeApplicableToCommonShares": 356399000}, {"maxAge": 1, "endDate": "2017-03-31", "totalRevenue": 5487243000, "costOfRevenue": 1184564000, "grossProfit": 4302679000, "researchDevelopment": {}, "sellingGeneralAdministrative": 3094060000, "nonRecurring": {}, "otherOperatingExpenses": -74869000, "totalOperatingExpenses": 4757612000, "operatingIncome": 729631000, "totalOtherIncomeExpenseNet": 59986000, "ebit": 729631000, "interestExpense": -135877000, "incomeBeforeTax": 789617000, "incomeTaxExpense": 237921000, "minorityInterest": {}, "netIncomeFromContinuingOps": 551696000, "discontinuedOperations": {}, "extraordinaryItems": {}, "effectOfAccountingCharges": {}, "otherItems": {}, "netIncome": 551696000, "netIncomeApplicableToCommonShares": 551696000}], "maxAge": 86400}, "fundOwnership": {"ownershipList": [{"maxAge": 1, "reportDate": "2020-07-31", "organization": "DFA Emerging Markets Small Cap Series", "pctHeld": 0.0007, "position": 35167, "value": 4401150}, {"maxAge": 1, "reportDate": "2020-07-31", "organization": "DFA Emerging Markets Core Equity Portfolio", "pctHeld": 0.00059999997, "position": 30872, "value": 3863630}], "maxAge": 1}, "summaryDetail": {"maxAge": 1, "priceHint": 2, "previousClose": 149.7, "open": 151.05, "dayLow": 142.55, "dayHigh": 151.05, "regularMarketPreviousClose": 149.7, "regularMarketOpen": 151.05, "regularMarketDayLow": 142.55, "regularMarketDayHigh": 151.05, "forwardPE": 6.172866, "volume": 2486, "regularMarketVolume": 2486, "averageVolume": 8929, "averageVolume10days": 7065, "averageDailyVolume10Day": 7065, "bid": 146.0, "ask": 150.8, "bidSize": 0, "askSize": 0, "marketCap": 6962262016, "fiftyTwoWeekLow": 101.0, "fiftyTwoWeekHigh": 249.0, "fiftyDayAverage": 163.04242, "twoHundredDayAverage": 152.2114, "trailingAnnualDividendRate": 1.0, "trailingAnnualDividendYield": 0.0066800267, "currency": "INR", "fromCurrency": null, "lastMarket": null, "algorithm": null, "tradeable": false}, "sectorTrend": {"maxAge": 1, "symbol": null, "estimates": []}, "incomeStatementHistoryQuarterly": {"incomeStatementHistory": [{"maxAge": 1, "endDate": "2020-06-30", "totalRevenue": 369060000, "costOfRevenue": 477651000, "grossProfit": -108591000, "researchDevelopment": {}, "sellingGeneralAdministrative": {}, "nonRecurring": {}, "otherOperatingExpenses": 150785000, "totalOperatingExpenses": 881250000, "operatingIncome": -512190000, "totalOtherIncomeExpenseNet": 11281000, "ebit": -512190000, "interestExpense": -47189000, "incomeBeforeTax": -500909000, "incomeTaxExpense": -121833000, "minorityInterest": {}, "netIncomeFromContinuingOps": -379076000, "discontinuedOperations": {}, "extraordinaryItems": {}, "effectOfAccountingCharges": {}, "otherItems": {}, "netIncome": -379076000, "netIncomeApplicableToCommonShares": -379076000}, {"maxAge": 1, "endDate": "2020-03-31", "totalRevenue": 1504990000, "costOfRevenue": -696026000, "grossProfit": 2201016000, "researchDevelopment": {}, "sellingGeneralAdministrative": 2634493000, "nonRecurring": {}, "otherOperatingExpenses": -752069000, "totalOperatingExpenses": 1526948000, "operatingIncome": -21958000, "totalOtherIncomeExpenseNet": -26359000, "ebit": -21958000, "interestExpense": -47021000, "incomeBeforeTax": -48317000, "incomeTaxExpense": -15996000, "minorityInterest": {}, "netIncomeFromContinuingOps": -32321000, "discontinuedOperations": {}, "extraordinaryItems": {}, "effectOfAccountingCharges": {}, "otherItems": {}, "netIncome": -32321000, "netIncomeApplicableToCommonShares": -32321000}, {"maxAge": 1, "endDate": "2019-12-31", "totalRevenue": 1466628000, "costOfRevenue": 820032000, "grossProfit": 646596000, "researchDevelopment": {}, "sellingGeneralAdministrative": 2634493000, "nonRecurring": {}, "otherOperatingExpenses": 233690000, "totalOperatingExpenses": 1317561000, "operatingIncome": 149067000, "totalOtherIncomeExpenseNet": -19547000, "ebit": 149067000, "interestExpense": -49937000, "incomeBeforeTax": 129520000, "incomeTaxExpense": 30499000, "minorityInterest": {}, "netIncomeFromContinuingOps": 99021000, "discontinuedOperations": {}, "extraordinaryItems": {}, "effectOfAccountingCharges": {}, "otherItems": {}, "netIncome": 99021000, "netIncomeApplicableToCommonShares": 99021000}, {"maxAge": 1, "endDate": "2019-09-30", "totalRevenue": 1113353000, "costOfRevenue": 660550000, "grossProfit": 452803000, "researchDevelopment": {}, "sellingGeneralAdministrative": 2634493000, "nonRecurring": {}, "otherOperatingExpenses": 172728000, "totalOperatingExpenses": 1092712000, "operatingIncome": 20641000, "totalOtherIncomeExpenseNet": -15948000, "ebit": 20641000, "interestExpense": -49341000, "incomeBeforeTax": 4693000, "incomeTaxExpense": 2788000, "minorityInterest": {}, "netIncomeFromContinuingOps": 1905000, "discontinuedOperations": {}, "extraordinaryItems": {}, "effectOfAccountingCharges": {}, "otherItems": {}, "netIncome": 1905000, "netIncomeApplicableToCommonShares": 1905000}], "maxAge": 86400}, "cashflowStatementHistoryQuarterly": {"cashflowStatements": [{"maxAge": 1, "endDate": "2020-06-30", "netIncome": -379076000, "changeToLiabilities": 0}, {"maxAge": 1, "endDate": "2020-03-31", "netIncome": -32321000, "changeToLiabilities": 0}, {"maxAge": 1, "endDate": "2019-12-31", "netIncome": 99021000, "changeToLiabilities": 0}, {"maxAge": 1, "endDate": "2019-09-30", "netIncome": 1905000, "changeToLiabilities": 0}], "maxAge": 86400}, "insiderHolders": {"holders": [{"maxAge": 1, "name": "FID Funds Mauritius Ltd", "relation": "UNREPORTED", "url": "", "transactionDescription": "Sale", "latestTransDate": "2009-08-20", "positionDirect": 896519, "positionDirectDate": "2009-08-20"}, {"maxAge": 1, "name": "Kumar (Narayanan)", "relation": "Director (Non-Executive)", "url": "", "transactionDescription": "Sale", "latestTransDate": "2014-12-16", "positionDirect": 0, "positionDirectDate": "2014-12-16"}, {"maxAge": 1, "name": "Pandey (Prashant)", "relation": "Chief Executive Officer", "url": "", "transactionDescription": "Sale", "latestTransDate": "2014-03-21", "positionDirect": 21900, "positionDirectDate": "2014-03-21"}, {"maxAge": 1, "name": "Parigi (A P)", "relation": "Director (Non-Executive)", "url": "", "transactionDescription": "Other", "latestTransDate": "2014-03-19", "positionDirect": 2000, "positionDirectDate": "2014-03-19"}], "maxAge": 1}, "earnings": {"maxAge": 86400, "earningsChart": {"quarterly": [{"date": "2Q2017", "actual": 0.04, "estimate": 1.5}, {"date": "3Q2017", "actual": 1.25, "estimate": 2.1}, {"date": "2Q2018", "actual": 1.93, "estimate": 2.7}, {"date": "3Q2018", "actual": 1.88, "estimate": 3.2}], "currentQuarterEstimateDate": "4Q", "currentQuarterEstimateYear": 2018, "earningsDate": ["2020-08-10 05:30:S"]}, "financialsChart": {"yearly": [{"date": 2017, "revenue": 5487243000, "earnings": 551696000}, {"date": 2018, "revenue": 5267495000, "earnings": 356399000}, {"date": 2019, "revenue": 6139272000, "earnings": 538992000}, {"date": 2020, "revenue": 5390198000, "earnings": 107121000}], "quarterly": [{"date": "3Q2019", "revenue": 1113353000, "earnings": 1905000}, {"date": "4Q2019", "revenue": 1466628000, "earnings": 99021000}, {"date": "1Q2020", "revenue": 1504990000, "earnings": -32321000}, {"date": "2Q2020", "revenue": 369060000, "earnings": -379076000}]}, "financialCurrency": "INR"}, "calendarEvents": {"maxAge": 1, "earnings": {"earningsDate": ["2020-08-10 05:30:S"], "revenueAverage": 1835000000, "revenueLow": 1835000000, "revenueHigh": 1835000000}}, "upgradeDowngradeHistory": {"history": [], "maxAge": 86400}, "price": {"maxAge": 1, "regularMarketChangePercent": -0.024382057, "regularMarketChange": -3.649994, "regularMarketTime": "2021-04-30 15:22:31", "priceHint": 2, "regularMarketPrice": 146.05, "regularMarketDayHigh": 151.05, "regularMarketDayLow": 142.55, "regularMarketVolume": 2486, "averageDailyVolume10Day": 7065, "averageDailyVolume3Month": 8929, "regularMarketPreviousClose": 149.7, "regularMarketSource": "FREE_REALTIME", "regularMarketOpen": 151.05, "exchange": "BSE", "exchangeName": "BSE", "exchangeDataDelayedBy": 0, "marketState": "CLOSED", "quoteType": "EQUITY", "symbol": "ENIL.BO", "underlyingSymbol": null, "shortName": "ENTERTAINMENT NETWORK (INDIA)", "longName": "Entertainment Network (India) Limited", "currency": "INR", "quoteSourceName": "Delayed Quote", "currencySymbol": "\u20b9", "fromCurrency": null, "lastMarket": null, "marketCap": 6962262016}, "balanceSheetHistory": {"balanceSheetStatements": [{"maxAge": 1, "endDate": "2020-03-31", "cash": 40822000, "shortTermInvestments": 2360791000, "netReceivables": 1769588000, "otherCurrentAssets": 68519000, "totalCurrentAssets": 4297053000, "propertyPlantEquipment": 2722222000, "intangibleAssets": 5729747000, "otherAssets": 462781000, "deferredLongTermAssetCharges": 6483000, "totalAssets": 13211803000, "accountsPayable": 1167779000, "otherCurrentLiab": 61815000, "otherLiab": 319996000, "totalCurrentLiabilities": 1694192000, "totalLiab": 4039175000, "commonStock": 476704000, "retainedEarnings": 6810333000, "treasuryStock": 521000, "capitalSurplus": 1885070000, "otherStockholderEquity": 521000, "totalStockholderEquity": 9172628000, "netTangibleAssets": 3442881000}, {"maxAge": 1, "endDate": "2019-03-31", "cash": 238468000, "shortTermInvestments": 1351876000, "netReceivables": 2023483000, "otherCurrentAssets": 99218000, "totalCurrentAssets": 3869284000, "longTermInvestments": 101585000, "propertyPlantEquipment": 1026911000, "goodWill": 4627000, "intangibleAssets": 6095975000, "otherAssets": 359340000, "deferredLongTermAssetCharges": 5988000, "totalAssets": 11457722000, "accountsPayable": 1230647000, "otherCurrentLiab": 145114000, "otherLiab": 447199000, "totalCurrentLiabilities": 1657413000, "totalLiab": 2104612000, "commonStock": 476704000, "retainedEarnings": 6992240000, "treasuryStock": -904000, "capitalSurplus": 1885070000, "otherStockholderEquity": -904000, "totalStockholderEquity": 9353110000, "netTangibleAssets": 3252508000}, {"maxAge": 1, "endDate": "2018-03-31", "cash": 179935000, "shortTermInvestments": 1552898000, "netReceivables": 1713692000, "otherCurrentAssets": 68190000, "totalCurrentAssets": 3669005000, "longTermInvestments": 95290000, "propertyPlantEquipment": 1203424000, "goodWill": 4627000, "intangibleAssets": 6152206000, "otherAssets": 459534000, "deferredLongTermAssetCharges": 4634000, "totalAssets": 11584086000, "accountsPayable": 1048911000, "otherCurrentLiab": 54410000, "otherLiab": 337247000, "totalCurrentLiabilities": 2372333000, "totalLiab": 2709580000, "commonStock": 476704000, "retainedEarnings": 6512732000, "capitalSurplus": 1885070000, "totalStockholderEquity": 8874506000, "netTangibleAssets": 2717673000}, {"maxAge": 1, "endDate": "2017-03-31", "cash": 186221000, "shortTermInvestments": 1086394000, "netReceivables": 1641656000, "otherCurrentAssets": 182483000, "totalCurrentAssets": 3189780000, "longTermInvestments": 271421000, "propertyPlantEquipment": 1247903000, "goodWill": 4627000, "intangibleAssets": 6546803000, "otherAssets": 117718000, "totalAssets": 11378252000, "accountsPayable": 1116309000, "otherCurrentLiab": 68598000, "otherLiab": 184651000, "totalCurrentLiabilities": 2619864000, "totalLiab": 2804515000, "commonStock": 476704000, "retainedEarnings": 6211963000, "capitalSurplus": 1885070000, "totalStockholderEquity": 8573737000, "netTangibleAssets": 2022307000}], "maxAge": 86400}, "earningsTrend": {"trend": [{"maxAge": 1, "period": "0q", "endDate": "2018-12-31", "growth": {}, "earningsEstimate": {"avg": 0.0, "low": 0.0, "high": 0.0, "yearAgoEps": 0.04, "numberOfAnalysts": 0, "growth": {}}, "revenueEstimate": {"avg": 1835000000, "low": 1835000000, "high": 1835000000, "numberOfAnalysts": 1, "yearAgoRevenue": 1484200000, "growth": 0.236}, "epsTrend": {"current": 0.0, "7daysAgo": 0.0, "30daysAgo": 0.0, "60daysAgo": 0.0, "90daysAgo": 0.0}, "epsRevisions": {"upLast7days": 0, "upLast30days": 0, "downLast30days": 0, "downLast90days": {}}}, {"maxAge": 1, "period": "+1q", "endDate": "2019-03-31", "growth": {}, "earningsEstimate": {"avg": 0.0, "low": 0.0, "high": 0.0, "yearAgoEps": 1.25, "numberOfAnalysts": 0, "growth": {}}, "revenueEstimate": {"avg": 2028000000, "low": 2028000000, "high": 2028000000, "numberOfAnalysts": 1, "yearAgoRevenue": 1574130000, "growth": 0.288}, "epsTrend": {"current": 0.0, "7daysAgo": 0.0, "30daysAgo": 0.0, "60daysAgo": 0.0, "90daysAgo": 0.0}, "epsRevisions": {"upLast7days": 0, "upLast30days": 0, "downLast30days": 0, "downLast90days": {}}}, {"maxAge": 1, "period": "0y", "endDate": "2019-03-31", "growth": {}, "earningsEstimate": {"avg": 0.0, "low": 0.0, "high": 0.0, "yearAgoEps": {}, "numberOfAnalysts": 0, "growth": {}}, "revenueEstimate": {"avg": 6145480000, "low": 5792000000, "high": 6362000000, "numberOfAnalysts": 10, "yearAgoRevenue": 5267500000, "growth": 0.16700001}, "epsTrend": {"current": 0.0, "7daysAgo": 11.69, "30daysAgo": 11.69, "60daysAgo": 11.69, "90daysAgo": 11.69}, "epsRevisions": {"upLast7days": 0, "upLast30days": 0, "downLast30days": 0, "downLast90days": {}}}, {"maxAge": 1, "period": "+1y", "endDate": "2020-03-31", "growth": {}, "earningsEstimate": {"avg": 0.0, "low": 0.0, "high": 0.0, "yearAgoEps": {}, "numberOfAnalysts": 0, "growth": {}}, "revenueEstimate": {"avg": 7181080000, "low": 6604800000, "high": 7604000000, "numberOfAnalysts": 10, "yearAgoRevenue": 6145480000, "growth": 0.169}, "epsTrend": {"current": 0.0, "7daysAgo": 19.2, "30daysAgo": 19.2, "60daysAgo": 19.2, "90daysAgo": 19.2}, "epsRevisions": {"upLast7days": 0, "upLast30days": 0, "downLast30days": 0, "downLast90days": {}}}, {"maxAge": 1, "period": "+5y", "endDate": null, "growth": 0.198, "earningsEstimate": {"avg": {}, "low": {}, "high": {}, "yearAgoEps": {}, "numberOfAnalysts": {}, "growth": {}}, "revenueEstimate": {"avg": {}, "low": {}, "high": {}, "numberOfAnalysts": {}, "yearAgoRevenue": {}, "growth": {}}, "epsTrend": {"current": {}, "7daysAgo": {}, "30daysAgo": {}, "60daysAgo": {}, "90daysAgo": {}}, "epsRevisions": {"upLast7days": {}, "upLast30days": {}, "downLast30days": {}, "downLast90days": {}}}, {"maxAge": 1, "period": "-5y", "endDate": null, "growth": {}, "earningsEstimate": {"avg": {}, "low": {}, "high": {}, "yearAgoEps": {}, "numberOfAnalysts": {}, "growth": {}}, "revenueEstimate": {"avg": {}, "low": {}, "high": {}, "numberOfAnalysts": {}, "yearAgoRevenue": {}, "growth": {}}, "epsTrend": {"current": {}, "7daysAgo": {}, "30daysAgo": {}, "60daysAgo": {}, "90daysAgo": {}}, "epsRevisions": {"upLast7days": {}, "upLast30days": {}, "downLast30days": {}, "downLast90days": {}}}], "maxAge": 1}, "financialData": {"maxAge": 86400, "currentPrice": 146.05, "targetHighPrice": 880.0, "targetLowPrice": 540.0, "targetMeanPrice": 742.25, "targetMedianPrice": 725.5, "recommendationKey": "none", "numberOfAnalystOpinions": 12, "grossProfits": 3873585000, "financialCurrency": "INR"}}}