{"ENKEIWHEL.BO": {"recommendationTrend": {"trend": [{"period": "0m", "strongBuy": 0, "buy": 0, "hold": 0, "sell": 0, "strongSell": 0}, {"period": "-1m", "strongBuy": 0, "buy": 0, "hold": 0, "sell": 0, "strongSell": 0}, {"period": "-2m", "strongBuy": 0, "buy": 0, "hold": 0, "sell": 0, "strongSell": 0}, {"period": "-3m", "strongBuy": 0, "buy": 0, "hold": 0, "sell": 0, "strongSell": 0}], "maxAge": 86400}, "cashflowStatementHistory": {"cashflowStatements": [{"maxAge": 1, "endDate": "2019-12-31", "netIncome": 148530000, "depreciation": 236799941, "changeToNetincome": -102813308, "changeToAccountReceivables": 299373258, "changeToLiabilities": -10066664, "changeToInventory": -250973271, "changeToOperatingActivities": -228826609, "totalCashFromOperatingActivities": -20173328, "capitalExpenditures": -1074319731, "otherCashflowsFromInvestingActivities": 213333, "totalCashflowsFromInvestingActivities": -1073346398, "netBorrowings": 845653122, "otherCashflowsFromFinancingActivities": -51626654, "totalCashFromFinancingActivities": 1374412990, "changeInCash": 280893263, "issuanceOfStock": 580386522}, {"maxAge": 1, "endDate": "2019-03-31", "netIncome": 127330000, "depreciation": 213380000, "changeToNetincome": -90770000, "changeToAccountReceivables": 271710000, "changeToLiabilities": 126020000, "changeToInventory": -243390000, "changeToOperatingActivities": -11270000, "totalCashFromOperatingActivities": 393010000, "capitalExpenditures": -751370000, "otherCashflowsFromInvestingActivities": 38660000, "totalCashflowsFromInvestingActivities": -712160000, "netBorrowings": 109850000, "otherCashflowsFromFinancingActivities": -34300000, "totalCashFromFinancingActivities": 424280000, "changeInCash": 105130000, "issuanceOfStock": 348730000}, {"maxAge": 1, "endDate": "2018-03-31", "netIncome": 107798972, "depreciation": 232985060, "changeToNetincome": 32662041, "changeToAccountReceivables": -41928220, "changeToLiabilities": -41585529, "changeToInventory": -94801697, "changeToOperatingActivities": 58912252, "totalCashFromOperatingActivities": 254042879, "capitalExpenditures": -446394774, "investments": 422807, "otherCashflowsFromInvestingActivities": 6495099, "totalCashflowsFromInvestingActivities": -435703306, "netBorrowings": 109850000, "otherCashflowsFromFinancingActivities": -30327294, "totalCashFromFinancingActivities": 199722706, "changeInCash": 18062279, "issuanceOfStock": 230050000}, {"maxAge": 1, "endDate": "2017-03-31", "netIncome": 27321659, "depreciation": 217333153, "changeToNetincome": 182433014, "changeToAccountReceivables": 5564538, "changeToLiabilities": -338778905, "changeToInventory": 51707314, "changeToOperatingActivities": 19948205, "totalCashFromOperatingActivities": 165528978, "capitalExpenditures": -207362294, "investments": 3690944, "otherCashflowsFromInvestingActivities": 1008696, "totalCashflowsFromInvestingActivities": -200906101, "netBorrowings": -80000000, "otherCashflowsFromFinancingActivities": -30417481, "totalCashFromFinancingActivities": 30911169, "changeInCash": -4465953, "issuanceOfStock": 141328650}], "maxAge": 86400}, "institutionOwnership": {"maxAge": 1, "ownershipList": []}, "balanceSheetHistoryQuarterly": {"balanceSheetStatements": [{"maxAge": 1, "endDate": "2020-06-30", "cash": 378730000, "shortTermInvestments": 370000, "netReceivables": 124950000, "inventory": 622400000, "otherCurrentAssets": 79630000, "totalCurrentAssets": 1206080000, "propertyPlantEquipment": 2795520000, "otherAssets": 283170000, "deferredLongTermAssetCharges": 28030000, "totalAssets": 4284770000, "accountsPayable": 109450000, "otherCurrentLiab": 269700000, "longTermDebt": 1470340000, "otherLiab": 270790000, "totalCurrentLiabilities": 978990000, "totalLiab": 2758300000, "commonStock": 85380000, "treasuryStock": 1441090000, "otherStockholderEquity": 1441090000, "totalStockholderEquity": 1526470000, "netTangibleAssets": 1526470000}, {"maxAge": 1, "endDate": "2020-03-31", "totalStockholderEquity": 1832050000, "netTangibleAssets": 1832050000}, {"maxAge": 1, "endDate": "2019-12-31", "cash": 412520000, "netReceivables": 212210000, "inventory": 705530000, "otherCurrentAssets": 70770000, "totalCurrentAssets": 1401030000, "propertyPlantEquipment": 2411540000, "otherAssets": 414290000, "deferredLongTermAssetCharges": 24070000, "totalAssets": 4226860000, "accountsPayable": 419220000, "otherCurrentLiab": 271370000, "longTermDebt": 1003530000, "otherLiab": 234440000, "totalCurrentLiabilities": 1104240000, "totalLiab": 2394810000, "commonStock": 85380000, "treasuryStock": 1746670000, "otherStockholderEquity": 1746670000, "totalStockholderEquity": 1832050000, "netTangibleAssets": 1832050000}, {"maxAge": 1, "endDate": "2019-09-30", "cash": 618830000, "netReceivables": 393060000, "inventory": 465610000, "otherCurrentAssets": 56030000, "totalCurrentAssets": 1533530000, "propertyPlantEquipment": 2224530000, "otherAssets": 386730000, "deferredLongTermAssetCharges": 10020000, "totalAssets": 4144790000, "accountsPayable": 330090000, "otherCurrentLiab": 298940000, "longTermDebt": 1002920000, "otherLiab": 550180000, "totalCurrentLiabilities": 901070000, "totalLiab": 2512000000, "commonStock": 85380000, "treasuryStock": 1547410000, "otherStockholderEquity": 1547410000, "totalStockholderEquity": 1632790000, "netTangibleAssets": 1632790000}], "maxAge": 86400}, "earningsHistory": {"history": [{"maxAge": 1, "epsActual": {}, "epsEstimate": {}, "epsDifference": {}, "surprisePercent": {}, "quarter": {}, "period": "-4q"}, {"maxAge": 1, "epsActual": {}, "epsEstimate": {}, "epsDifference": {}, "surprisePercent": {}, "quarter": {}, "period": "-3q"}, {"maxAge": 1, "epsActual": -0.23, "epsEstimate": 0.9, "epsDifference": -1.13, "surprisePercent": -1.256, "quarter": "2018-03-31", "period": "-2q"}, {"maxAge": 1, "epsActual": 0.05, "epsEstimate": 1.57, "epsDifference": -1.52, "surprisePercent": -0.96800005, "quarter": "2018-06-30", "period": "-1q"}], "maxAge": 86400}, "indexTrend": {"maxAge": 1, "symbol": "SP5", "peRatio": 19.7411, "pegRatio": 1.34172, "estimates": [{"period": "0q", "growth": 0.549}, {"period": "+1q", "growth": 0.431}, {"period": "0y", "growth": 0.305}, {"period": "+1y", "growth": 0.109}, {"period": "+5y", "growth": 0.120859005}, {"period": "-5y"}]}, "industryTrend": {"maxAge": 1, "symbol": null, "estimates": []}, "insiderTransactions": {"transactions": [{"maxAge": 1, "shares": 898700, "value": 4921011, "filerUrl": "", "transactionText": "Other at price 5.48 per share.", "filerName": "Enkei Corporation", "filerRelation": "Promoter", "moneyText": "", "startDate": "2020-07-30", "ownership": "D"}, {"maxAge": 1, "shares": 853500, "filerUrl": "", "transactionText": "", "filerName": "Enkei Corporation", "filerRelation": "Promoter", "moneyText": "", "startDate": "2019-05-28", "ownership": "D"}], "maxAge": 1}, "quoteType": {"exchange": "BSE", "quoteType": "EQUITY", "symbol": "ENKEIWHEL.BO", "underlyingSymbol": "ENKEIWHEL.BO", "shortName": "ENKEI WHEELS (INDIA) LTD.", "longName": "Enkei Wheels (India) Limited", "firstTradeDateEpochUtc": "2011-07-11 09:15:00", "timeZoneFullName": "Asia/Kolkata", "timeZoneShortName": "IST", "uuid": "70ecb951-6d65-38c3-9a68-3b2e79ab4274", "messageBoardId": null, "gmtOffSetMilliseconds": 19800000, "maxAge": 1}, "incomeStatementHistory": {"incomeStatementHistory": [{"maxAge": 1, "endDate": "2019-12-31", "totalRevenue": 3725710000, "costOfRevenue": 2058040000, "grossProfit": 1667670000, "researchDevelopment": {}, "sellingGeneralAdministrative": 388590000, "nonRecurring": {}, "otherOperatingExpenses": 1166980000, "totalOperatingExpenses": 3840880000, "operatingIncome": -115170000, "totalOtherIncomeExpenseNet": 298050000, "ebit": -115170000, "interestExpense": -43890000, "incomeBeforeTax": 182880000, "incomeTaxExpense": 34350000, "minorityInterest": {}, "netIncomeFromContinuingOps": 148530000, "discontinuedOperations": {}, "extraordinaryItems": {}, "effectOfAccountingCharges": {}, "otherItems": {}, "netIncome": 148530000, "netIncomeApplicableToCommonShares": 148530000}, {"maxAge": 1, "endDate": "2019-03-31", "totalRevenue": 4744850000, "costOfRevenue": 2633340000, "grossProfit": 2111510000, "researchDevelopment": {}, "sellingGeneralAdministrative": 370520000, "nonRecurring": {}, "otherOperatingExpenses": 1400610000, "totalOperatingExpenses": 4617850000, "operatingIncome": 127000000, "totalOtherIncomeExpenseNet": 9739999, "ebit": 127000000, "interestExpense": -45210000, "incomeBeforeTax": 136740000, "incomeTaxExpense": 9410000, "minorityInterest": {}, "netIncomeFromContinuingOps": 127330000, "discontinuedOperations": {}, "extraordinaryItems": {}, "effectOfAccountingCharges": {}, "otherItems": {}, "netIncome": 127330000, "netIncomeApplicableToCommonShares": 127330000}, {"maxAge": 1, "endDate": "2018-03-31", "totalRevenue": 4647274123, "costOfRevenue": 2575789160, "grossProfit": 2071484963, "researchDevelopment": {}, "sellingGeneralAdministrative": 329857396, "nonRecurring": {}, "otherOperatingExpenses": 1278301404, "totalOperatingExpenses": 4416933020, "operatingIncome": 230341103, "totalOtherIncomeExpenseNet": -37053187, "ebit": 230341103, "interestExpense": -40654735, "incomeBeforeTax": 193287916, "incomeTaxExpense": 85488944, "minorityInterest": {}, "netIncomeFromContinuingOps": 107798972, "discontinuedOperations": {}, "extraordinaryItems": {}, "effectOfAccountingCharges": {}, "otherItems": {}, "netIncome": 107798972, "netIncomeApplicableToCommonShares": 107798972}, {"maxAge": 1, "endDate": "2017-03-31", "totalRevenue": 4067174153, "costOfRevenue": 2221409514, "grossProfit": 1845764639, "researchDevelopment": {}, "sellingGeneralAdministrative": 287758000, "nonRecurring": {}, "otherOperatingExpenses": 1170526811, "totalOperatingExpenses": 3897027478, "operatingIncome": 170146675, "totalOtherIncomeExpenseNet": -95932256, "ebit": 170146675, "interestExpense": -20476451, "incomeBeforeTax": 74214419, "incomeTaxExpense": 46892760, "minorityInterest": {}, "netIncomeFromContinuingOps": 27321659, "discontinuedOperations": {}, "extraordinaryItems": {}, "effectOfAccountingCharges": {}, "otherItems": {}, "netIncome": 27321659, "netIncomeApplicableToCommonShares": 27321659}], "maxAge": 86400}, "fundOwnership": {"maxAge": 1, "ownershipList": []}, "summaryDetail": {"maxAge": 1, "priceHint": 2, "previousClose": 308.85, "open": 299.1, "dayLow": 285.0, "dayHigh": 306.55, "regularMarketPreviousClose": 308.85, "regularMarketOpen": 299.1, "regularMarketDayLow": 285.0, "regularMarketDayHigh": 306.55, "forwardPE": 35.36541, "volume": 17413, "regularMarketVolume": 17413, "averageVolume": 2135, "averageVolume10days": 6755, "averageDailyVolume10Day": 6755, "bid": 290.0, "ask": 299.8, "bidSize": 0, "askSize": 0, "marketCap": 5219012096, "fiftyTwoWeekLow": 147.75, "fiftyTwoWeekHigh": 384.0, "fiftyDayAverage": 249.55856, "twoHundredDayAverage": 260.15036, "currency": "INR", "fromCurrency": null, "toCurrency": null, "lastMarket": null, "algorithm": null, "tradeable": false}, "sectorTrend": {"maxAge": 1, "symbol": null, "estimates": []}, "incomeStatementHistoryQuarterly": {"incomeStatementHistory": [{"maxAge": 1, "endDate": "2020-06-30", "totalRevenue": 107170000, "costOfRevenue": 82050000, "grossProfit": 25120000, "researchDevelopment": {}, "sellingGeneralAdministrative": 75130000, "nonRecurring": {}, "otherOperatingExpenses": 61290000, "totalOperatingExpenses": 270730000, "operatingIncome": -163560000, "totalOtherIncomeExpenseNet": -10130000, "ebit": -163560000, "interestExpense": -13560000, "incomeBeforeTax": -173690000, "incomeTaxExpense": -920000, "minorityInterest": {}, "netIncomeFromContinuingOps": -172770000, "discontinuedOperations": {}, "extraordinaryItems": {}, "effectOfAccountingCharges": {}, "otherItems": {}, "netIncome": -172770000, "netIncomeApplicableToCommonShares": -172770000}, {"maxAge": 1, "endDate": "2020-03-31", "totalRevenue": 671800000, "costOfRevenue": 449290000, "grossProfit": 222510000, "researchDevelopment": {}, "sellingGeneralAdministrative": 83760000, "nonRecurring": {}, "otherOperatingExpenses": 165520000, "totalOperatingExpenses": 750840000, "operatingIncome": -79040000, "totalOtherIncomeExpenseNet": -64480000, "ebit": -79040000, "interestExpense": -68380000, "incomeBeforeTax": -143520000, "incomeTaxExpense": -11040000, "minorityInterest": {}, "netIncomeFromContinuingOps": -132480000, "discontinuedOperations": {}, "extraordinaryItems": {}, "effectOfAccountingCharges": {}, "otherItems": {}, "netIncome": -132480000, "netIncomeApplicableToCommonShares": -132480000}, {"maxAge": 1, "endDate": "2019-12-31", "totalRevenue": 536060000, "costOfRevenue": 340230000, "grossProfit": 195830000, "researchDevelopment": {}, "sellingGeneralAdministrative": 87380000, "nonRecurring": {}, "otherOperatingExpenses": 195570000, "totalOperatingExpenses": 687260000, "operatingIncome": -151200000, "totalOtherIncomeExpenseNet": 278510000, "ebit": -151200000, "interestExpense": -14150000, "incomeBeforeTax": 127310000, "incomeTaxExpense": -10290000, "minorityInterest": {}, "netIncomeFromContinuingOps": 137600000, "discontinuedOperations": {}, "extraordinaryItems": {}, "effectOfAccountingCharges": {}, "otherItems": {}, "netIncome": 137600000, "netIncomeApplicableToCommonShares": 137600000}, {"maxAge": 1, "endDate": "2019-09-30", "totalRevenue": 980480000, "costOfRevenue": 586300000, "grossProfit": 394180000, "researchDevelopment": {}, "sellingGeneralAdministrative": 94580000, "nonRecurring": {}, "otherOperatingExpenses": 293950000, "totalOperatingExpenses": 1032850000, "operatingIncome": -52370000, "totalOtherIncomeExpenseNet": -8620000, "ebit": -52370000, "interestExpense": -14550000, "incomeBeforeTax": -60990000, "incomeTaxExpense": -4110000, "minorityInterest": {}, "netIncomeFromContinuingOps": -56880000, "discontinuedOperations": {}, "extraordinaryItems": {}, "effectOfAccountingCharges": {}, "otherItems": {}, "netIncome": -56880000, "netIncomeApplicableToCommonShares": -56880000}], "maxAge": 86400}, "cashflowStatementHistoryQuarterly": {"cashflowStatements": [{"maxAge": 1, "endDate": "2020-06-30", "netIncome": -172770000, "changeToLiabilities": 0}, {"maxAge": 1, "endDate": "2020-03-31", "netIncome": -132480000, "changeToLiabilities": 0}, {"maxAge": 1, "endDate": "2019-12-31", "netIncome": 137600000, "changeToLiabilities": 0}, {"maxAge": 1, "endDate": "2019-09-30", "netIncome": -56880000, "changeToLiabilities": 0}], "maxAge": 86400}, "insiderHolders": {"holders": [{"maxAge": 1, "name": "Enkei Corporation", "relation": "Promoter", "url": "", "transactionDescription": "Other", "latestTransDate": "2020-07-30", "positionDirect": 13474895, "positionDirectDate": "2020-07-30"}], "maxAge": 1}, "earnings": {"maxAge": 86400, "earningsChart": {"quarterly": [{"date": "1Q2018", "actual": -0.23, "estimate": 0.9}, {"date": "2Q2018", "actual": 0.05, "estimate": 1.57}], "currentQuarterEstimateDate": "3Q", "currentQuarterEstimateYear": 2018, "earningsDate": []}, "financialsChart": {"yearly": [{"date": 2017, "revenue": 4067174153, "earnings": 27321659}, {"date": 2018, "revenue": 4647274123, "earnings": 107798972}, {"date": 2019, "revenue": 4744850000, "earnings": 127330000}, {"date": 2019, "revenue": 3725710000, "earnings": 148530000}], "quarterly": [{"date": "3Q2019", "revenue": 980480000, "earnings": -56880000}, {"date": "4Q2019", "revenue": 536060000, "earnings": 137600000}, {"date": "1Q2020", "revenue": 671800000, "earnings": -132480000}, {"date": "2Q2020", "revenue": 107170000, "earnings": -172770000}]}, "financialCurrency": "INR"}, "calendarEvents": {"maxAge": 1, "earnings": {"earningsDate": [], "revenueAverage": 1301870000}}, "price": {"maxAge": 1, "regularMarketChangePercent": -0.059899624, "regularMarketChange": -18.5, "regularMarketTime": "2021-04-30 15:29:36", "priceHint": 2, "regularMarketPrice": 290.35, "regularMarketDayHigh": 306.55, "regularMarketDayLow": 285.0, "regularMarketVolume": 17413, "averageDailyVolume10Day": 6755, "averageDailyVolume3Month": 2135, "regularMarketPreviousClose": 308.85, "regularMarketSource": "FREE_REALTIME", "regularMarketOpen": 299.1, "exchange": "BSE", "exchangeName": "BSE", "exchangeDataDelayedBy": 0, "marketState": "CLOSED", "quoteType": "EQUITY", "symbol": "ENKEIWHEL.BO", "underlyingSymbol": null, "shortName": "ENKEI WHEELS (INDIA) LTD.", "longName": "Enkei Wheels (India) Limited", "currency": "INR", "quoteSourceName": "Delayed Quote", "currencySymbol": "\u20b9", "fromCurrency": null, "toCurrency": null, "lastMarket": null, "marketCap": 5219012096}, "balanceSheetHistory": {"balanceSheetStatements": [{"maxAge": 1, "endDate": "2019-12-31", "cash": 412520000, "netReceivables": 212040000, "inventory": 705530000, "otherCurrentAssets": 67470000, "totalCurrentAssets": 1400960000, "propertyPlantEquipment": 2411540000, "otherAssets": 414290000, "deferredLongTermAssetCharges": 24070000, "totalAssets": 4226790000, "accountsPayable": 419220000, "shortLongTermDebt": 139040000, "otherCurrentLiab": 76630000, "longTermDebt": 1003530000, "otherLiab": 234440000, "totalCurrentLiabilities": 1104170000, "totalLiab": 2394740000, "commonStock": 85380000, "retainedEarnings": 298240000, "treasuryStock": -10500000, "capitalSurplus": 1458930000, "otherStockholderEquity": -10500000, "totalStockholderEquity": 1832050000, "netTangibleAssets": 1832050000}, {"maxAge": 1, "endDate": "2019-03-31", "cash": 201670000, "netReceivables": 436580000, "inventory": 517300000, "otherCurrentAssets": 39410000, "totalCurrentAssets": 1201010000, "propertyPlantEquipment": 1815950000, "otherAssets": 279010000, "deferredLongTermAssetCharges": 35950000, "totalAssets": 3295970000, "accountsPayable": 403990000, "shortLongTermDebt": 132540000, "otherCurrentLiab": 140150000, "longTermDebt": 522670000, "otherLiab": 530440000, "totalCurrentLiabilities": 952080000, "totalLiab": 2005190000, "commonStock": 81110000, "retainedEarnings": 246780000, "treasuryStock": -65020000, "capitalSurplus": 1027910000, "otherStockholderEquity": -65020000, "totalStockholderEquity": 1290780000, "netTangibleAssets": 1290780000}, {"maxAge": 1, "endDate": "2018-03-31", "cash": 96537658, "netReceivables": 708287040, "inventory": 231619570, "otherCurrentAssets": 150954643, "totalCurrentAssets": 1191656770, "propertyPlantEquipment": 1281046140, "otherAssets": 276491665, "deferredLongTermAssetCharges": 29855430, "totalAssets": 2749194575, "accountsPayable": 385461204, "shortLongTermDebt": 130464800, "otherCurrentLiab": 197855488, "longTermDebt": 521859200, "otherLiab": 604744183, "totalCurrentLiabilities": 816419241, "totalLiab": 1943022624, "commonStock": 77058475, "retainedEarnings": 140116028, "treasuryStock": -94239035, "capitalSurplus": 683236483, "otherStockholderEquity": -94239035, "totalStockholderEquity": 806171951, "netTangibleAssets": 806171951}, {"maxAge": 1, "endDate": "2017-03-31", "cash": 71199911, "shortTermInvestments": 522807, "netReceivables": 641029870, "inventory": 136697414, "otherCurrentAssets": 150213547, "totalCurrentAssets": 1004691205, "propertyPlantEquipment": 1289787632, "otherAssets": 62787786, "deferredLongTermAssetCharges": 14712108, "totalAssets": 2357266623, "accountsPayable": 372156087, "otherCurrentLiab": 132257471, "longTermDebt": 614376000, "otherLiab": 715060494, "totalCurrentLiabilities": 594705577, "totalLiab": 1924142071, "commonStock": 74383475, "retainedEarnings": 33206659, "treasuryStock": -130327065, "capitalSurplus": 455861483, "otherStockholderEquity": -130327065, "totalStockholderEquity": 433124552, "netTangibleAssets": 433124552}], "maxAge": 86400}, "earningsTrend": {"trend": [{"maxAge": 1, "period": "0q", "endDate": "2018-09-30", "growth": {}, "earningsEstimate": {"avg": 0.0, "low": 0.0, "high": 0.0, "yearAgoEps": {}, "numberOfAnalysts": 0, "growth": {}}, "revenueEstimate": {"avg": 1301870000, "low": 0, "high": 0, "numberOfAnalysts": 0, "yearAgoRevenue": {}, "growth": {}}, "epsTrend": {"current": 0.0, "7daysAgo": 0.0, "30daysAgo": 0.0, "60daysAgo": 0.0, "90daysAgo": 0.0}, "epsRevisions": {"upLast7days": 0, "upLast30days": 0, "downLast30days": 0, "downLast90days": {}}}, {"maxAge": 1, "period": "+1q", "endDate": "2018-12-31", "growth": {}, "earningsEstimate": {"avg": 0.0, "low": 0.0, "high": 0.0, "yearAgoEps": {}, "numberOfAnalysts": 0, "growth": {}}, "revenueEstimate": {"avg": 0, "low": 0, "high": 0, "numberOfAnalysts": 0, "yearAgoRevenue": {}, "growth": {}}, "epsTrend": {"current": 0.0, "7daysAgo": 0.0, "30daysAgo": 0.0, "60daysAgo": 0.0, "90daysAgo": 0.0}, "epsRevisions": {"upLast7days": 0, "upLast30days": 0, "downLast30days": 0, "downLast90days": {}}}, {"maxAge": 1, "period": "0y", "endDate": "2019-03-31", "growth": {}, "earningsEstimate": {"avg": 0.0, "low": 0.0, "high": 0.0, "yearAgoEps": {}, "numberOfAnalysts": 0, "growth": {}}, "revenueEstimate": {"avg": 5282900000, "low": 5282900000, "high": 5282900000, "numberOfAnalysts": 1, "yearAgoRevenue": 4647690000, "growth": 0.137}, "epsTrend": {"current": 0.0, "7daysAgo": 6.25, "30daysAgo": 6.25, "60daysAgo": 6.25, "90daysAgo": 6.25}, "epsRevisions": {"upLast7days": 0, "upLast30days": 0, "downLast30days": 0, "downLast90days": {}}}, {"maxAge": 1, "period": "+1y", "endDate": "2020-03-31", "growth": {}, "earningsEstimate": {"avg": 0.0, "low": 0.0, "high": 0.0, "yearAgoEps": {}, "numberOfAnalysts": 0, "growth": {}}, "revenueEstimate": {"avg": 5784780000, "low": 5784780000, "high": 5784780000, "numberOfAnalysts": 1, "yearAgoRevenue": 5282900000, "growth": 0.095}, "epsTrend": {"current": 0.0, "7daysAgo": 8.21, "30daysAgo": 8.21, "60daysAgo": 8.21, "90daysAgo": 8.21}, "epsRevisions": {"upLast7days": 0, "upLast30days": 0, "downLast30days": 0, "downLast90days": {}}}, {"maxAge": 1, "period": "+5y", "endDate": null, "growth": {}, "earningsEstimate": {"avg": {}, "low": {}, "high": {}, "yearAgoEps": {}, "numberOfAnalysts": {}, "growth": {}}, "revenueEstimate": {"avg": {}, "low": {}, "high": {}, "numberOfAnalysts": {}, "yearAgoRevenue": {}, "growth": {}}, "epsTrend": {"current": {}, "7daysAgo": {}, "30daysAgo": {}, "60daysAgo": {}, "90daysAgo": {}}, "epsRevisions": {"upLast7days": {}, "upLast30days": {}, "downLast30days": {}, "downLast90days": {}}}, {"maxAge": 1, "period": "-5y", "endDate": null, "growth": {}, "earningsEstimate": {"avg": {}, "low": {}, "high": {}, "yearAgoEps": {}, "numberOfAnalysts": {}, "growth": {}}, "revenueEstimate": {"avg": {}, "low": {}, "high": {}, "numberOfAnalysts": {}, "yearAgoRevenue": {}, "growth": {}}, "epsTrend": {"current": {}, "7daysAgo": {}, "30daysAgo": {}, "60daysAgo": {}, "90daysAgo": {}}, "epsRevisions": {"upLast7days": {}, "upLast30days": {}, "downLast30days": {}, "downLast90days": {}}}], "maxAge": 1}, "financialData": {"maxAge": 86400, "currentPrice": 290.35, "recommendationKey": "none", "grossProfits": 1667670000, "financialCurrency": "INR"}}}