{"ENTRINT.BO": {"cashflowStatementHistory": {"cashflowStatements": [{"maxAge": 1, "endDate": "2020-03-31", "netIncome": 6600179, "depreciation": 1051592, "changeToNetincome": 53347, "changeToAccountReceivables": 21986605, "changeToLiabilities": -4936674, "changeToInventory": 109314, "changeToOperatingActivities": -36223284, "totalCashFromOperatingActivities": -11358921, "investments": 28325369, "otherCashflowsFromInvestingActivities": 336507, "totalCashflowsFromInvestingActivities": 28661876, "netBorrowings": -10239983, "totalCashFromFinancingActivities": -10239983, "changeInCash": 7062972}, {"maxAge": 1, "endDate": "2019-03-31", "netIncome": 5218889, "depreciation": 1140092, "changeToNetincome": -188885, "changeToAccountReceivables": -18658490, "changeToLiabilities": -4110559, "changeToInventory": 2069885, "changeToOperatingActivities": -27347910, "totalCashFromOperatingActivities": -41876978, "investments": 33450915, "otherCashflowsFromInvestingActivities": -420741, "totalCashflowsFromInvestingActivities": 33030174, "netBorrowings": 8687634, "totalCashFromFinancingActivities": 8687634, "changeInCash": -159170}, {"maxAge": 1, "endDate": "2018-03-31", "netIncome": 6984991, "depreciation": 1126171, "changeToNetincome": 38241, "changeToAccountReceivables": -20282420, "changeToLiabilities": -14177651, "changeToInventory": -2139945, "changeToOperatingActivities": 67602380, "totalCashFromOperatingActivities": 39151767, "capitalExpenditures": -5519012, "investments": -17698585, "otherCashflowsFromInvestingActivities": 282221, "totalCashflowsFromInvestingActivities": -22932376, "netBorrowings": -12991951, "totalCashFromFinancingActivities": -12991951, "changeInCash": 3227440}, {"maxAge": 1, "endDate": "2017-03-31", "netIncome": 982517, "depreciation": 640808, "changeToNetincome": 251015, "changeToAccountReceivables": 6773950, "changeToLiabilities": 13427153, "changeToInventory": 2311182, "changeToOperatingActivities": -23880280, "totalCashFromOperatingActivities": 506345, "capitalExpenditures": -6613, "investments": -30703350, "otherCashflowsFromInvestingActivities": -8616, "totalCashflowsFromInvestingActivities": -30473579, "netBorrowings": -15936504, "totalCashFromFinancingActivities": -15936504, "changeInCash": -45903738}], "maxAge": 86400}, "institutionOwnership": {"ownershipList": [], "maxAge": 1}, "balanceSheetHistoryQuarterly": {"balanceSheetStatements": [{"maxAge": 1, "endDate": "2020-06-30", "cash": 342000, "netReceivables": 93048000, "inventory": 18149000, "totalCurrentAssets": 111539000, "longTermInvestments": 4577000, "propertyPlantEquipment": 3525000, "otherAssets": 9899000, "totalAssets": 129540000, "accountsPayable": 4777000, "otherCurrentLiab": 11108000, "longTermDebt": 606000, "otherLiab": 640000, "totalCurrentLiabilities": 33462000, "totalLiab": 34708000, "commonStock": 29846000, "treasuryStock": 64986000, "otherStockholderEquity": 64986000, "totalStockholderEquity": 94832000, "netTangibleAssets": 94832000}, {"maxAge": 1, "endDate": "2020-03-31", "cash": 26357849, "shortTermInvestments": 38413790, "netReceivables": 21535149, "inventory": 530971, "totalCurrentAssets": 87017016, "longTermInvestments": 4576419, "propertyPlantEquipment": 13087999, "otherAssets": 791206, "totalAssets": 105472640, "accountsPayable": 1026689, "shortLongTermDebt": 756010, "otherCurrentLiab": 6630576, "longTermDebt": 805162, "otherLiab": 628553, "totalCurrentLiabilities": 8753402, "totalLiab": 10187117, "commonStock": 29942250, "retainedEarnings": 44939523, "capitalSurplus": 20403750, "totalStockholderEquity": 95285523, "netTangibleAssets": 95285523}, {"maxAge": 1, "endDate": "2019-12-31", "cash": 1137000, "netReceivables": 93367000, "inventory": 6179000, "otherCurrentAssets": 2817000, "totalCurrentAssets": 103500000, "longTermInvestments": 4680000, "propertyPlantEquipment": 3894000, "otherAssets": 10731000, "totalAssets": 122805000, "accountsPayable": 12501000, "otherCurrentLiab": 6376000, "longTermDebt": 1000000, "otherLiab": 606000, "totalCurrentLiabilities": 29809000, "totalLiab": 31415000, "commonStock": 29846000, "treasuryStock": 61544000, "otherStockholderEquity": 61544000, "totalStockholderEquity": 91390000, "netTangibleAssets": 91390000}, {"maxAge": 1, "endDate": "2019-09-30", "cash": 1045000, "netReceivables": 68879000, "inventory": 12606000, "otherCurrentAssets": 2808000, "totalCurrentAssets": 85338000, "longTermInvestments": 21742000, "propertyPlantEquipment": 4107000, "otherAssets": 10644000, "totalAssets": 121831000, "accountsPayable": 9649000, "otherCurrentLiab": 1898000, "longTermDebt": 1191000, "otherLiab": 492000, "totalCurrentLiabilities": 30296000, "totalLiab": 31979000, "commonStock": 29846000, "treasuryStock": 60006000, "otherStockholderEquity": 60006000, "totalStockholderEquity": 89852000, "netTangibleAssets": 89852000}], "maxAge": 86400}, "indexTrend": {"maxAge": 1, "symbol": "SP5", "peRatio": 19.7411, "pegRatio": 1.34172, "estimates": [{"period": "0q", "growth": 0.549}, {"period": "+1q", "growth": 0.431}, {"period": "0y", "growth": 0.305}, {"period": "+1y", "growth": 0.109}, {"period": "+5y", "growth": 0.120859005}, {"period": "-5y"}]}, "insiderTransactions": {"transactions": [{"maxAge": 1, "shares": 45000, "filerUrl": "", "transactionText": "", "filerName": "Sarda (Gopal Das)", "filerRelation": "Executive Chairman", "moneyText": "", "startDate": "2016-10-05", "ownership": "D"}, {"maxAge": 1, "shares": 60000, "filerUrl": "", "transactionText": "", "filerName": "Sarda (Brijlata)", "filerRelation": "Promoter", "moneyText": "", "startDate": "2016-03-22", "ownership": "D"}, {"maxAge": 1, "shares": 5000, "filerUrl": "", "transactionText": "", "filerName": "Sarda (Brijlata)", "filerRelation": "Promoter", "moneyText": "", "startDate": "2014-03-12", "ownership": "D"}, {"maxAge": 1, "shares": 5000, "filerUrl": "", "transactionText": "", "filerName": "Sarda (Brijlata)", "filerRelation": "Promoter", "moneyText": "", "startDate": "2014-03-10", "ownership": "D"}, {"maxAge": 1, "shares": 4512, "filerUrl": "", "transactionText": "", "filerName": "Sarda (Brijlata)", "filerRelation": "Promoter", "moneyText": "", "startDate": "2014-03-07", "ownership": "D"}, {"maxAge": 1, "shares": 4000, "filerUrl": "", "transactionText": "", "filerName": "Sarda (Brijlata)", "filerRelation": "Promoter", "moneyText": "", "startDate": "2014-02-28", "ownership": "D"}, {"maxAge": 1, "shares": 1000, "filerUrl": "", "transactionText": "", "filerName": "Sarda (Brijlata)", "filerRelation": "Promoter", "moneyText": "", "startDate": "2014-02-25", "ownership": "D"}, {"maxAge": 1, "shares": 4000, "filerUrl": "", "transactionText": "", "filerName": "Sarda (Brijlata)", "filerRelation": "Promoter", "moneyText": "", "startDate": "2014-02-24", "ownership": "D"}, {"maxAge": 1, "shares": 3500, "filerUrl": "", "transactionText": "", "filerName": "Sarda (Brijlata)", "filerRelation": "Promoter", "moneyText": "", "startDate": "2014-02-21", "ownership": "D"}], "maxAge": 1}, "quoteType": {"exchange": "BSE", "quoteType": "EQUITY", "symbol": "ENTRINT.BO", "underlyingSymbol": "ENTRINT.BO", "shortName": "ENTERPRISE INTERNATIONAL LTD.", "longName": "Enterprise International Limited", "firstTradeDateEpochUtc": "2005-02-08 09:15:00", "timeZoneFullName": "Asia/Kolkata", "timeZoneShortName": "IST", "uuid": "92dac715-9a58-3dd3-9083-e3f0cd4d4b65", "gmtOffSetMilliseconds": 19800000, "maxAge": 1}, "incomeStatementHistory": {"incomeStatementHistory": [{"maxAge": 1, "endDate": "2020-03-31", "totalRevenue": 229167188, "costOfRevenue": 196547607, "grossProfit": 32619581, "researchDevelopment": {}, "sellingGeneralAdministrative": 3606496, "nonRecurring": {}, "otherOperatingExpenses": 20327246, "totalOperatingExpenses": 221532941, "operatingIncome": 7634247, "totalOtherIncomeExpenseNet": 690254, "ebit": 7634247, "interestExpense": -1243707, "incomeBeforeTax": 8324501, "incomeTaxExpense": 1724322, "minorityInterest": {}, "netIncomeFromContinuingOps": 6600179, "discontinuedOperations": {}, "extraordinaryItems": {}, "effectOfAccountingCharges": {}, "otherItems": {}, "netIncome": 6600179, "netIncomeApplicableToCommonShares": 6600179}, {"maxAge": 1, "endDate": "2019-03-31", "totalRevenue": 534180625, "costOfRevenue": 499063582, "grossProfit": 35117043, "researchDevelopment": {}, "sellingGeneralAdministrative": 2973569, "nonRecurring": {}, "otherOperatingExpenses": 27204062, "totalOperatingExpenses": 530381305, "operatingIncome": 3799320, "totalOtherIncomeExpenseNet": 2553694, "ebit": 3799320, "interestExpense": -852114, "incomeBeforeTax": 6353014, "incomeTaxExpense": 1134125, "minorityInterest": {}, "netIncomeFromContinuingOps": 5218889, "discontinuedOperations": {}, "extraordinaryItems": {}, "effectOfAccountingCharges": {}, "otherItems": {}, "netIncome": 5218889, "netIncomeApplicableToCommonShares": 5218889}, {"maxAge": 1, "endDate": "2018-03-31", "totalRevenue": 402264077, "costOfRevenue": 361199608, "grossProfit": 41064469, "researchDevelopment": {}, "sellingGeneralAdministrative": 3163368, "nonRecurring": {}, "otherOperatingExpenses": 30332058, "totalOperatingExpenses": 395821205, "operatingIncome": 6442872, "totalOtherIncomeExpenseNet": 2349096, "ebit": 6442872, "interestExpense": -461399, "incomeBeforeTax": 8791968, "incomeTaxExpense": 1806977, "minorityInterest": {}, "netIncomeFromContinuingOps": 6984991, "discontinuedOperations": {}, "extraordinaryItems": {}, "effectOfAccountingCharges": {}, "otherItems": {}, "netIncome": 6984991, "netIncomeApplicableToCommonShares": 6984991}, {"maxAge": 1, "endDate": "2017-03-31", "totalRevenue": 445433097, "costOfRevenue": 403528478, "grossProfit": 41904619, "researchDevelopment": {}, "sellingGeneralAdministrative": 3883763, "nonRecurring": {}, "otherOperatingExpenses": 38741369, "totalOperatingExpenses": 446794418, "operatingIncome": -1361321, "totalOtherIncomeExpenseNet": 2755328, "ebit": -1361321, "interestExpense": -1666728, "incomeBeforeTax": 1394007, "incomeTaxExpense": 411490, "minorityInterest": {}, "netIncomeFromContinuingOps": 982517, "discontinuedOperations": {}, "extraordinaryItems": {}, "effectOfAccountingCharges": {}, "otherItems": {}, "netIncome": 982517, "netIncomeApplicableToCommonShares": 982517}], "maxAge": 86400}, "fundOwnership": {"ownershipList": [], "maxAge": 1}, "summaryDetail": {"maxAge": 1, "priceHint": 2, "previousClose": 7.59, "open": 7.81, "dayLow": 7.3, "dayHigh": 7.81, "regularMarketPreviousClose": 7.59, "regularMarketOpen": 7.81, "regularMarketDayLow": 7.3, "regularMarketDayHigh": 7.81, "trailingPE": 2.4546068, "volume": 383, "regularMarketVolume": 383, "averageVolume": 407, "averageVolume10days": 539, "averageDailyVolume10Day": 539, "bid": 7.51, "ask": 7.96, "bidSize": 0, "askSize": 0, "marketCap": 21787580, "fiftyTwoWeekLow": 4.0, "fiftyTwoWeekHigh": 9.36, "fiftyDayAverage": 7.788182, "twoHundredDayAverage": 5.865, "currency": "INR", "fromCurrency": null, "lastMarket": null, "algorithm": null, "tradeable": false}, "incomeStatementHistoryQuarterly": {"incomeStatementHistory": [{"maxAge": 1, "endDate": "2020-06-30", "totalRevenue": 11068000, "costOfRevenue": 9579000, "grossProfit": 1489000, "researchDevelopment": {}, "sellingGeneralAdministrative": 802000, "nonRecurring": {}, "otherOperatingExpenses": 628000, "totalOperatingExpenses": 11239000, "operatingIncome": -171000, "totalOtherIncomeExpenseNet": -223000, "ebit": -171000, "interestExpense": -223000, "incomeBeforeTax": -394000, "incomeTaxExpense": 59000, "minorityInterest": {}, "netIncomeFromContinuingOps": -453000, "discontinuedOperations": {}, "extraordinaryItems": {}, "effectOfAccountingCharges": {}, "otherItems": {}, "netIncome": -453000, "netIncomeApplicableToCommonShares": -453000}, {"maxAge": 1, "endDate": "2020-03-31", "totalRevenue": 31784188, "costOfRevenue": 11442607, "grossProfit": 20341581, "researchDevelopment": {}, "sellingGeneralAdministrative": 1142496, "nonRecurring": {}, "otherOperatingExpenses": 15943246, "totalOperatingExpenses": 28756941, "operatingIncome": 3027247, "totalOtherIncomeExpenseNet": 1821254, "ebit": 3027247, "interestExpense": -112707, "incomeBeforeTax": 4848501, "incomeTaxExpense": 953322, "minorityInterest": {}, "netIncomeFromContinuingOps": 3895179, "discontinuedOperations": {}, "extraordinaryItems": {}, "effectOfAccountingCharges": {}, "otherItems": {}, "netIncome": 3895179, "netIncomeApplicableToCommonShares": 3895179}, {"maxAge": 1, "endDate": "2019-12-31", "totalRevenue": 66505000, "costOfRevenue": 62311000, "grossProfit": 4194000, "researchDevelopment": {}, "sellingGeneralAdministrative": 814000, "nonRecurring": {}, "otherOperatingExpenses": 837000, "totalOperatingExpenses": 64221000, "operatingIncome": 2284000, "totalOtherIncomeExpenseNet": -365000, "ebit": 2284000, "interestExpense": -365000, "incomeBeforeTax": 1919000, "incomeTaxExpense": 381000, "minorityInterest": {}, "netIncomeFromContinuingOps": 1538000, "discontinuedOperations": {}, "extraordinaryItems": {}, "effectOfAccountingCharges": {}, "otherItems": {}, "netIncome": 1538000, "netIncomeApplicableToCommonShares": 1538000}, {"maxAge": 1, "endDate": "2019-09-30", "totalRevenue": 62096000, "costOfRevenue": 54177000, "grossProfit": 7919000, "researchDevelopment": {}, "sellingGeneralAdministrative": 826000, "nonRecurring": {}, "otherOperatingExpenses": 2119000, "totalOperatingExpenses": 57405000, "operatingIncome": 4691000, "totalOtherIncomeExpenseNet": -497000, "ebit": 4691000, "interestExpense": -497000, "incomeBeforeTax": 4194000, "incomeTaxExpense": 272000, "minorityInterest": {}, "netIncomeFromContinuingOps": 3922000, "discontinuedOperations": {}, "extraordinaryItems": {}, "effectOfAccountingCharges": {}, "otherItems": {}, "netIncome": 3922000, "netIncomeApplicableToCommonShares": 3922000}], "maxAge": 86400}, "cashflowStatementHistoryQuarterly": {"cashflowStatements": [{"maxAge": 1, "endDate": "2020-06-30", "netIncome": -453000, "changeToLiabilities": 0}, {"maxAge": 1, "endDate": "2020-03-31", "netIncome": 3895179, "changeToLiabilities": 0}, {"maxAge": 1, "endDate": "2019-12-31", "netIncome": 1538000, "changeToLiabilities": 0}, {"maxAge": 1, "endDate": "2019-09-30", "netIncome": 3922000, "changeToLiabilities": 0}], "maxAge": 86400}, "insiderHolders": {"holders": [{"maxAge": 1, "name": "Sarda (Brijlata)", "relation": "Promoter", "url": "", "transactionDescription": "Acquisition", "latestTransDate": "2016-03-22", "positionDirect": 605184, "positionDirectDate": "2016-03-22"}, {"maxAge": 1, "name": "Sarda (Gopal Das)", "relation": "Executive Chairman", "url": "", "transactionDescription": "Purchase", "latestTransDate": "2016-10-05", "positionDirect": 179512, "positionDirectDate": "2016-10-05"}], "maxAge": 1}, "calendarEvents": {"maxAge": 1, "earnings": {"earningsDate": ["2020-08-13 05:30:S"]}}, "upgradeDowngradeHistory": {"history": [], "maxAge": 86400}, "price": {"maxAge": 1, "regularMarketChangePercent": -0.038208164, "regularMarketChange": -0.28999996, "regularMarketTime": "2021-04-30 15:04:19", "priceHint": 2, "regularMarketPrice": 7.3, "regularMarketDayHigh": 7.81, "regularMarketDayLow": 7.3, "regularMarketVolume": 383, "averageDailyVolume10Day": 539, "averageDailyVolume3Month": 407, "regularMarketPreviousClose": 7.59, "regularMarketSource": "FREE_REALTIME", "regularMarketOpen": 7.81, "exchange": "BSE", "exchangeName": "BSE", "exchangeDataDelayedBy": 0, "marketState": "CLOSED", "quoteType": "EQUITY", "symbol": "ENTRINT.BO", "underlyingSymbol": null, "shortName": "ENTERPRISE INTERNATIONAL LTD.", "longName": "Enterprise International Limited", "currency": "INR", "quoteSourceName": "Delayed Quote", "currencySymbol": "\u20b9", "fromCurrency": null, "lastMarket": null, "marketCap": 21787580}, "balanceSheetHistory": {"balanceSheetStatements": [{"maxAge": 1, "endDate": "2020-03-31", "cash": 26357849, "shortTermInvestments": 38413790, "netReceivables": 21535149, "inventory": 530971, "totalCurrentAssets": 87017016, "longTermInvestments": 4576419, "propertyPlantEquipment": 13087999, "otherAssets": 791206, "totalAssets": 105472640, "accountsPayable": 1026689, "shortLongTermDebt": 756010, "otherCurrentLiab": 6630576, "longTermDebt": 805162, "otherLiab": 628553, "totalCurrentLiabilities": 8753402, "totalLiab": 10187117, "commonStock": 29942250, "retainedEarnings": 44939523, "capitalSurplus": 20403750, "totalStockholderEquity": 95285523, "netTangibleAssets": 95285523}, {"maxAge": 1, "endDate": "2019-03-31", "cash": 19294877, "shortTermInvestments": 28278247, "netReceivables": 44524597, "inventory": 556940, "otherCurrentAssets": 3803000, "totalCurrentAssets": 92988430, "longTermInvestments": 32901788, "propertyPlantEquipment": 14139591, "otherAssets": 1127713, "totalAssets": 141157522, "accountsPayable": 5963363, "shortLongTermDebt": 696339, "otherCurrentLiab": 34058867, "longTermDebt": 1561172, "otherLiab": 675206, "totalCurrentLiabilities": 50235800, "totalLiab": 52472178, "commonStock": 29942250, "retainedEarnings": 38339344, "treasuryStock": 58839000, "capitalSurplus": 20403750, "otherStockholderEquity": 58839000, "totalStockholderEquity": 88685344, "netTangibleAssets": 88685344}, {"maxAge": 1, "endDate": "2018-03-31", "cash": 19454047, "shortTermInvestments": 14390740, "netReceivables": 41768528, "inventory": 2591745, "totalCurrentAssets": 78703544, "longTermInvestments": 66352703, "propertyPlantEquipment": 15279683, "otherAssets": 706972, "totalAssets": 161042902, "accountsPayable": 10073922, "shortLongTermDebt": 864260, "otherCurrentLiab": 63370728, "longTermDebt": 2257511, "otherLiab": 864091, "totalCurrentLiabilities": 74454845, "totalLiab": 77576447, "commonStock": 29942250, "retainedEarnings": 33120455, "capitalSurplus": 20403750, "totalStockholderEquity": 83466455, "netTangibleAssets": 83466455}, {"maxAge": 1, "endDate": "2017-03-31", "cash": 16226607, "shortTermInvestments": 19015660, "netReceivables": 27074712, "totalCurrentAssets": 63335509, "longTermInvestments": 48654118, "propertyPlantEquipment": 10895546, "otherAssets": 989193, "totalAssets": 123874366, "accountsPayable": 24251573, "shortLongTermDebt": 874835, "otherCurrentLiab": 6025705, "longTermDebt": 3121771, "otherLiab": 831554, "totalCurrentLiabilities": 43439577, "totalLiab": 47392902, "commonStock": 29942250, "retainedEarnings": 26135464, "capitalSurplus": 20403750, "totalStockholderEquity": 76481464, "netTangibleAssets": 76481464}], "maxAge": 86400}, "financialData": {"maxAge": 86400, "currentPrice": 7.3, "recommendationKey": "none", "grossProfits": 32619581, "financialCurrency": "INR"}}}