{"ENVAIREL.BO": {"cashflowStatementHistory": {"cashflowStatements": [{"maxAge": 1, "endDate": "2020-03-31", "netIncome": -14975990, "depreciation": 835397, "changeToNetincome": -2615521, "changeToAccountReceivables": 1254435, "changeToLiabilities": -292815, "changeToInventory": -274110, "changeToOperatingActivities": 863365, "totalCashFromOperatingActivities": -14993239, "capitalExpenditures": -800000, "investments": -698724, "otherCashflowsFromInvestingActivities": 740711, "totalCashflowsFromInvestingActivities": -758013, "netBorrowings": 16271849, "otherCashflowsFromFinancingActivities": 35505566, "totalCashFromFinancingActivities": 51777415, "changeInCash": 36026163}, {"maxAge": 1, "endDate": "2019-03-31", "netIncome": -32496427, "depreciation": 722261, "changeToNetincome": -2382982, "changeToAccountReceivables": 10773109, "changeToLiabilities": -172190, "changeToInventory": -616959, "changeToOperatingActivities": 20963732, "totalCashFromOperatingActivities": -3139016, "capitalExpenditures": -3553723, "investments": -6091107, "otherCashflowsFromInvestingActivities": 1345450, "totalCashflowsFromInvestingActivities": -8299380, "netBorrowings": -589739, "otherCashflowsFromFinancingActivities": 11451733, "totalCashFromFinancingActivities": 10861994, "changeInCash": -576411}, {"maxAge": 1, "endDate": "2018-03-31", "netIncome": 32536018, "depreciation": 1073348, "changeToNetincome": -40818919, "changeToAccountReceivables": -5561826, "changeToLiabilities": -122691, "changeToInventory": -864844, "changeToOperatingActivities": -20868666, "totalCashFromOperatingActivities": -34592286, "capitalExpenditures": -897238, "investments": -3309442, "otherCashflowsFromInvestingActivities": 280983, "totalCashflowsFromInvestingActivities": 38433114, "netBorrowings": -3243875, "otherCashflowsFromFinancingActivities": -1128740, "totalCashFromFinancingActivities": -4372615, "changeInCash": -531787}, {"maxAge": 1, "endDate": "2017-03-31", "netIncome": -3118083, "depreciation": 1106173, "changeToNetincome": 622863, "changeToAccountReceivables": -2551568, "changeToLiabilities": 139038, "changeToInventory": -1817723, "changeToOperatingActivities": -786809, "totalCashFromOperatingActivities": -6370815, "capitalExpenditures": -1151233, "investments": -3309442, "otherCashflowsFromInvestingActivities": 200240, "totalCashflowsFromInvestingActivities": -840861, "netBorrowings": 7097142, "otherCashflowsFromFinancingActivities": -1119943, "totalCashFromFinancingActivities": 5977199, "changeInCash": -1234477}], "maxAge": 86400}, "institutionOwnership": {"maxAge": 1, "ownershipList": []}, "balanceSheetHistoryQuarterly": {"balanceSheetStatements": [{"maxAge": 1, "endDate": "2020-06-30", "totalStockholderEquity": 48185063, "netTangibleAssets": 47529201}, {"maxAge": 1, "endDate": "2020-03-31", "cash": 36213495, "shortTermInvestments": 1789831, "netReceivables": 17135176, "inventory": 7475966, "otherCurrentAssets": 10389917, "totalCurrentAssets": 73004385, "propertyPlantEquipment": 10678287, "intangibleAssets": 655862, "otherAssets": 1872674, "totalAssets": 86211208, "accountsPayable": 6638939, "otherCurrentLiab": 5613090, "longTermDebt": 18188570, "otherLiab": 202038, "totalCurrentLiabilities": 19635537, "totalLiab": 38026145, "commonStock": 46400000, "retainedEarnings": -44773382, "treasuryStock": 3013000, "capitalSurplus": 43545445, "otherStockholderEquity": 3013000, "totalStockholderEquity": 48185063, "netTangibleAssets": 47529201}, {"maxAge": 1, "endDate": "2019-12-31", "cash": 12734000, "netReceivables": 6563000, "inventory": 12057000, "otherCurrentAssets": 4997000, "totalCurrentAssets": 36351000, "propertyPlantEquipment": 11062000, "intangibleAssets": 721000, "otherAssets": 1873000, "totalAssets": 50007000, "accountsPayable": 1238000, "otherCurrentLiab": 7033000, "longTermDebt": 18189000, "otherLiab": 1534000, "totalCurrentLiabilities": 14489000, "totalLiab": 34212000, "commonStock": 30400000, "treasuryStock": -14605000, "otherStockholderEquity": -14605000, "totalStockholderEquity": 15795000, "netTangibleAssets": 15074000}, {"maxAge": 1, "endDate": "2019-09-30", "cash": 10644000, "netReceivables": 9464000, "inventory": 7142000, "otherCurrentAssets": 2153000, "totalCurrentAssets": 29403000, "propertyPlantEquipment": 11152000, "intangibleAssets": 830000, "otherAssets": 3309000, "totalAssets": 44694000, "accountsPayable": 4247000, "otherCurrentLiab": 3621000, "longTermDebt": 14789000, "otherLiab": 1306000, "totalCurrentLiabilities": 13177000, "totalLiab": 29272000, "commonStock": 30400000, "treasuryStock": -14978000, "otherStockholderEquity": -14978000, "totalStockholderEquity": 15422000, "netTangibleAssets": 14592000}], "maxAge": 86400}, "indexTrend": {"maxAge": 1, "symbol": "SP5", "peRatio": 19.7411, "pegRatio": 1.34172, "estimates": [{"period": "0q", "growth": 0.549}, {"period": "+1q", "growth": 0.431}, {"period": "0y", "growth": 0.305}, {"period": "+1y", "growth": 0.109}, {"period": "+5y", "growth": 0.120859005}, {"period": "-5y"}]}, "insiderTransactions": {"transactions": [{"maxAge": 1, "shares": 206000, "filerUrl": "", "transactionText": "", "filerName": "Agarawal (Harish Kumar)", "filerRelation": "Promoter", "moneyText": "", "startDate": "2020-03-20", "ownership": "D"}, {"maxAge": 1, "shares": 188000, "filerUrl": "", "transactionText": "", "filerName": "Aggarwal (Gian)", "filerRelation": "Promoter", "moneyText": "", "startDate": "2020-03-20", "ownership": "D"}, {"maxAge": 1, "shares": 200000, "filerUrl": "", "transactionText": "", "filerName": "Gupta (Ashok)", "filerRelation": "Promoter", "moneyText": "", "startDate": "2020-03-20", "ownership": "D"}, {"maxAge": 1, "shares": 206000, "filerUrl": "", "transactionText": "", "filerName": "Nagpal (Anil)", "filerRelation": "Promoter", "moneyText": "", "startDate": "2020-03-20", "ownership": "D"}, {"maxAge": 1, "shares": 300000, "filerUrl": "", "transactionText": "", "filerName": "Parmar (Arati Jayesh)", "filerRelation": "Promoter", "moneyText": "", "startDate": "2020-03-20", "ownership": "D"}], "maxAge": 1}, "quoteType": {"exchange": "BSE", "quoteType": "EQUITY", "symbol": "ENVAIREL.BO", "underlyingSymbol": "ENVAIREL.BO", "shortName": "ENVAIR ELECTRODYNE LTD.", "longName": "Envair Electrodyne Limited", "firstTradeDateEpochUtc": "2002-01-01 09:15:00", "timeZoneFullName": "Asia/Kolkata", "timeZoneShortName": "IST", "uuid": "bbadb6e2-44a7-3555-9ae7-9ecc2d445436", "messageBoardId": null, "gmtOffSetMilliseconds": 19800000, "maxAge": 1}, "incomeStatementHistory": {"incomeStatementHistory": [{"maxAge": 1, "endDate": "2020-03-31", "totalRevenue": 34914720, "costOfRevenue": 21696879, "grossProfit": 13217841, "researchDevelopment": {}, "sellingGeneralAdministrative": 12507875, "nonRecurring": {}, "otherOperatingExpenses": 14770619, "totalOperatingExpenses": 50022770, "operatingIncome": -15108050, "totalOtherIncomeExpenseNet": 132060, "ebit": -15108050, "interestExpense": -544402, "incomeBeforeTax": -14975990, "incomeTaxExpense": 0, "minorityInterest": {}, "netIncomeFromContinuingOps": -14975990, "discontinuedOperations": {}, "extraordinaryItems": {}, "effectOfAccountingCharges": {}, "otherItems": {}, "netIncome": -14975990, "netIncomeApplicableToCommonShares": -14975990}, {"maxAge": 1, "endDate": "2019-03-31", "totalRevenue": 33810516, "costOfRevenue": 22672663, "grossProfit": 11137853, "researchDevelopment": {}, "sellingGeneralAdministrative": 19852809, "nonRecurring": {}, "otherOperatingExpenses": 19227264, "totalOperatingExpenses": 62545437, "operatingIncome": -28734921, "totalOtherIncomeExpenseNet": 975149, "ebit": -28734921, "interestExpense": -428282, "incomeBeforeTax": -27759772, "incomeTaxExpense": 4736655, "minorityInterest": {}, "netIncomeFromContinuingOps": -32496427, "discontinuedOperations": {}, "extraordinaryItems": {}, "effectOfAccountingCharges": {}, "otherItems": {}, "netIncome": -32496427, "netIncomeApplicableToCommonShares": -32496427}, {"maxAge": 1, "endDate": "2018-03-31", "totalRevenue": 40700111, "costOfRevenue": 20134985, "grossProfit": 20565126, "researchDevelopment": {}, "sellingGeneralAdministrative": 14547110, "nonRecurring": {}, "otherOperatingExpenses": 11694411, "totalOperatingExpenses": 47481491, "operatingIncome": -6781380, "totalOtherIncomeExpenseNet": 41451196, "ebit": -6781380, "interestExpense": -1128740, "incomeBeforeTax": 34669816, "incomeTaxExpense": 2133798, "minorityInterest": {}, "netIncomeFromContinuingOps": 32536018, "discontinuedOperations": {}, "extraordinaryItems": {}, "effectOfAccountingCharges": {}, "otherItems": {}, "netIncome": 32536018, "netIncomeApplicableToCommonShares": 32536018}, {"maxAge": 1, "endDate": "2017-03-31", "totalRevenue": 47660005, "costOfRevenue": 23425185, "grossProfit": 24234820, "researchDevelopment": {}, "sellingGeneralAdministrative": 13827236, "nonRecurring": {}, "otherOperatingExpenses": 11629183, "totalOperatingExpenses": 50019414, "operatingIncome": -2359409, "totalOtherIncomeExpenseNet": -758674, "ebit": -2359409, "interestExpense": -1119943, "incomeBeforeTax": -3118083, "incomeTaxExpense": 0, "minorityInterest": {}, "netIncomeFromContinuingOps": -3118083, "discontinuedOperations": {}, "extraordinaryItems": {}, "effectOfAccountingCharges": {}, "otherItems": {}, "netIncome": -3118083, "netIncomeApplicableToCommonShares": -3118084}], "maxAge": 86400}, "fundOwnership": {"maxAge": 1, "ownershipList": []}, "summaryDetail": {"maxAge": 1, "priceHint": 2, "previousClose": 31.0, "open": 29.5, "dayLow": 29.5, "dayHigh": 29.5, "regularMarketPreviousClose": 31.0, "regularMarketOpen": 29.5, "regularMarketDayLow": 29.5, "regularMarketDayHigh": 29.5, "volume": 900, "regularMarketVolume": 900, "averageVolume": 550, "averageVolume10days": 799, "averageDailyVolume10Day": 799, "bid": 0.0, "ask": 29.5, "bidSize": 0, "askSize": 0, "marketCap": 136880000, "fiftyTwoWeekLow": 16.3, "fiftyTwoWeekHigh": 39.95, "fiftyDayAverage": 30.734285, "twoHundredDayAverage": 27.040146, "currency": "INR", "fromCurrency": null, "toCurrency": null, "lastMarket": null, "algorithm": null, "tradeable": false}, "incomeStatementHistoryQuarterly": {"incomeStatementHistory": [{"maxAge": 1, "endDate": "2020-06-30", "totalRevenue": 377000, "costOfRevenue": 202000, "grossProfit": 175000, "researchDevelopment": {}, "sellingGeneralAdministrative": 1586000, "nonRecurring": {}, "otherOperatingExpenses": 885000, "totalOperatingExpenses": 2935000, "operatingIncome": -2558000, "totalOtherIncomeExpenseNet": 62000, "ebit": -2558000, "interestExpense": -113000, "incomeBeforeTax": -2496000, "incomeTaxExpense": 0, "minorityInterest": {}, "netIncomeFromContinuingOps": -2496000, "discontinuedOperations": {}, "extraordinaryItems": {}, "effectOfAccountingCharges": {}, "otherItems": {}, "netIncome": -2496000, "netIncomeApplicableToCommonShares": -2496000}, {"maxAge": 1, "endDate": "2020-03-31", "totalRevenue": 12684720, "costOfRevenue": 9298879, "grossProfit": 3385841, "researchDevelopment": {}, "sellingGeneralAdministrative": 1705875, "nonRecurring": {}, "otherOperatingExpenses": 6467619, "totalOperatingExpenses": 17920770, "operatingIncome": -5236050, "totalOtherIncomeExpenseNet": -67940, "ebit": -5236050, "interestExpense": -207402, "incomeBeforeTax": -5303990, "incomeTaxExpense": 0, "minorityInterest": {}, "netIncomeFromContinuingOps": -5303990, "discontinuedOperations": {}, "extraordinaryItems": {}, "effectOfAccountingCharges": {}, "otherItems": {}, "netIncome": -5303990, "netIncomeApplicableToCommonShares": -5303990}, {"maxAge": 1, "endDate": "2019-12-31", "totalRevenue": 10885000, "costOfRevenue": 4996000, "grossProfit": 5889000, "researchDevelopment": {}, "sellingGeneralAdministrative": 2547000, "nonRecurring": {}, "otherOperatingExpenses": 2789000, "totalOperatingExpenses": 10531000, "operatingIncome": 354000, "totalOtherIncomeExpenseNet": 97000, "ebit": 354000, "interestExpense": -94000, "incomeBeforeTax": 451000, "incomeTaxExpense": 0, "minorityInterest": {}, "netIncomeFromContinuingOps": 451000, "discontinuedOperations": {}, "extraordinaryItems": {}, "effectOfAccountingCharges": {}, "otherItems": {}, "netIncome": 451000, "netIncomeApplicableToCommonShares": 451000}, {"maxAge": 1, "endDate": "2019-09-30", "totalRevenue": 5632000, "costOfRevenue": 2741000, "grossProfit": 2891000, "researchDevelopment": {}, "sellingGeneralAdministrative": 3718000, "nonRecurring": {}, "otherOperatingExpenses": 3231000, "totalOperatingExpenses": 9889000, "operatingIncome": -4257000, "totalOtherIncomeExpenseNet": 40000, "ebit": -4257000, "interestExpense": -142000, "incomeBeforeTax": -4217000, "incomeTaxExpense": 0, "minorityInterest": {}, "netIncomeFromContinuingOps": -4217000, "discontinuedOperations": {}, "extraordinaryItems": {}, "effectOfAccountingCharges": {}, "otherItems": {}, "netIncome": -4217000, "netIncomeApplicableToCommonShares": -4217000}], "maxAge": 86400}, "cashflowStatementHistoryQuarterly": {"cashflowStatements": [{"maxAge": 1, "endDate": "2020-06-30", "netIncome": -2496000, "changeToLiabilities": 0}, {"maxAge": 1, "endDate": "2020-03-31", "netIncome": -5303990, "changeToLiabilities": 0}, {"maxAge": 1, "endDate": "2019-12-31", "netIncome": 451000, "changeToLiabilities": 0}, {"maxAge": 1, "endDate": "2019-09-30", "netIncome": -4217000, "changeToLiabilities": 0}], "maxAge": 86400}, "insiderHolders": {"holders": [{"maxAge": 1, "name": "Agarawal (Harish Kumar)", "relation": "Promoter", "url": "", "transactionDescription": "Other", "latestTransDate": "2020-03-20", "positionDirect": 822700, "positionDirectDate": "2020-03-20"}, {"maxAge": 1, "name": "Aggarwal (Gian)", "relation": "Promoter", "url": "", "transactionDescription": "Other", "latestTransDate": "2020-03-20", "positionDirect": 823790, "positionDirectDate": "2020-03-20"}, {"maxAge": 1, "name": "Gupta (Ashok)", "relation": "Promoter", "url": "", "transactionDescription": "Other", "latestTransDate": "2020-03-20", "positionDirect": 200000, "positionDirectDate": "2020-03-20"}, {"maxAge": 1, "name": "Nagpal (Anil)", "relation": "Promoter", "url": "", "transactionDescription": "Other", "latestTransDate": "2020-03-20", "positionDirect": 823000, "positionDirectDate": "2020-03-20"}, {"maxAge": 1, "name": "Parmar (Arati Jayesh)", "relation": "Promoter", "url": "", "transactionDescription": "Other", "latestTransDate": "2020-03-20", "positionDirect": 300500, "positionDirectDate": "2020-03-20"}], "maxAge": 1}, "calendarEvents": {"maxAge": 1, "earnings": {"earningsDate": []}}, "price": {"maxAge": 1, "regularMarketChangePercent": -0.048387095, "regularMarketChange": -1.5, "regularMarketTime": "2021-04-30 15:15:10", "priceHint": 2, "regularMarketPrice": 29.5, "regularMarketDayHigh": 29.5, "regularMarketDayLow": 29.5, "regularMarketVolume": 900, "averageDailyVolume10Day": 799, "averageDailyVolume3Month": 550, "regularMarketPreviousClose": 31.0, "regularMarketSource": "FREE_REALTIME", "regularMarketOpen": 29.5, "exchange": "BSE", "exchangeName": "BSE", "exchangeDataDelayedBy": 0, "marketState": "CLOSED", "quoteType": "EQUITY", "symbol": "ENVAIREL.BO", "underlyingSymbol": null, "shortName": "ENVAIR ELECTRODYNE LTD.", "longName": "Envair Electrodyne Limited", "currency": "INR", "quoteSourceName": "Delayed Quote", "currencySymbol": "\u20b9", "fromCurrency": null, "toCurrency": null, "lastMarket": null, "marketCap": 136880000}, "balanceSheetHistory": {"balanceSheetStatements": [{"maxAge": 1, "endDate": "2020-03-31", "cash": 36213495, "shortTermInvestments": 1789831, "netReceivables": 17135176, "inventory": 7475966, "otherCurrentAssets": 10389917, "totalCurrentAssets": 73004385, "propertyPlantEquipment": 10678287, "intangibleAssets": 655862, "otherAssets": 1872674, "totalAssets": 86211208, "accountsPayable": 6638939, "otherCurrentLiab": 5613090, "longTermDebt": 18188570, "otherLiab": 202038, "totalCurrentLiabilities": 19635537, "totalLiab": 38026145, "commonStock": 46400000, "retainedEarnings": -44773382, "treasuryStock": 3013000, "capitalSurplus": 43545445, "otherStockholderEquity": 3013000, "totalStockholderEquity": 48185063, "netTangibleAssets": 47529201}, {"maxAge": 1, "endDate": "2019-03-31", "cash": 187332, "shortTermInvestments": 1091107, "netReceivables": 17481421, "inventory": 7201862, "otherCurrentAssets": 10206632, "totalCurrentAssets": 36168354, "propertyPlantEquipment": 11263685, "intangibleAssets": 317861, "otherAssets": 1872674, "totalAssets": 49622574, "accountsPayable": 6346124, "otherCurrentLiab": 4288095, "otherLiab": 248622, "totalCurrentLiabilities": 21766895, "totalLiab": 22015517, "commonStock": 30400000, "retainedEarnings": -29351388, "treasuryStock": 15013000, "capitalSurplus": 11545445, "otherStockholderEquity": 15013000, "totalStockholderEquity": 27607057, "netTangibleAssets": 27289196}, {"maxAge": 1, "endDate": "2018-03-31", "cash": 763742, "shortTermInvestments": 2566500, "netReceivables": 47934247, "inventory": 6584903, "otherCurrentAssets": 7747316, "totalCurrentAssets": 65596708, "propertyPlantEquipment": 8702213, "intangibleAssets": 118301, "otherAssets": 1, "totalAssets": 74417223, "accountsPayable": 6518314, "otherCurrentLiab": 5801093, "otherLiab": 3155464, "totalCurrentLiabilities": 23445148, "totalLiab": 26600612, "commonStock": 30400000, "retainedEarnings": 2858166, "treasuryStock": 3013000, "capitalSurplus": 11545445, "otherStockholderEquity": 3013000, "totalStockholderEquity": 47816611, "netTangibleAssets": 47698310}, {"maxAge": 1, "endDate": "2017-03-31", "cash": 3052588, "shortTermInvestments": 1336859, "netReceivables": 17822917, "inventory": 5720059, "otherCurrentAssets": 3777377, "totalCurrentAssets": 31709800, "longTermInvestments": 1060875, "propertyPlantEquipment": 8940358, "intangibleAssets": 153595, "otherAssets": 1292000, "totalAssets": 43156628, "accountsPayable": 6641005, "otherCurrentLiab": 3031579, "otherLiab": 3615990, "totalCurrentLiabilities": 24260045, "totalLiab": 27876035, "commonStock": 30400000, "retainedEarnings": -29677852, "treasuryStock": 3013000, "capitalSurplus": 11545445, "otherStockholderEquity": 3013000, "totalStockholderEquity": 15280593, "netTangibleAssets": 15126998}], "maxAge": 86400}, "financialData": {"maxAge": 86400, "currentPrice": 29.5, "recommendationKey": "none", "grossProfits": 13217841, "financialCurrency": "INR"}}}