{"EPIC.BO": {"cashflowStatementHistory": {"cashflowStatements": [{"maxAge": 1, "endDate": "2020-03-31", "netIncome": -3293000, "depreciation": 3762000, "changeToNetincome": -638000, "changeToAccountReceivables": -307000, "changeToLiabilities": 152000, "changeToInventory": 2821000, "changeToOperatingActivities": -2755000, "totalCashFromOperatingActivities": -258000, "changeInCash": -258000}, {"maxAge": 1, "endDate": "2019-03-31", "netIncome": 6310000, "depreciation": 3788000, "changeToNetincome": -6844000, "changeToAccountReceivables": 2094000, "changeToLiabilities": -443000, "changeToInventory": -1300000, "changeToOperatingActivities": -3581000, "totalCashFromOperatingActivities": 24000, "changeInCash": 24000}, {"maxAge": 1, "endDate": "2018-03-31", "netIncome": -6980000, "depreciation": 3796000, "changeToNetincome": 6288000, "changeToAccountReceivables": 3494000, "changeToLiabilities": -689000, "changeToInventory": -4398000, "changeToOperatingActivities": -2149000, "totalCashFromOperatingActivities": -638000, "capitalExpenditures": -831000, "investments": 1000000, "totalCashflowsFromInvestingActivities": 169000, "changeInCash": -469000}, {"maxAge": 1, "endDate": "2017-03-31", "netIncome": -29378000, "depreciation": 11681000, "changeToNetincome": 6288000, "changeToAccountReceivables": 23575000, "changeToLiabilities": -212000, "changeToInventory": 305000, "changeToOperatingActivities": 3546000, "totalCashFromOperatingActivities": 9517000, "capitalExpenditures": -16456000, "investments": 1000000, "totalCashflowsFromInvestingActivities": -16456000, "totalCashFromFinancingActivities": 7500000, "changeInCash": 561000, "issuanceOfStock": 7500000}], "maxAge": 86400}, "institutionOwnership": {"maxAge": 1, "ownershipList": []}, "balanceSheetHistoryQuarterly": {"balanceSheetStatements": [{"maxAge": 1, "endDate": "2020-06-30", "totalStockholderEquity": 78942000, "netTangibleAssets": 78942000}, {"maxAge": 1, "endDate": "2020-03-31", "cash": 101000, "netReceivables": 8713000, "inventory": 2979000, "otherCurrentAssets": 11305000, "totalCurrentAssets": 23098000, "longTermInvestments": 3500000, "propertyPlantEquipment": 22943000, "otherAssets": 48604000, "totalAssets": 98145000, "accountsPayable": 632000, "otherCurrentLiab": 18571000, "deferredLongTermLiab": 851000, "totalCurrentLiabilities": 19203000, "totalLiab": 19203000, "commonStock": 72115000, "retainedEarnings": -21273000, "capitalSurplus": 28100000, "totalStockholderEquity": 78942000, "netTangibleAssets": 78942000}, {"maxAge": 1, "endDate": "2019-12-31", "totalStockholderEquity": 80092000, "netTangibleAssets": 80092000}, {"maxAge": 1, "endDate": "2019-09-30", "cash": 847000, "netReceivables": 13764000, "inventory": 3322000, "otherCurrentAssets": 6445000, "totalCurrentAssets": 24378000, "longTermInvestments": 3500000, "propertyPlantEquipment": 24826000, "otherAssets": 47174000, "totalAssets": 99878000, "accountsPayable": 893000, "otherCurrentLiab": 18893000, "totalCurrentLiabilities": 19786000, "totalLiab": 19786000, "commonStock": 72115000, "treasuryStock": 7977000, "otherStockholderEquity": 7977000, "totalStockholderEquity": 80092000, "netTangibleAssets": 80092000}], "maxAge": 86400}, "indexTrend": {"maxAge": 1, "symbol": "SP5", "peRatio": 19.7411, "pegRatio": 1.34172, "estimates": [{"period": "0q", "growth": 0.549}, {"period": "+1q", "growth": 0.431}, {"period": "0y", "growth": 0.305}, {"period": "+1y", "growth": 0.109}, {"period": "+5y", "growth": 0.120859005}, {"period": "-5y"}]}, "quoteType": {"exchange": "BSE", "quoteType": "EQUITY", "symbol": "EPIC.BO", "underlyingSymbol": "EPIC.BO", "shortName": "EPIC ENERGY LTD.", "longName": "Epic Energy Limited", "firstTradeDateEpochUtc": "2000-03-21 09:15:00", "timeZoneFullName": "Asia/Kolkata", "timeZoneShortName": "IST", "uuid": "40fbe000-3d2f-315b-96ae-62ec4948f63e", "messageBoardId": null, "gmtOffSetMilliseconds": 19800000, "maxAge": 1}, "incomeStatementHistory": {"incomeStatementHistory": [{"maxAge": 1, "endDate": "2020-03-31", "totalRevenue": 17366000, "costOfRevenue": 7857000, "grossProfit": 9509000, "researchDevelopment": {}, "sellingGeneralAdministrative": 6381000, "nonRecurring": {}, "otherOperatingExpenses": 2717000, "totalOperatingExpenses": 20717000, "operatingIncome": -3351000, "totalOtherIncomeExpenseNet": -80000, "ebit": -3351000, "interestExpense": {}, "incomeBeforeTax": -3431000, "incomeTaxExpense": -138000, "minorityInterest": {}, "netIncomeFromContinuingOps": -3293000, "discontinuedOperations": {}, "extraordinaryItems": {}, "effectOfAccountingCharges": {}, "otherItems": {}, "netIncome": -3293000, "netIncomeApplicableToCommonShares": -3293000}, {"maxAge": 1, "endDate": "2019-03-31", "totalRevenue": 67955000, "costOfRevenue": 49398000, "grossProfit": 18557000, "researchDevelopment": {}, "sellingGeneralAdministrative": 8812000, "nonRecurring": {}, "otherOperatingExpenses": 5174000, "totalOperatingExpenses": 67172000, "operatingIncome": 783000, "totalOtherIncomeExpenseNet": -89000, "ebit": 783000, "interestExpense": {}, "incomeBeforeTax": 694000, "incomeTaxExpense": -5616000, "minorityInterest": {}, "netIncomeFromContinuingOps": 6310000, "discontinuedOperations": {}, "extraordinaryItems": {}, "effectOfAccountingCharges": {}, "otherItems": {}, "netIncome": 6310000, "netIncomeApplicableToCommonShares": 6310000}, {"maxAge": 1, "endDate": "2018-03-31", "totalRevenue": 187224000, "costOfRevenue": 152852000, "grossProfit": 34372000, "researchDevelopment": {}, "sellingGeneralAdministrative": 15747000, "nonRecurring": {}, "otherOperatingExpenses": 15480000, "totalOperatingExpenses": 187875000, "operatingIncome": -651000, "totalOtherIncomeExpenseNet": -41000, "ebit": -651000, "interestExpense": {}, "incomeBeforeTax": -692000, "incomeTaxExpense": 6288000, "minorityInterest": {}, "netIncomeFromContinuingOps": -6980000, "discontinuedOperations": {}, "extraordinaryItems": {}, "effectOfAccountingCharges": {}, "otherItems": {}, "netIncome": -6980000, "netIncomeApplicableToCommonShares": -6980000}, {"maxAge": 1, "endDate": "2017-03-31", "totalRevenue": 195310000, "costOfRevenue": 157090000, "grossProfit": 38220000, "researchDevelopment": {}, "sellingGeneralAdministrative": 15747000, "nonRecurring": {}, "otherOperatingExpenses": 17140000, "totalOperatingExpenses": 201658000, "operatingIncome": -6348000, "totalOtherIncomeExpenseNet": -23030000, "ebit": -6348000, "interestExpense": {}, "incomeBeforeTax": -29378000, "incomeTaxExpense": 0, "minorityInterest": {}, "netIncomeFromContinuingOps": -29378000, "discontinuedOperations": {}, "extraordinaryItems": {}, "effectOfAccountingCharges": {}, "otherItems": {}, "netIncome": -29378000, "netIncomeApplicableToCommonShares": -29378000}], "maxAge": 86400}, "fundOwnership": {"maxAge": 1, "ownershipList": []}, "summaryDetail": {"maxAge": 1, "priceHint": 4, "previousClose": 3.15, "open": 3.25, "dayLow": 2.79, "dayHigh": 3.25, "regularMarketPreviousClose": 3.15, "regularMarketOpen": 3.25, "regularMarketDayLow": 2.79, "regularMarketDayHigh": 3.25, "volume": 161, "regularMarketVolume": 161, "averageVolume": 3943, "averageVolume10days": 8058, "averageDailyVolume10Day": 8058, "bid": 2.79, "ask": 3.15, "marketCap": 22716226, "fiftyTwoWeekLow": 2.78, "fiftyTwoWeekHigh": 6.86, "fiftyDayAverage": 4.0517144, "twoHundredDayAverage": 4.780584, "currency": "INR", "fromCurrency": null, "toCurrency": null, "lastMarket": null, "algorithm": null, "tradeable": false}, "incomeStatementHistoryQuarterly": {"incomeStatementHistory": [{"maxAge": 1, "endDate": "2020-06-30", "totalRevenue": 2458000, "costOfRevenue": 970000, "grossProfit": 1488000, "researchDevelopment": {}, "sellingGeneralAdministrative": 1572000, "nonRecurring": {}, "otherOperatingExpenses": 669000, "totalOperatingExpenses": 3662000, "operatingIncome": -1204000, "totalOtherIncomeExpenseNet": -2000, "ebit": -1204000, "interestExpense": -1000, "incomeBeforeTax": -1206000, "incomeTaxExpense": 0, "minorityInterest": {}, "netIncomeFromContinuingOps": -1206000, "discontinuedOperations": {}, "extraordinaryItems": {}, "effectOfAccountingCharges": {}, "otherItems": {}, "netIncome": -1206000, "netIncomeApplicableToCommonShares": -1206000}, {"maxAge": 1, "endDate": "2020-03-31", "totalRevenue": 2458000, "costOfRevenue": 764000, "grossProfit": 1694000, "researchDevelopment": {}, "sellingGeneralAdministrative": 2324000, "nonRecurring": {}, "otherOperatingExpenses": -121000, "totalOperatingExpenses": 3911000, "operatingIncome": -1453000, "totalOtherIncomeExpenseNet": -8000, "ebit": -1453000, "interestExpense": -1000, "incomeBeforeTax": -1461000, "incomeTaxExpense": -138000, "minorityInterest": {}, "netIncomeFromContinuingOps": -1323000, "discontinuedOperations": {}, "extraordinaryItems": {}, "effectOfAccountingCharges": {}, "otherItems": {}, "netIncome": -1323000, "netIncomeApplicableToCommonShares": -1323000}, {"maxAge": 1, "endDate": "2019-12-31", "totalRevenue": 4974000, "costOfRevenue": 1462000, "grossProfit": 3512000, "researchDevelopment": {}, "sellingGeneralAdministrative": 1470000, "nonRecurring": {}, "otherOperatingExpenses": 922000, "totalOperatingExpenses": 4792000, "operatingIncome": 182000, "totalOtherIncomeExpenseNet": -9000, "ebit": 182000, "interestExpense": -9000, "incomeBeforeTax": 173000, "incomeTaxExpense": 0, "minorityInterest": {}, "netIncomeFromContinuingOps": 173000, "discontinuedOperations": {}, "extraordinaryItems": {}, "effectOfAccountingCharges": {}, "otherItems": {}, "netIncome": 173000, "netIncomeApplicableToCommonShares": 173000}, {"maxAge": 1, "endDate": "2019-09-30", "totalRevenue": 4915000, "costOfRevenue": 2935000, "grossProfit": 1980000, "researchDevelopment": {}, "sellingGeneralAdministrative": 1833000, "nonRecurring": {}, "otherOperatingExpenses": 1396000, "totalOperatingExpenses": 7103000, "operatingIncome": -2188000, "totalOtherIncomeExpenseNet": -52000, "ebit": -2188000, "interestExpense": -52000, "incomeBeforeTax": -2240000, "incomeTaxExpense": 0, "minorityInterest": {}, "netIncomeFromContinuingOps": -2240000, "discontinuedOperations": {}, "extraordinaryItems": {}, "effectOfAccountingCharges": {}, "otherItems": {}, "netIncome": -2240000, "netIncomeApplicableToCommonShares": -2240000}], "maxAge": 86400}, "cashflowStatementHistoryQuarterly": {"cashflowStatements": [{"maxAge": 1, "endDate": "2020-06-30", "netIncome": -1206000, "changeToLiabilities": 0}, {"maxAge": 1, "endDate": "2020-03-31", "netIncome": -1323000, "changeToLiabilities": 0}, {"maxAge": 1, "endDate": "2019-12-31", "netIncome": 173000, "changeToLiabilities": 0}, {"maxAge": 1, "endDate": "2019-09-30", "netIncome": -2240000, "changeToLiabilities": 0}], "maxAge": 86400}, "insiderHolders": {"holders": [], "maxAge": 1}, "calendarEvents": {"maxAge": 1, "earnings": {"earningsDate": ["2020-08-17 05:30:S"]}}, "price": {"maxAge": 1, "regularMarketChangePercent": 0.0, "regularMarketChange": 0.0, "regularMarketTime": "2021-04-29 15:15:00", "priceHint": 4, "regularMarketPrice": 3.15, "regularMarketDayHigh": 3.25, "regularMarketDayLow": 2.79, "regularMarketVolume": 161, "averageDailyVolume10Day": 8058, "averageDailyVolume3Month": 3943, "regularMarketPreviousClose": 3.15, "regularMarketSource": "FREE_REALTIME", "regularMarketOpen": 3.25, "exchange": "BSE", "exchangeName": "BSE", "exchangeDataDelayedBy": 0, "marketState": "CLOSED", "quoteType": "EQUITY", "symbol": "EPIC.BO", "underlyingSymbol": null, "shortName": "EPIC ENERGY LTD.", "longName": "Epic Energy Limited", "currency": "INR", "quoteSourceName": "Delayed Quote", "currencySymbol": "\u20b9", "fromCurrency": null, "toCurrency": null, "lastMarket": null, "marketCap": 22716226}, "balanceSheetHistory": {"balanceSheetStatements": [{"maxAge": 1, "endDate": "2020-03-31", "cash": 101000, "netReceivables": 8713000, "inventory": 2979000, "otherCurrentAssets": 11305000, "totalCurrentAssets": 23098000, "longTermInvestments": 3500000, "propertyPlantEquipment": 22943000, "otherAssets": 48604000, "totalAssets": 98145000, "accountsPayable": 632000, "otherCurrentLiab": 18571000, "deferredLongTermLiab": 851000, "totalCurrentLiabilities": 19203000, "totalLiab": 19203000, "commonStock": 72115000, "retainedEarnings": -21273000, "capitalSurplus": 28100000, "totalStockholderEquity": 78942000, "netTangibleAssets": 78942000}, {"maxAge": 1, "endDate": "2019-03-31", "cash": 359000, "netReceivables": 8406000, "inventory": 5800000, "otherCurrentAssets": 8683000, "totalCurrentAssets": 23248000, "longTermInvestments": 3500000, "propertyPlantEquipment": 26706000, "otherAssets": 46639000, "totalAssets": 100093000, "accountsPayable": 480000, "otherCurrentLiab": 17378000, "deferredLongTermLiab": 1064000, "totalCurrentLiabilities": 17858000, "totalLiab": 17858000, "commonStock": 72115000, "retainedEarnings": -17980000, "capitalSurplus": 28100000, "totalStockholderEquity": 82235000, "netTangibleAssets": 82235000}, {"maxAge": 1, "endDate": "2018-03-31", "cash": 335000, "netReceivables": 10500000, "inventory": 4500000, "otherCurrentAssets": 8642000, "totalCurrentAssets": 23977000, "longTermInvestments": 3500000, "propertyPlantEquipment": 30494000, "otherAssets": 43928000, "totalAssets": 101899000, "accountsPayable": 923000, "otherCurrentLiab": 24354000, "totalCurrentLiabilities": 25974000, "totalLiab": 25974000, "commonStock": 72115000, "retainedEarnings": -24290000, "capitalSurplus": 28100000, "totalStockholderEquity": 75925000, "netTangibleAssets": 75925000}, {"maxAge": 1, "endDate": "2017-03-31", "cash": 804000, "netReceivables": 13994000, "inventory": 102000, "otherCurrentAssets": 1326000, "totalCurrentAssets": 16226000, "longTermInvestments": 4500000, "propertyPlantEquipment": 33459000, "otherAssets": 49024000, "totalAssets": 103209000, "accountsPayable": 1612000, "otherCurrentLiab": 18517000, "totalCurrentLiabilities": 20304000, "totalLiab": 20304000, "commonStock": 72115000, "retainedEarnings": -17310000, "capitalSurplus": 28100000, "totalStockholderEquity": 82905000, "netTangibleAssets": 82905000}], "maxAge": 86400}, "financialData": {"maxAge": 86400, "currentPrice": 3.15, "recommendationKey": "none", "grossProfits": 9509000, "financialCurrency": "INR"}}}