{"EQUITASBNK.NS": {"assetProfile": {"address1": "Spencer Plaza", "address2": "Phase II, 4th Floor No.769, Mount Road Anna Salai", "city": "Chennai", "zip": "600002", "country": "India", "phone": "91 44 4299 5000", "fax": "91 44 4299 5050", "website": "http://www.equitasbank.com", "industry": "Banks\u2014Regional", "sector": "Financial Services", "longBusinessSummary": "Equitas Small Finance Bank Limited provides banking and financial services in India. It operates through Treasury, Corporate/Wholesale Banking, Retail Banking, and Other Banking Operations segments. The company offers current, savings, and salary accounts; and term, bulk, and certificates of deposits. It also provides small business loans comprising secured business, self employed and salaried, agri, and housing loans; group loans to microentrepreneurial women; vehicle finance for used and new commercial vehicles, and used passenger cars; micro and small enterprise finance, such as working capital loans, and fund based and non-fund based products; and loans to financial institutions and corporates. In addition, the company offers insurance, FASTag, and asset management services; ATM and debit cards/point of sale services; call centre services; and mobile, phone, and internet banking services. It has 854 banking outlets and 322 ATMs. The company was formerly known as Equitas Finance Limited and changed its name to Equitas Small Finance Bank Limited in September 2016. Equitas Small Finance Bank Limited was incorporated in 1993 and is headquartered in Chennai, India. Equitas Small Finance Bank Limited operates as a subsidiary of Equitas Holdings Limited.", "fullTimeEmployees": 16106, "companyOfficers": [{"maxAge": 1, "name": "Mr. Pathangi Narasimhan Vasudevan", "age": 57, "title": "MD, CEO & Director", "yearBorn": 1963, "fiscalYear": 2014, "totalPay": 0, "exercisedValue": 0, "unexercisedValue": 0}, {"maxAge": 1, "name": "Mr. Rohit Gangadhar Phadke", "age": 55, "title": "Pres & Head of Retail Assets", "yearBorn": 1965, "exercisedValue": 0, "unexercisedValue": 0}, {"maxAge": 1, "name": "Mr. Sridharan  Nanuiyer", "title": "Chief Financial Officer", "exercisedValue": 0, "unexercisedValue": 0}, {"maxAge": 1, "name": "Mr. Siby  Sebastian", "title": "Exec. VP of Operations", "exercisedValue": 0, "unexercisedValue": 0}, {"maxAge": 1, "name": "Mr. Narayanan  Easwaran", "title": "Chief Technology Officer", "exercisedValue": 0, "unexercisedValue": 0}, {"maxAge": 1, "name": "Mr. Dheeraj  Mohan", "title": "Head of Strategy & Investor Relations", "exercisedValue": 0, "unexercisedValue": 0}, {"maxAge": 1, "name": "Mr. Srinivasan  Purohit", "title": "Chief Compliance Officer", "exercisedValue": 0, "unexercisedValue": 0}, {"maxAge": 1, "name": "Mr. Pallab  Mukherji", "title": "Chief People Officer", "exercisedValue": 0, "unexercisedValue": 0}, {"maxAge": 1, "name": "Mr. Ramasubramanian  Krishnamoorthy", "title": "Exec. VP of Corp. Banking & MSE Fin.", "exercisedValue": 0, "unexercisedValue": 0}, {"maxAge": 1, "name": "Mr. A.  Prabhakaran", "title": "Exec. VP and Head of Centralised Processing Centre & Customer Service", "exercisedValue": 0, "unexercisedValue": 0}], "compensationAsOfEpochDate": "2014-12-31 05:30:00", "maxAge": 86400}, "cashflowStatementHistory": {"cashflowStatements": [{"maxAge": 1, "endDate": "2020-03-31", "netIncome": 2436354000, "depreciation": 964545000, "changeToNetincome": 6617457000, "changeToLiabilities": 0, "changeToOperatingActivities": -5622202000, "totalCashFromOperatingActivities": 4396154000, "capitalExpenditures": -743718000, "otherCashflowsFromInvestingActivities": 4174000, "totalCashflowsFromInvestingActivities": -717300000, "netBorrowings": 11618475000, "otherCashflowsFromFinancingActivities": -5035777000, "totalCashFromFinancingActivities": 9082798000, "changeInCash": 12761652000, "issuanceOfStock": 2500100000}, {"maxAge": 1, "endDate": "2019-03-31", "netIncome": 2105661000, "depreciation": 917767000, "changeToNetincome": 5339111000, "changeToLiabilities": 0, "changeToOperatingActivities": 9630464000, "totalCashFromOperatingActivities": 17993003000, "capitalExpenditures": -516363000, "otherCashflowsFromInvestingActivities": 417239000, "totalCashflowsFromInvestingActivities": -66178000, "netBorrowings": -12041820000, "otherCashflowsFromFinancingActivities": -5020693000, "totalCashFromFinancingActivities": -17062513000, "changeInCash": 864312000, "issuanceOfStock": 2500100000}, {"maxAge": 1, "endDate": "2018-03-31", "netIncome": 318310000, "depreciation": 875050000, "changeToNetincome": 6094300000, "changeToLiabilities": 0, "changeToOperatingActivities": -5182520000, "totalCashFromOperatingActivities": 2105140000, "capitalExpenditures": -812840000, "otherCashflowsFromInvestingActivities": 688930000, "totalCashflowsFromInvestingActivities": -112970000, "netBorrowings": 3983120000, "otherCashflowsFromFinancingActivities": -4266880000, "totalCashFromFinancingActivities": -283760000, "changeInCash": 1708410000, "issuanceOfStock": 2500100000}, {"maxAge": 1, "endDate": "2017-03-31", "netIncome": 1041340000, "depreciation": 317090000, "changeToNetincome": 4780050000, "changeToLiabilities": 0, "changeToOperatingActivities": 7330130000, "totalCashFromOperatingActivities": 13468610000, "capitalExpenditures": -2937770000, "otherCashflowsFromInvestingActivities": -1227130000, "totalCashflowsFromInvestingActivities": -4158500000, "netBorrowings": -5529840000, "otherCashflowsFromFinancingActivities": -2975690000, "totalCashFromFinancingActivities": -5625530000, "changeInCash": 9037930000, "issuanceOfStock": 2880000000}], "maxAge": 86400}, "institutionOwnership": {"ownershipList": [], "maxAge": 1}, "majorHoldersBreakdown": {"maxAge": 1, "insidersPercentHeld": 0.83085, "institutionsPercentHeld": 0.07322, "institutionsFloatPercentHeld": 0.43286, "institutionsCount": 10}, "balanceSheetHistoryQuarterly": {"balanceSheetStatements": [{"maxAge": 1, "endDate": "2020-12-31", "totalStockholderEquity": 29048085000, "netTangibleAssets": 29048085000}, {"maxAge": 1, "endDate": "2020-09-30", "cash": 19009779000, "otherCurrentAssets": 159302698000, "totalCurrentAssets": 178312477000, "longTermInvestments": 42919433000, "propertyPlantEquipment": 1953923000, "otherAssets": 5315740000, "totalAssets": 228501573000, "accountsPayable": 129005844000, "longTermDebt": 61744884000, "otherLiab": 8702760000, "totalCurrentLiabilities": 129005844000, "totalLiab": 199453488000, "commonStock": 10534016000, "treasuryStock": 18514069000, "otherStockholderEquity": 18514069000, "totalStockholderEquity": 29048085000, "netTangibleAssets": 29048085000}, {"maxAge": 1, "endDate": "2020-06-30", "totalStockholderEquity": 27441489000, "netTangibleAssets": 27441489000}, {"maxAge": 1, "endDate": "2019-12-31"}], "maxAge": 86400}, "indexTrend": {"maxAge": 1, "symbol": "SP5", "peRatio": 19.7411, "pegRatio": 1.34172, "estimates": [{"period": "0q", "growth": 0.549}, {"period": "+1q", "growth": 0.431}, {"period": "0y", "growth": 0.305}, {"period": "+1y", "growth": 0.109}, {"period": "+5y", "growth": 0.120865}, {"period": "-5y"}]}, "defaultKeyStatistics": {"maxAge": 1, "priceHint": 2, "enterpriseValue": 104791449600, "profitMargins": 0.15064, "floatShares": 201308543, "sharesOutstanding": 1140039936, "heldPercentInsiders": 0.83085, "heldPercentInstitutions": 0.07322, "category": null, "bookValue": 27.641, "priceToBook": 2.007887, "fundFamily": null, "legalType": null, "lastFiscalYearEnd": "2020-03-31 05:30:00", "nextFiscalYearEnd": "2022-03-31 05:30:00", "mostRecentQuarter": "2020-12-31 05:30:00", "earningsQuarterlyGrowth": 0.177, "netIncomeToCommon": 3143678976, "trailingEps": 2.926, "lastSplitFactor": null, "enterpriseToRevenue": 5.021}, "summaryProfile": {"address1": "Spencer Plaza", "address2": "Phase II, 4th Floor No.769, Mount Road Anna Salai", "city": "Chennai", "zip": "600002", "country": "India", "phone": "91 44 4299 5000", "fax": "91 44 4299 5050", "website": "http://www.equitasbank.com", "industry": "Banks\u2014Regional", "sector": "Financial Services", "longBusinessSummary": "Equitas Small Finance Bank Limited provides banking and financial services in India. It operates through Treasury, Corporate/Wholesale Banking, Retail Banking, and Other Banking Operations segments. The company offers current, savings, and salary accounts; and term, bulk, and certificates of deposits. It also provides small business loans comprising secured business, self employed and salaried, agri, and housing loans; group loans to microentrepreneurial women; vehicle finance for used and new commercial vehicles, and used passenger cars; micro and small enterprise finance, such as working capital loans, and fund based and non-fund based products; and loans to financial institutions and corporates. In addition, the company offers insurance, FASTag, and asset management services; ATM and debit cards/point of sale services; call centre services; and mobile, phone, and internet banking services. It has 854 banking outlets and 322 ATMs. The company was formerly known as Equitas Finance Limited and changed its name to Equitas Small Finance Bank Limited in September 2016. Equitas Small Finance Bank Limited was incorporated in 1993 and is headquartered in Chennai, India. Equitas Small Finance Bank Limited operates as a subsidiary of Equitas Holdings Limited.", "fullTimeEmployees": 16106, "companyOfficers": [], "maxAge": 86400}, "netSharePurchaseActivity": {"maxAge": 1, "period": "6m", "buyInfoCount": 0, "buyInfoShares": 0, "sellInfoCount": 0, "netInfoCount": 0, "netInfoShares": 0, "netPercentInsiderShares": 0.0, "totalInsiderShares": 929000256}, "insiderTransactions": {"transactions": [{"maxAge": 1, "shares": 50100, "value": 18597, "filerUrl": "", "transactionText": "Other at price 0.37 per share.", "filerName": "Dhashinamoorthy (P)", "filerRelation": "UNREPORTED", "moneyText": "", "startDate": "2021-02-25", "ownership": "D"}, {"maxAge": 1, "shares": 153000, "value": 56793, "filerUrl": "", "transactionText": "Other at price 0.37 per share.", "filerName": "Gupta (Alok)", "filerRelation": "UNREPORTED", "moneyText": "", "startDate": "2021-02-25", "ownership": "D"}, {"maxAge": 1, "shares": 100000, "value": 37120, "filerUrl": "", "transactionText": "Other at price 0.37 per share.", "filerName": "Narasimhan (A R L)", "filerRelation": "UNREPORTED", "moneyText": "", "startDate": "2021-02-25", "ownership": "D"}, {"maxAge": 1, "shares": 154050, "value": 57137, "filerUrl": "", "transactionText": "Other at price 0.37 per share.", "filerName": "Alex (John)", "filerRelation": "Promoter", "moneyText": "", "startDate": "2021-02-10", "ownership": "D"}, {"maxAge": 1, "shares": 47500, "value": 17617, "filerUrl": "", "transactionText": "Other at price 0.37 per share.", "filerName": "N (Sridharan)", "filerRelation": "Promoter", "moneyText": "", "startDate": "2021-02-10", "ownership": "D"}], "maxAge": 1}, "quoteType": {"exchange": "NSI", "quoteType": "EQUITY", "symbol": "EQUITASBNK.NS", "underlyingSymbol": "EQUITASBNK.NS", "shortName": "Equitas Small Fin Bnk Ltd", "longName": "Equitas Small Finance Bank Limited", "firstTradeDateEpochUtc": "2020-11-02 09:15:00", "timeZoneFullName": "Asia/Kolkata", "timeZoneShortName": "IST", "uuid": "6c741c3e-cadb-3064-b75f-795c4ad3b172", "gmtOffSetMilliseconds": 19800000, "maxAge": 1}, "incomeStatementHistory": {"incomeStatementHistory": [{"maxAge": 1, "endDate": "2020-03-31", "totalRevenue": 17779171000, "costOfRevenue": 881276000, "grossProfit": 16897895000, "researchDevelopment": {}, "sellingGeneralAdministrative": 9474748000, "nonRecurring": {}, "otherOperatingExpenses": 288901000, "totalOperatingExpenses": 11609470000, "operatingIncome": 6169701000, "totalOtherIncomeExpenseNet": -3733347000, "ebit": 0, "interestExpense": {}, "incomeBeforeTax": 2436354000, "incomeTaxExpense": 0, "minorityInterest": {}, "netIncomeFromContinuingOps": 2436354000, "discontinuedOperations": {}, "extraordinaryItems": {}, "effectOfAccountingCharges": {}, "otherItems": {}, "netIncome": 2436354000, "netIncomeApplicableToCommonShares": 2436354000}, {"maxAge": 1, "endDate": "2019-03-31", "totalRevenue": 14347427000, "costOfRevenue": 778665000, "grossProfit": 13568762000, "researchDevelopment": {}, "sellingGeneralAdministrative": 7554459000, "nonRecurring": {}, "otherOperatingExpenses": 703520000, "totalOperatingExpenses": 9954411000, "operatingIncome": 4393016000, "totalOtherIncomeExpenseNet": -2287355000, "ebit": 0, "interestExpense": {}, "incomeBeforeTax": 2105661000, "incomeTaxExpense": 0, "minorityInterest": {}, "netIncomeFromContinuingOps": 2105661000, "discontinuedOperations": {}, "extraordinaryItems": {}, "effectOfAccountingCharges": {}, "otherItems": {}, "netIncome": 2105661000, "netIncomeApplicableToCommonShares": 2105661000}, {"maxAge": 1, "endDate": "2018-03-31", "totalRevenue": 11019070000, "costOfRevenue": 699460000, "grossProfit": 10319610000, "researchDevelopment": {}, "sellingGeneralAdministrative": 7042570000, "nonRecurring": {}, "otherOperatingExpenses": 173560000, "totalOperatingExpenses": 8790640000, "operatingIncome": 2228430000, "totalOtherIncomeExpenseNet": -1910120000, "ebit": 0, "interestExpense": {}, "incomeBeforeTax": 318310000, "incomeTaxExpense": 0, "minorityInterest": {}, "netIncomeFromContinuingOps": 318310000, "discontinuedOperations": {}, "extraordinaryItems": {}, "effectOfAccountingCharges": {}, "otherItems": {}, "netIncome": 318310000, "netIncomeApplicableToCommonShares": 318310000}, {"maxAge": 1, "endDate": "2017-03-31", "totalRevenue": 7684740000, "costOfRevenue": 437410000, "grossProfit": 7247330000, "researchDevelopment": {}, "sellingGeneralAdministrative": 4135430000, "nonRecurring": {}, "otherOperatingExpenses": 88850000, "totalOperatingExpenses": 4978780000, "operatingIncome": 2705960000, "totalOtherIncomeExpenseNet": -1664620000, "ebit": 0, "interestExpense": {}, "incomeBeforeTax": 1041340000, "incomeTaxExpense": 0, "minorityInterest": {}, "netIncomeFromContinuingOps": 1041340000, "discontinuedOperations": {}, "extraordinaryItems": {}, "effectOfAccountingCharges": {}, "otherItems": {}, "netIncome": 1041340000, "netIncomeApplicableToCommonShares": 1041340000}], "maxAge": 86400}, "fundOwnership": {"ownershipList": [], "maxAge": 1}, "summaryDetail": {"maxAge": 1, "priceHint": 2, "previousClose": 54.75, "open": 55.75, "dayLow": 55.0, "dayHigh": 56.9, "regularMarketPreviousClose": 54.75, "regularMarketOpen": 55.75, "regularMarketDayLow": 55.0, "regularMarketDayHigh": 56.9, "payoutRatio": 0.0, "trailingPE": 18.967873, "volume": 1702424, "regularMarketVolume": 1702424, "averageVolume": 1975303, "averageVolume10days": 1519912, "averageDailyVolume10Day": 1519912, "bid": 0.0, "ask": 0.0, "marketCap": 63272214528, "fiftyTwoWeekLow": 30.05, "fiftyTwoWeekHigh": 68.25, "priceToSalesTrailing12Months": 3.031854, "fiftyDayAverage": 55.12206, "twoHundredDayAverage": 43.221363, "currency": "INR", "fromCurrency": null, "lastMarket": null, "algorithm": null, "tradeable": false}, "incomeStatementHistoryQuarterly": {"incomeStatementHistory": [{"maxAge": 1, "endDate": "2020-12-31", "totalRevenue": 6301737000, "costOfRevenue": 0, "grossProfit": 6301737000, "researchDevelopment": {}, "sellingGeneralAdministrative": 2049364000, "nonRecurring": {}, "otherOperatingExpenses": 1501948000, "totalOperatingExpenses": 3551312000, "operatingIncome": 2750425000, "totalOtherIncomeExpenseNet": -1260882000, "ebit": 0, "interestExpense": {}, "incomeBeforeTax": 1489543000, "incomeTaxExpense": 382592000, "minorityInterest": {}, "netIncomeFromContinuingOps": 1106951000, "discontinuedOperations": {}, "extraordinaryItems": {}, "effectOfAccountingCharges": {}, "otherItems": {}, "netIncome": 1106951000, "netIncomeApplicableToCommonShares": 1106951000}, {"maxAge": 1, "endDate": "2020-09-30", "totalRevenue": 5249411000, "costOfRevenue": 0, "grossProfit": 5249411000, "researchDevelopment": {}, "sellingGeneralAdministrative": 1877948000, "nonRecurring": {}, "otherOperatingExpenses": 1174621000, "totalOperatingExpenses": 3052569000, "operatingIncome": 2196842000, "totalOtherIncomeExpenseNet": -839086000, "ebit": 0, "interestExpense": {}, "incomeBeforeTax": 1357756000, "incomeTaxExpense": 327874000, "minorityInterest": {}, "netIncomeFromContinuingOps": 1029882000, "discontinuedOperations": {}, "extraordinaryItems": {}, "effectOfAccountingCharges": {}, "otherItems": {}, "netIncome": 1029882000, "netIncomeApplicableToCommonShares": 1029882000}, {"maxAge": 1, "endDate": "2020-06-30", "totalRevenue": 4794379000, "costOfRevenue": 0, "grossProfit": 4794379000, "researchDevelopment": {}, "sellingGeneralAdministrative": 1911376500, "nonRecurring": {}, "otherOperatingExpenses": 1074494500, "totalOperatingExpenses": 2985871000, "operatingIncome": 1808508000, "totalOtherIncomeExpenseNet": -761245500, "ebit": 0, "interestExpense": {}, "incomeBeforeTax": 1047262500, "incomeTaxExpense": 243965500, "minorityInterest": {}, "netIncomeFromContinuingOps": 803297000, "discontinuedOperations": {}, "extraordinaryItems": {}, "effectOfAccountingCharges": {}, "otherItems": {}, "netIncome": 803297000, "netIncomeApplicableToCommonShares": 803297000}, {"maxAge": 1, "endDate": "2019-12-31", "totalRevenue": 4692751000, "costOfRevenue": 0, "grossProfit": 4692751000, "researchDevelopment": {}, "sellingGeneralAdministrative": 1838754000, "nonRecurring": {}, "otherOperatingExpenses": 1269623000, "totalOperatingExpenses": 3108377000, "operatingIncome": 1584374000, "totalOtherIncomeExpenseNet": -404938000, "ebit": 0, "interestExpense": {}, "incomeBeforeTax": 1179436000, "incomeTaxExpense": 238612000, "minorityInterest": {}, "netIncomeFromContinuingOps": 940824000, "discontinuedOperations": {}, "extraordinaryItems": {}, "effectOfAccountingCharges": {}, "otherItems": {}, "netIncome": 940824000, "netIncomeApplicableToCommonShares": 940824000}], "maxAge": 86400}, "cashflowStatementHistoryQuarterly": {"cashflowStatements": [{"maxAge": 1, "endDate": "2020-12-31", "netIncome": 1106951000, "changeToLiabilities": 0}, {"maxAge": 1, "endDate": "2020-09-30", "netIncome": 1029882000, "depreciation": 191037000, "changeToNetincome": 1800498000, "changeToLiabilities": 0, "changeToOperatingActivities": -9972361000, "totalCashFromOperatingActivities": -7177529000, "capitalExpenditures": -106684500, "otherCashflowsFromInvestingActivities": 18164000, "totalCashflowsFromInvestingActivities": -85791500, "netBorrowings": 5198074000, "otherCashflowsFromFinancingActivities": -1096356500, "totalCashFromFinancingActivities": 4101717500, "changeInCash": -3161603000}, {"maxAge": 1, "endDate": "2020-06-30", "netIncome": 803297000, "depreciation": 191037000, "changeToNetincome": 1800498000, "changeToLiabilities": 0, "changeToOperatingActivities": -9972361000, "totalCashFromOperatingActivities": -7177529000, "capitalExpenditures": -106684500, "otherCashflowsFromInvestingActivities": 18164000, "totalCashflowsFromInvestingActivities": -85791500, "netBorrowings": 5198074000, "otherCashflowsFromFinancingActivities": -1096356500, "totalCashFromFinancingActivities": 4101717500, "changeInCash": -3161603000}, {"maxAge": 1, "endDate": "2019-12-31", "netIncome": 940824000, "depreciation": 191037000, "changeToNetincome": 1800498000, "changeToLiabilities": 0, "changeToOperatingActivities": -9972361000, "totalCashFromOperatingActivities": -7177529000, "capitalExpenditures": -106684500, "otherCashflowsFromInvestingActivities": 18164000, "totalCashflowsFromInvestingActivities": -85791500, "netBorrowings": 5198074000, "otherCashflowsFromFinancingActivities": -1096356500, "totalCashFromFinancingActivities": 4101717500, "changeInCash": -3161603000}], "maxAge": 86400}, "insiderHolders": {"holders": [{"maxAge": 1, "name": "Alex (John)", "relation": "Promoter", "url": "", "transactionDescription": "Other", "latestTransDate": "2021-02-10", "positionDirect": 163736, "positionDirectDate": "2021-02-10"}, {"maxAge": 1, "name": "Dhashinamoorthy (P)", "relation": "UNREPORTED", "url": "", "transactionDescription": "Other", "latestTransDate": "2021-02-25", "positionDirect": 50100, "positionDirectDate": "2021-02-25"}, {"maxAge": 1, "name": "Gupta (Alok)", "relation": "UNREPORTED", "url": "", "transactionDescription": "Other", "latestTransDate": "2021-02-25", "positionDirect": 153000, "positionDirectDate": "2021-02-25"}, {"maxAge": 1, "name": "N (Sridharan)", "relation": "Promoter", "url": "", "transactionDescription": "Other", "latestTransDate": "2021-02-10", "positionDirect": 53800, "positionDirectDate": "2021-02-10"}, {"maxAge": 1, "name": "Narasimhan (A R L)", "relation": "UNREPORTED", "url": "", "transactionDescription": "Other", "latestTransDate": "2021-02-25", "positionDirect": 100000, "positionDirectDate": "2021-02-25"}], "maxAge": 1}, "calendarEvents": {"maxAge": 1, "earnings": {"earningsDate": []}}, "upgradeDowngradeHistory": {"history": [], "maxAge": 86400}, "price": {"maxAge": 1, "regularMarketChangePercent": 0.01369863, "regularMarketChange": 0.75, "regularMarketTime": "2021-04-30 15:29:57", "priceHint": 2, "regularMarketPrice": 55.5, "regularMarketDayHigh": 56.9, "regularMarketDayLow": 55.0, "regularMarketVolume": 1702424, "averageDailyVolume10Day": 1519912, "averageDailyVolume3Month": 1975303, "regularMarketPreviousClose": 54.75, "regularMarketSource": "FREE_REALTIME", "regularMarketOpen": 55.75, "exchange": "NSI", "exchangeName": "NSE", "exchangeDataDelayedBy": 15, "marketState": "CLOSED", "quoteType": "EQUITY", "symbol": "EQUITASBNK.NS", "underlyingSymbol": null, "shortName": "Equitas Small Fin Bnk Ltd", "longName": "Equitas Small Finance Bank Limited", "currency": "INR", "quoteSourceName": "Delayed Quote", "currencySymbol": "\u20b9", "fromCurrency": null, "lastMarket": null, "marketCap": 63272214528}, "balanceSheetHistory": {"balanceSheetStatements": [{"maxAge": 1, "endDate": "2020-03-31", "cash": 2126407000, "shortTermInvestments": 20800000000, "netReceivables": 133990225000, "otherCurrentAssets": 8297505000, "totalCurrentAssets": 165214137000, "longTermInvestments": 23425062000, "propertyPlantEquipment": 2127694000, "otherAssets": 2378575000, "deferredLongTermAssetCharges": 1133373000, "totalAssets": 193145468000, "accountsPayable": 107884055000, "shortLongTermDebt": 19097300000, "otherCurrentLiab": 514721000, "longTermDebt": 32251436000, "otherLiab": 4669488000, "deferredLongTermLiab": 86800000, "totalCurrentLiabilities": 128783055000, "totalLiab": 165703979000, "commonStock": 10534016000, "retainedEarnings": 9169761000, "treasuryStock": 267728000, "capitalSurplus": 7469984000, "otherStockholderEquity": 267728000, "totalStockholderEquity": 27441489000, "netTangibleAssets": 27441489000}, {"maxAge": 1, "endDate": "2019-03-31", "cash": 4145924000, "shortTermInvestments": 5538832000, "netReceivables": 114622900000, "otherCurrentAssets": 5768476000, "totalCurrentAssets": 130076132000, "longTermInvestments": 23444540000, "propertyPlantEquipment": 2373362000, "otherAssets": 1732875000, "deferredLongTermAssetCharges": 875604000, "totalAssets": 157626909000, "accountsPayable": 90067363000, "shortLongTermDebt": 15987900000, "otherCurrentLiab": 627038000, "longTermDebt": 23742361000, "otherLiab": 3174445000, "totalCurrentLiabilities": 108166918000, "totalLiab": 135083724000, "commonStock": 10059434000, "retainedEarnings": 6761037000, "treasuryStock": 240098000, "capitalSurplus": 5482616000, "otherStockholderEquity": 240098000, "totalStockholderEquity": 22543185000, "netTangibleAssets": 22543185000}, {"maxAge": 1, "endDate": "2018-03-31", "cash": 5180100000, "shortTermInvestments": 4230000000, "netReceivables": 79607170000, "otherCurrentAssets": 1311080000, "totalCurrentAssets": 90328350000, "longTermInvestments": 38568410000, "propertyPlantEquipment": 2808830000, "otherAssets": 1305910000, "deferredLongTermAssetCharges": 628770000, "totalAssets": 133011500000, "accountsPayable": 56039730000, "shortLongTermDebt": 31577400000, "otherCurrentLiab": 84450000, "longTermDebt": 20194680000, "otherLiab": 2848300000, "totalCurrentLiabilities": 89531000000, "totalLiab": 112573980000, "commonStock": 10059430000, "retainedEarnings": 4739670000, "treasuryStock": 155800000, "capitalSurplus": 5482620000, "otherStockholderEquity": 155800000, "totalStockholderEquity": 20437520000, "netTangibleAssets": 20437520000}, {"maxAge": 1, "endDate": "2017-03-31", "cash": 8600800000, "shortTermInvestments": 750000000, "netReceivables": 59216310000, "otherCurrentAssets": 646530000, "totalCurrentAssets": 69213640000, "longTermInvestments": 18904950000, "propertyPlantEquipment": 2883500000, "otherAssets": 1499190000, "deferredLongTermAssetCharges": 436920000, "totalAssets": 92501280000, "accountsPayable": 19212890000, "shortLongTermDebt": 19592890000, "otherCurrentLiab": 25330000, "longTermDebt": 28196070000, "otherLiab": 3846090000, "totalCurrentLiabilities": 40339910000, "totalLiab": 72382070000, "commonStock": 10059430000, "retainedEarnings": 4444360000, "treasuryStock": 132800000, "capitalSurplus": 5482620000, "otherStockholderEquity": 132800000, "totalStockholderEquity": 20119210000, "netTangibleAssets": 20119210000}], "maxAge": 86400}, "financialData": {"maxAge": 86400, "currentPrice": 55.5, "recommendationKey": "none", "totalCash": 19009779712, "totalCashPerShare": 17.001, "totalDebt": 61744885760, "totalRevenue": 20869150720, "debtToEquity": 212.561, "revenuePerShare": 19.526, "grossProfits": 16897895000, "earningsGrowth": 0.065, "revenueGrowth": 0.343, "grossMargins": 0.95777, "ebitdaMargins": 0.0, "operatingMargins": 0.40467998, "profitMargins": 0.15064, "financialCurrency": "INR"}}}