{"ERIS.NS": {"assetProfile": {"address1": "Commerce House IV", "address2": "8th Floor Beside Shell Petrol Pump 100 Feet Road, Prahladnagar", "city": "Ahmedabad", "zip": "380015", "country": "India", "phone": "91 79 3045 1111", "fax": "91 79 3017 9404", "website": "http://www.eris.co.in", "industry": "Drug Manufacturers\u2014Specialty & Generic", "sector": "Healthcare", "longBusinessSummary": "Eris Lifesciences Limited manufactures, markets, and distributes pharmaceutical products in India. It offers various branded formulations in various therapeutic areas, such as cardiovascular, anti\u00c2\u0096diabetes, anti- infective, antipyretics, vitamins/nutrients, gastroenterology, acute and chronic respiratory, gynecology, pediatrics, neurology, psychiatry, arthritis, and pain/analgesics, as well as in-vitro fertilization, cancer, multi-therapy, cosmetology, and dermatology. The company also provides blood pressure monitors, infra-red thermometers, nebulizer, and pregnancy testing kits. Eris Lifesciences Limited was founded in 2007 and is based in Ahmedabad, India.", "fullTimeEmployees": 3430, "companyOfficers": [{"maxAge": 1, "name": "Mr. Amit Indubhushan Bakshi", "age": 45, "title": "Chairman & MD", "yearBorn": 1975, "fiscalYear": 2020, "totalPay": 49136652, "exercisedValue": 0, "unexercisedValue": 0}, {"maxAge": 1, "name": "Mr. Vijay S. Joshi", "age": 67, "title": "Pres", "yearBorn": 1953, "exercisedValue": 0, "unexercisedValue": 0}, {"maxAge": 1, "name": "Mr. Sachin  Shah", "age": 40, "title": "Chief Financial Officer", "yearBorn": 1980, "fiscalYear": 2020, "totalPay": 10700000, "exercisedValue": 0, "unexercisedValue": 0}, {"maxAge": 1, "name": "Mr. Milind  Talegaonkar", "title": "Compliance Officer & Company Sec.", "fiscalYear": 2020, "totalPay": 2860000, "exercisedValue": 0, "unexercisedValue": 0}, {"maxAge": 1, "name": "Mr. Deepak  Kapoor", "age": 56, "title": "Cluster Head and Sr. VP of Sales & Marketing", "yearBorn": 1964, "exercisedValue": 0, "unexercisedValue": 0}, {"maxAge": 1, "name": "Mr. Inderjeet Singh Negi", "age": 49, "title": "BR Head & Whole-Time Exec. Director", "yearBorn": 1971, "fiscalYear": 2020, "totalPay": 12999996, "exercisedValue": 0, "unexercisedValue": 0}, {"maxAge": 1, "name": "Mr. Alok  Mahajan", "age": 44, "title": "VP", "yearBorn": 1976, "exercisedValue": 0, "unexercisedValue": 0}, {"maxAge": 1, "name": "Dr. Viraj Ramesh Suvarna", "age": 52, "title": "VP", "yearBorn": 1968, "exercisedValue": 0, "unexercisedValue": 0}, {"maxAge": 1, "name": "Mr. Santanu  Rudra", "age": 50, "title": "VP", "yearBorn": 1970, "exercisedValue": 0, "unexercisedValue": 0}, {"maxAge": 1, "name": "Mr. Kaushal Kamlesh Shah", "age": 41, "title": "Head of Manufacturing & Distribution and Additional Director", "yearBorn": 1979, "fiscalYear": 2017, "exercisedValue": 0, "unexercisedValue": 0}], "compensationAsOfEpochDate": "2020-12-31 05:30:00", "maxAge": 86400}, "recommendationTrend": {"trend": [{"period": "0m", "strongBuy": 0, "buy": 0, "hold": 0, "sell": 0, "strongSell": 0}, {"period": "-1m", "strongBuy": 1, "buy": 1, "hold": 0, "sell": 0, "strongSell": 0}, {"period": "-2m", "strongBuy": 0, "buy": 1, "hold": 0, "sell": 0, "strongSell": 0}, {"period": "-3m", "strongBuy": 0, "buy": 1, "hold": 0, "sell": 0, "strongSell": 0}], "maxAge": 86400}, "cashflowStatementHistory": {"cashflowStatements": [{"maxAge": 1, "endDate": "2020-03-31", "netIncome": 2964970000, "depreciation": 498550000, "changeToNetincome": -229390000, "changeToAccountReceivables": -747860000, "changeToLiabilities": 159340000, "changeToInventory": 131780000, "changeToOperatingActivities": -70320000, "totalCashFromOperatingActivities": 2711100000, "capitalExpenditures": -1512820000, "investments": 2879910000, "otherCashflowsFromInvestingActivities": 12950000, "totalCashflowsFromInvestingActivities": 1232880000, "dividendsPaid": -389690000, "netBorrowings": -1841100000, "otherCashflowsFromFinancingActivities": -115120000, "totalCashFromFinancingActivities": -3345910000, "changeInCash": 598070000, "repurchaseOfStock": -1000000000}, {"maxAge": 1, "endDate": "2019-03-31", "netIncome": 2907960000, "depreciation": 360510000, "changeToNetincome": -509160000, "changeToAccountReceivables": -175540000, "changeToLiabilities": -66580000, "changeToInventory": -172050000, "changeToOperatingActivities": -118210000, "totalCashFromOperatingActivities": 2229960000, "capitalExpenditures": -380020000, "investments": 349630000, "otherCashflowsFromInvestingActivities": 85610000, "totalCashflowsFromInvestingActivities": -50510000, "dividendsPaid": -389690000, "netBorrowings": -2002140000, "otherCashflowsFromFinancingActivities": -217310000, "totalCashFromFinancingActivities": -2210530000, "changeInCash": -31080000, "repurchaseOfStock": -1000000000, "issuanceOfStock": 8920000}, {"maxAge": 1, "endDate": "2018-03-31", "netIncome": 2941050000, "depreciation": 253850000, "changeToNetincome": -629580000, "changeToAccountReceivables": -91590000, "changeToLiabilities": 270080000, "changeToInventory": 4160000, "changeToOperatingActivities": -404190000, "totalCashFromOperatingActivities": 2346350000, "capitalExpenditures": -250960000, "investments": -380610000, "otherCashflowsFromInvestingActivities": 13490000, "totalCashflowsFromInvestingActivities": -5900970000, "dividendsPaid": -389690000, "netBorrowings": 3734740000, "otherCashflowsFromFinancingActivities": -102620000, "totalCashFromFinancingActivities": 3632120000, "changeInCash": 82650000, "repurchaseOfStock": -1000000000, "issuanceOfStock": 8920000}, {"maxAge": 1, "endDate": "2017-03-31", "netIncome": 2467850000, "depreciation": 225590000, "changeToNetincome": -528890000, "changeToAccountReceivables": -138360000, "changeToLiabilities": 84280000, "changeToInventory": -33980000, "changeToOperatingActivities": -76390000, "totalCashFromOperatingActivities": 2002120000, "capitalExpenditures": -497500000, "investments": -586050000, "otherCashflowsFromInvestingActivities": 12400000, "totalCashflowsFromInvestingActivities": -1844570000, "dividendsPaid": -389690000, "netBorrowings": -65090000, "otherCashflowsFromFinancingActivities": -171540000, "totalCashFromFinancingActivities": -236630000, "changeInCash": -65250000, "repurchaseOfStock": -1000000000, "issuanceOfStock": 8920000}], "maxAge": 86400}, "indexTrend": {"maxAge": 1, "symbol": "SP5", "peRatio": 19.7411, "pegRatio": 1.34172, "estimates": [{"period": "0q", "growth": 0.549}, {"period": "+1q", "growth": 0.431}, {"period": "0y", "growth": 0.305}, {"period": "+1y", "growth": 0.109}, {"period": "+5y", "growth": 0.120865}, {"period": "-5y"}]}, "defaultKeyStatistics": {"maxAge": 1, "priceHint": 2, "enterpriseValue": 79761219584, "profitMargins": 0.2952, "floatShares": 34448433, "sharesOutstanding": 135780992, "heldPercentInsiders": 0.7989, "heldPercentInstitutions": 0.13684, "beta": 0.703329, "category": null, "bookValue": 104.385, "priceToBook": 5.766633, "fundFamily": null, "legalType": null, "lastFiscalYearEnd": "2020-03-31 05:30:00", "nextFiscalYearEnd": "2022-03-31 05:30:00", "mostRecentQuarter": "2020-12-31 05:30:00", "earningsQuarterlyGrowth": 0.42, "netIncomeToCommon": 3431600128, "trailingEps": 25.232, "lastSplitFactor": null, "enterpriseToRevenue": 6.861, "enterpriseToEbitda": 19.563}, "industryTrend": {"maxAge": 1, "symbol": null, "estimates": []}, "quoteType": {"exchange": "NSI", "quoteType": "EQUITY", "symbol": "ERIS.NS", "underlyingSymbol": "ERIS.NS", "shortName": "ERIS LIFESCIENCES", "longName": "Eris Lifesciences Limited", "firstTradeDateEpochUtc": "2017-06-30 09:15:00", "timeZoneFullName": "Asia/Kolkata", "timeZoneShortName": "IST", "uuid": "313d9a6f-36cc-3c91-a5cf-557ae239c505", "gmtOffSetMilliseconds": 19800000, "maxAge": 1}, "incomeStatementHistory": {"incomeStatementHistory": [{"maxAge": 1, "endDate": "2020-03-31", "totalRevenue": 10581830000, "costOfRevenue": 1752660000, "grossProfit": 8829170000, "researchDevelopment": {}, "sellingGeneralAdministrative": 2522880000, "nonRecurring": {}, "otherOperatingExpenses": 2585190000, "totalOperatingExpenses": 7363310000, "operatingIncome": 3218520000, "totalOtherIncomeExpenseNet": 94980000, "ebit": 3218520000, "interestExpense": -21620000, "incomeBeforeTax": 3313500000, "incomeTaxExpense": 348430000, "minorityInterest": {}, "netIncomeFromContinuingOps": 2965070000, "discontinuedOperations": {}, "extraordinaryItems": {}, "effectOfAccountingCharges": {}, "otherItems": {}, "netIncome": 2964970000, "netIncomeApplicableToCommonShares": 2964970000}, {"maxAge": 1, "endDate": "2019-03-31", "totalRevenue": 9672020000, "costOfRevenue": 1576160000, "grossProfit": 8095860000, "researchDevelopment": {}, "sellingGeneralAdministrative": 2452960000, "nonRecurring": {}, "otherOperatingExpenses": 2190550000, "totalOperatingExpenses": 6583210000, "operatingIncome": 3088810000, "totalOtherIncomeExpenseNet": 84770000, "ebit": 3088810000, "interestExpense": -228950000, "incomeBeforeTax": 3173580000, "incomeTaxExpense": 262110000, "minorityInterest": 183110000, "netIncomeFromContinuingOps": 2911470000, "discontinuedOperations": {}, "extraordinaryItems": {}, "effectOfAccountingCharges": {}, "otherItems": {}, "netIncome": 2907960000, "netIncomeApplicableToCommonShares": 2907960000}, {"maxAge": 1, "endDate": "2018-03-31", "totalRevenue": 8195950000, "costOfRevenue": 1295370000, "grossProfit": 6900580000, "researchDevelopment": {}, "sellingGeneralAdministrative": 2027440000, "nonRecurring": {}, "otherOperatingExpenses": 1617040000, "totalOperatingExpenses": 5196270000, "operatingIncome": 2999680000, "totalOtherIncomeExpenseNet": 122610000, "ebit": 2999680000, "interestExpense": -105500000, "incomeBeforeTax": 3122290000, "incomeTaxExpense": 172510000, "minorityInterest": 246650000, "netIncomeFromContinuingOps": 2949780000, "discontinuedOperations": {}, "extraordinaryItems": {}, "effectOfAccountingCharges": {}, "otherItems": {}, "netIncome": 2941050000, "netIncomeApplicableToCommonShares": 2941050000}, {"maxAge": 1, "endDate": "2017-03-31", "totalRevenue": 7205290000, "costOfRevenue": 794040000, "grossProfit": 6411250000, "researchDevelopment": {}, "sellingGeneralAdministrative": 1736600000, "nonRecurring": {}, "otherOperatingExpenses": 1982110000, "totalOperatingExpenses": 4740360000, "operatingIncome": 2464930000, "totalOtherIncomeExpenseNet": 238940000, "ebit": 2464930000, "interestExpense": -10330000, "incomeBeforeTax": 2703870000, "incomeTaxExpense": 237800000, "minorityInterest": 237930000, "netIncomeFromContinuingOps": 2466070000, "discontinuedOperations": {}, "extraordinaryItems": {}, "effectOfAccountingCharges": {}, "otherItems": {}, "netIncome": 2467850000, "netIncomeApplicableToCommonShares": 2467850000}], "maxAge": 86400}, "fundOwnership": {"ownershipList": [{"maxAge": 1, "reportDate": "2021-02-28", "organization": "WisdomTree Tr-WisdomTree Emerging Markets Small Cap Dividend Fund", "pctHeld": 0.0008, "position": 111380, "value": 65313232}, {"maxAge": 1, "reportDate": "2021-01-31", "organization": "DFA Emerging Markets Small Cap Series", "pctHeld": 0.00059999997, "position": 83281, "value": 50443301}, {"maxAge": 1, "reportDate": "2021-03-31", "organization": "iShares MSCI India Small Cap ETF", "pctHeld": 0.0005, "position": 63763, "value": 38576615}, {"maxAge": 1, "reportDate": "2020-12-31", "organization": "College Retirement Equities Fund-Stock Account", "pctHeld": 0.0002, "position": 27577, "value": 15993281}, {"maxAge": 1, "reportDate": "2021-03-31", "organization": "SPDR (R) Idx Shares-SPDR (R) Emerging Markets Small Cap ETF", "pctHeld": 0.0001, "position": 17313, "value": 10474365}, {"maxAge": 1, "reportDate": "2021-01-31", "organization": "DFA Emerging Markets Core Equity Portfolio", "pctHeld": 0.0001, "position": 16839, "value": 10199382}, {"maxAge": 1, "reportDate": "2021-03-31", "organization": "iShares MSCI Emerging Markets Small Cap ETF", "pctHeld": 0.0001, "position": 14850, "value": 8984250}, {"maxAge": 1, "reportDate": "2021-02-28", "organization": "WisdomTree Tr-WisdomTree India Earnings Fd", "pctHeld": 0.0001, "position": 14190, "value": 8321016}, {"maxAge": 1, "reportDate": "2021-01-31", "organization": "DFA Emerging Markets Sustainability Core 1 Portfolio", "pctHeld": 0.0001, "position": 6849, "value": 4148439}], "maxAge": 1}, "summaryDetail": {"maxAge": 1, "priceHint": 2, "previousClose": 603.45, "open": 603.45, "dayLow": 595.2, "dayHigh": 606.0, "regularMarketPreviousClose": 603.45, "regularMarketOpen": 603.45, "regularMarketDayLow": 595.2, "regularMarketDayHigh": 606.0, "dividendRate": 11.0, "dividendYield": 0.0182, "exDividendDate": "2020-08-13 05:30:00", "payoutRatio": 0.33150002, "beta": 0.703329, "trailingPE": 23.856611, "volume": 37519, "regularMarketVolume": 37519, "averageVolume": 215195, "averageVolume10days": 469663, "averageDailyVolume10Day": 469663, "bid": 0.0, "ask": 0.0, "bidSize": 0, "askSize": 0, "marketCap": 81428185088, "fiftyTwoWeekLow": 377.2, "fiftyTwoWeekHigh": 645.25, "priceToSalesTrailing12Months": 7.0047193, "fiftyDayAverage": 589.9853, "twoHundredDayAverage": 559.056, "trailingAnnualDividendRate": 2.87, "trailingAnnualDividendYield": 0.004755986, "currency": "INR", "fromCurrency": null, "lastMarket": null, "algorithm": null, "tradeable": false}, "insiderHolders": {"holders": [{"maxAge": 1, "name": "Bakshi (Amit)", "relation": "Chairman of the Board", "url": "", "transactionDescription": "Acquisition", "latestTransDate": "2019-05-24", "positionDirect": 54698423, "positionDirectDate": "2019-05-24"}, {"maxAge": 1, "name": "Shah (Himanshu Jayantbhai)", "relation": "Promoter", "url": "", "transactionDescription": "Sale", "latestTransDate": "2021-03-31", "positionDirect": 1505173, "positionDirectDate": "2021-03-31"}, {"maxAge": 1, "name": "Shah (Sachin)", "relation": "Chief Financial Officer", "url": "", "transactionDescription": "Acquisition", "latestTransDate": "2018-11-12", "positionDirect": 15022, "positionDirectDate": "2018-11-12"}, {"maxAge": 1, "name": "Sharma (Sabyasachi)", "relation": "UNREPORTED", "url": "", "transactionDescription": "Other", "latestTransDate": "2018-08-16", "positionDirect": 4998, "positionDirectDate": "2018-08-16"}], "maxAge": 1}, "calendarEvents": {"maxAge": 1, "earnings": {"earningsDate": []}, "exDividendDate": "2020-08-13 05:30:00"}, "upgradeDowngradeHistory": {"history": [], "maxAge": 86400}, "price": {"maxAge": 1, "regularMarketChangePercent": -0.0024857072, "regularMarketChange": -1.5, "regularMarketTime": "2021-04-30 15:29:16", "priceHint": 2, "regularMarketPrice": 601.95, "regularMarketDayHigh": 606.0, "regularMarketDayLow": 595.2, "regularMarketVolume": 37519, "averageDailyVolume10Day": 469663, "averageDailyVolume3Month": 215195, "regularMarketPreviousClose": 603.45, "regularMarketSource": "FREE_REALTIME", "regularMarketOpen": 603.45, "exchange": "NSI", "exchangeName": "NSE", "exchangeDataDelayedBy": 15, "marketState": "CLOSED", "quoteType": "EQUITY", "symbol": "ERIS.NS", "underlyingSymbol": null, "shortName": "ERIS LIFESCIENCES", "longName": "Eris Lifesciences Limited", "currency": "INR", "quoteSourceName": "Delayed Quote", "currencySymbol": "\u20b9", "fromCurrency": null, "lastMarket": null, "marketCap": 81428185088}, "balanceSheetHistory": {"balanceSheetStatements": [{"maxAge": 1, "endDate": "2020-03-31", "cash": 673070000, "shortTermInvestments": 20000, "netReceivables": 2069080000, "inventory": 694750000, "otherCurrentAssets": 551480000, "totalCurrentAssets": 4796170000, "longTermInvestments": 32040000, "propertyPlantEquipment": 872790000, "goodWill": 934740000, "intangibleAssets": 6984690000, "otherAssets": 1902620000, "deferredLongTermAssetCharges": 1709110000, "totalAssets": 15523050000, "accountsPayable": 1000510000, "otherCurrentLiab": 306130000, "otherLiab": 851370000, "totalCurrentLiabilities": 1646900000, "totalLiab": 2559710000, "commonStock": 135780000, "retainedEarnings": 12797280000, "treasuryStock": 30280000, "otherStockholderEquity": 30280000, "totalStockholderEquity": 12963340000, "netTangibleAssets": 5043910000}, {"maxAge": 1, "endDate": "2019-03-31", "cash": 75000000, "shortTermInvestments": 20000, "netReceivables": 1368010000, "inventory": 826530000, "otherCurrentAssets": 329000000, "totalCurrentAssets": 5817790000, "longTermInvestments": 409120000, "propertyPlantEquipment": 560710000, "goodWill": 935870000, "intangibleAssets": 6136080000, "otherAssets": 1677050000, "deferredLongTermAssetCharges": 1447940000, "totalAssets": 15536620000, "accountsPayable": 841250000, "shortLongTermDebt": 1761300000, "otherCurrentLiab": 200250000, "longTermDebt": 2930000, "otherLiab": 790030000, "minorityInterest": 183110000, "totalCurrentLiabilities": 3055370000, "totalLiab": 3848330000, "commonStock": 137520000, "retainedEarnings": 11342220000, "treasuryStock": 11950000, "capitalSurplus": 13490000, "otherStockholderEquity": 11950000, "totalStockholderEquity": 11505180000, "netTangibleAssets": 4433230000}, {"maxAge": 1, "endDate": "2018-03-31", "cash": 106080000, "netReceivables": 1083880000, "inventory": 654480000, "otherCurrentAssets": 168030000, "totalCurrentAssets": 2987070000, "longTermInvestments": 2716100000, "propertyPlantEquipment": 526120000, "goodWill": 934740000, "intangibleAssets": 6250060000, "otherAssets": 1186760000, "deferredLongTermAssetCharges": 1005670000, "totalAssets": 14600850000, "accountsPayable": 907740000, "shortLongTermDebt": 1026040000, "otherCurrentLiab": 178610000, "longTermDebt": 2741950000, "otherLiab": 744580000, "minorityInterest": 246650000, "totalCurrentLiabilities": 2254600000, "totalLiab": 5741130000, "commonStock": 137500000, "retainedEarnings": 8475570000, "totalStockholderEquity": 8613070000, "netTangibleAssets": 1428270000}, {"maxAge": 1, "endDate": "2017-03-31", "cash": 23430000, "netReceivables": 558630000, "inventory": 558190000, "otherCurrentAssets": 107230000, "totalCurrentAssets": 2160420000, "longTermInvestments": 2130520000, "propertyPlantEquipment": 557510000, "goodWill": 378110000, "intangibleAssets": 1381590000, "otherAssets": 658390000, "deferredLongTermAssetCharges": 498930000, "totalAssets": 7266540000, "accountsPayable": 385170000, "shortLongTermDebt": 1540000, "otherCurrentLiab": 201820000, "longTermDebt": 4940000, "otherLiab": 594130000, "minorityInterest": 237930000, "totalCurrentLiabilities": 758180000, "totalLiab": 1357250000, "commonStock": 137500000, "retainedEarnings": 5533860000, "totalStockholderEquity": 5671360000, "netTangibleAssets": 3911660000}], "maxAge": 86400}, "earningsTrend": {"trend": [{"maxAge": 1, "period": "0q", "endDate": null, "growth": {}, "earningsEstimate": {"avg": 0.0, "low": 0.0, "high": 0.0, "yearAgoEps": {}, "numberOfAnalysts": 0, "growth": {}}, "revenueEstimate": {"avg": 0, "low": 0, "high": 0, "numberOfAnalysts": 0, "yearAgoRevenue": {}, "growth": {}}, "epsTrend": {"current": 0.0, "7daysAgo": 0.0, "30daysAgo": 0.0, "60daysAgo": 0.0, "90daysAgo": 0.0}, "epsRevisions": {"upLast7days": 0, "upLast30days": 0, "downLast30days": 0, "downLast90days": {}}}, {"maxAge": 1, "period": "+1q", "endDate": null, "growth": {}, "earningsEstimate": {"avg": 0.0, "low": 0.0, "high": 0.0, "yearAgoEps": {}, "numberOfAnalysts": 0, "growth": {}}, "revenueEstimate": {"avg": 0, "low": 0, "high": 0, "numberOfAnalysts": 0, "yearAgoRevenue": {}, "growth": {}}, "epsTrend": {"current": 0.0, "7daysAgo": 0.0, "30daysAgo": 0.0, "60daysAgo": 0.0, "90daysAgo": 0.0}, "epsRevisions": {"upLast7days": 0, "upLast30days": 0, "downLast30days": 0, "downLast90days": {}}}, {"maxAge": 1, "period": "0y", "endDate": null, "growth": {}, "earningsEstimate": {"avg": 0.0, "low": 0.0, "high": 0.0, "yearAgoEps": {}, "numberOfAnalysts": 0, "growth": {}}, "revenueEstimate": {"avg": 0, "low": 0, "high": 0, "numberOfAnalysts": 0, "yearAgoRevenue": {}, "growth": {}}, "epsTrend": {"current": 0.0, "7daysAgo": 0.0, "30daysAgo": 0.0, "60daysAgo": 0.0, "90daysAgo": 0.0}, "epsRevisions": {"upLast7days": 0, "upLast30days": 0, "downLast30days": 0, "downLast90days": {}}}, {"maxAge": 1, "period": "+1y", "endDate": null, "growth": {}, "earningsEstimate": {"avg": 0.0, "low": 0.0, "high": 0.0, "yearAgoEps": {}, "numberOfAnalysts": 0, "growth": {}}, "revenueEstimate": {"avg": 0, "low": 0, "high": 0, "numberOfAnalysts": 0, "yearAgoRevenue": {}, "growth": {}}, "epsTrend": {"current": 0.0, "7daysAgo": 0.0, "30daysAgo": 0.0, "60daysAgo": 0.0, "90daysAgo": 0.0}, "epsRevisions": {"upLast7days": 0, "upLast30days": 0, "downLast30days": 0, "downLast90days": {}}}, {"maxAge": 1, "period": "+5y", "endDate": null, "growth": 0.2531, "earningsEstimate": {"avg": {}, "low": {}, "high": {}, "yearAgoEps": {}, "numberOfAnalysts": {}, "growth": {}}, "revenueEstimate": {"avg": {}, "low": {}, "high": {}, "numberOfAnalysts": {}, "yearAgoRevenue": {}, "growth": {}}, "epsTrend": {"current": {}, "7daysAgo": {}, "30daysAgo": {}, "60daysAgo": {}, "90daysAgo": {}}, "epsRevisions": {"upLast7days": {}, "upLast30days": {}, "downLast30days": {}, "downLast90days": {}}}, {"maxAge": 1, "period": "-5y", "endDate": null, "growth": {}, "earningsEstimate": {"avg": {}, "low": {}, "high": {}, "yearAgoEps": {}, "numberOfAnalysts": {}, "growth": {}}, "revenueEstimate": {"avg": {}, "low": {}, "high": {}, "numberOfAnalysts": {}, "yearAgoRevenue": {}, "growth": {}}, "epsTrend": {"current": {}, "7daysAgo": {}, "30daysAgo": {}, "60daysAgo": {}, "90daysAgo": {}}, "epsRevisions": {"upLast7days": {}, "upLast30days": {}, "downLast30days": {}, "downLast90days": {}}}], "maxAge": 1}, "institutionOwnership": {"ownershipList": [], "maxAge": 1}, "majorHoldersBreakdown": {"maxAge": 1, "insidersPercentHeld": 0.7989, "institutionsPercentHeld": 0.13684, "institutionsFloatPercentHeld": 0.68046, "institutionsCount": 32}, "balanceSheetHistoryQuarterly": {"balanceSheetStatements": [{"maxAge": 1, "endDate": "2020-12-31", "totalStockholderEquity": 14179500000, "netTangibleAssets": 6336970000}, {"maxAge": 1, "endDate": "2020-09-30", "cash": 512340000, "shortTermInvestments": 1540260000, "netReceivables": 1954230000, "inventory": 902670000, "otherCurrentAssets": 1087760000, "totalCurrentAssets": 5997260000, "longTermInvestments": 131210000, "propertyPlantEquipment": 778680000, "goodWill": 934740000, "intangibleAssets": 6907790000, "otherAssets": 2097250000, "deferredLongTermAssetCharges": 1952130000, "totalAssets": 16846930000, "accountsPayable": 994290000, "otherCurrentLiab": 706780000, "otherLiab": 878130000, "minorityInterest": 20000, "totalCurrentLiabilities": 1738150000, "totalLiab": 2667410000, "commonStock": 135780000, "treasuryStock": 14043720000, "otherStockholderEquity": 14043720000, "totalStockholderEquity": 14179500000, "netTangibleAssets": 6336970000}, {"maxAge": 1, "endDate": "2020-06-30", "totalStockholderEquity": 12963340000, "netTangibleAssets": 5043910000}, {"maxAge": 1, "endDate": "2020-03-31", "cash": 673070000, "shortTermInvestments": 20000, "netReceivables": 2069080000, "inventory": 694750000, "otherCurrentAssets": 551480000, "totalCurrentAssets": 4796170000, "longTermInvestments": 32040000, "propertyPlantEquipment": 872790000, "goodWill": 934740000, "intangibleAssets": 6984690000, "otherAssets": 1902620000, "deferredLongTermAssetCharges": 1709110000, "totalAssets": 15523050000, "accountsPayable": 1000510000, "otherCurrentLiab": 306130000, "otherLiab": 851370000, "totalCurrentLiabilities": 1646900000, "totalLiab": 2559710000, "commonStock": 135780000, "retainedEarnings": 12797280000, "treasuryStock": 30280000, "otherStockholderEquity": 30280000, "totalStockholderEquity": 12963340000, "netTangibleAssets": 5043910000}], "maxAge": 86400}, "earningsHistory": {"history": [{"maxAge": 1, "epsActual": {}, "epsEstimate": {}, "epsDifference": {}, "surprisePercent": {}, "quarter": {}, "period": "-4q"}, {"maxAge": 1, "epsActual": {}, "epsEstimate": {}, "epsDifference": {}, "surprisePercent": {}, "quarter": {}, "period": "-3q"}, {"maxAge": 1, "epsActual": {}, "epsEstimate": {}, "epsDifference": {}, "surprisePercent": {}, "quarter": {}, "period": "-2q"}, {"maxAge": 1, "epsActual": {}, "epsEstimate": {}, "epsDifference": {}, "surprisePercent": {}, "quarter": {}, "period": "-1q"}], "maxAge": 86400}, "summaryProfile": {"address1": "Commerce House IV", "address2": "8th Floor Beside Shell Petrol Pump 100 Feet Road, Prahladnagar", "city": "Ahmedabad", "zip": "380015", "country": "India", "phone": "91 79 3045 1111", "fax": "91 79 3017 9404", "website": "http://www.eris.co.in", "industry": "Drug Manufacturers\u2014Specialty & Generic", "sector": "Healthcare", "longBusinessSummary": "Eris Lifesciences Limited manufactures, markets, and distributes pharmaceutical products in India. It offers various branded formulations in various therapeutic areas, such as cardiovascular, anti\u00c2\u0096diabetes, anti- infective, antipyretics, vitamins/nutrients, gastroenterology, acute and chronic respiratory, gynecology, pediatrics, neurology, psychiatry, arthritis, and pain/analgesics, as well as in-vitro fertilization, cancer, multi-therapy, cosmetology, and dermatology. The company also provides blood pressure monitors, infra-red thermometers, nebulizer, and pregnancy testing kits. Eris Lifesciences Limited was founded in 2007 and is based in Ahmedabad, India.", "fullTimeEmployees": 3430, "companyOfficers": [], "maxAge": 86400}, "netSharePurchaseActivity": {"maxAge": 1, "period": "6m", "buyInfoCount": 0, "buyInfoShares": 0, "sellInfoCount": 0, "netInfoCount": 0, "netInfoShares": 0, "netPercentInsiderShares": 0.0, "totalInsiderShares": 108465104}, "insiderTransactions": {"transactions": [{"maxAge": 1, "shares": 951838, "value": 7878363, "filerUrl": "", "transactionText": "Sale at price 8.28 per share.", "filerName": "Shah (Himanshu Jayantbhai)", "filerRelation": "Promoter", "moneyText": "", "startDate": "2021-03-31", "ownership": "D"}, {"maxAge": 1, "shares": 16696, "value": 142114, "filerUrl": "", "transactionText": "Sale at price 8.51 per share.", "filerName": "Shah (Himanshu Jayantbhai)", "filerRelation": "Promoter", "moneyText": "", "startDate": "2021-03-26", "ownership": "D"}, {"maxAge": 1, "shares": 110793, "value": 950659, "filerUrl": "", "transactionText": "Sale at price 8.58 per share.", "filerName": "Shah (Himanshu Jayantbhai)", "filerRelation": "UNREPORTED", "moneyText": "", "startDate": "2021-03-17", "ownership": "D"}, {"maxAge": 1, "shares": 1800000, "value": 13142340, "filerUrl": "", "transactionText": "Sale at price 7.30 per share.", "filerName": "Shah (Himanshu Jayantbhai)", "filerRelation": "UNREPORTED", "moneyText": "", "startDate": "2020-09-25", "ownership": "D"}, {"maxAge": 1, "shares": 1900000, "filerUrl": "", "transactionText": "", "filerName": "Shah (Himanshu Jayantbhai)", "filerRelation": "UNREPORTED", "moneyText": "", "startDate": "2020-03-27", "ownership": "D"}, {"maxAge": 1, "shares": 185000, "filerUrl": "", "transactionText": "", "filerName": "Bakshi (Amit)", "filerRelation": "Chairman of the Board", "moneyText": "", "startDate": "2019-05-24", "ownership": "D"}, {"maxAge": 1, "shares": 81333, "filerUrl": "", "transactionText": "", "filerName": "Bakshi (Amit)", "filerRelation": "Chairman of the Board", "moneyText": "", "startDate": "2019-02-01", "ownership": "D"}, {"maxAge": 1, "shares": 1183, "filerUrl": "", "transactionText": "", "filerName": "Bakshi (Amit)", "filerRelation": "Chairman of the Board", "moneyText": "", "startDate": "2018-12-05", "ownership": "D"}, {"maxAge": 1, "shares": 711, "filerUrl": "", "transactionText": "", "filerName": "Bakshi (Amit)", "filerRelation": "Chairman of the Board", "moneyText": "", "startDate": "2018-11-30", "ownership": "D"}, {"maxAge": 1, "shares": 16400, "filerUrl": "", "transactionText": "", "filerName": "Bakshi (Amit)", "filerRelation": "Chairman of the Board", "moneyText": "", "startDate": "2018-11-29", "ownership": "D"}, {"maxAge": 1, "shares": 65500, "filerUrl": "", "transactionText": "", "filerName": "Bakshi (Amit)", "filerRelation": "Chairman of the Board", "moneyText": "", "startDate": "2018-11-21", "ownership": "D"}, {"maxAge": 1, "shares": 14737, "filerUrl": "", "transactionText": "", "filerName": "Bakshi (Amit)", "filerRelation": "Chairman of the Board", "moneyText": "", "startDate": "2018-11-20", "ownership": "D"}, {"maxAge": 1, "shares": 4468, "filerUrl": "", "transactionText": "", "filerName": "Bakshi (Amit)", "filerRelation": "Chairman of the Board", "moneyText": "", "startDate": "2018-11-15", "ownership": "D"}, {"maxAge": 1, "shares": 57591, "filerUrl": "", "transactionText": "", "filerName": "Bakshi (Amit)", "filerRelation": "Chairman of the Board", "moneyText": "", "startDate": "2018-11-13", "ownership": "D"}, {"maxAge": 1, "shares": 10785, "filerUrl": "", "transactionText": "", "filerName": "Shah (Sachin)", "filerRelation": "Chief Financial Officer", "moneyText": "", "startDate": "2018-11-12", "ownership": "D"}, {"maxAge": 1, "shares": 4988, "filerUrl": "", "transactionText": "", "filerName": "Sharma (Sabyasachi)", "filerRelation": "UNREPORTED", "moneyText": "", "startDate": "2018-08-16", "ownership": "D"}, {"maxAge": 1, "shares": 3325, "filerUrl": "", "transactionText": "", "filerName": "Shah (Sachin)", "filerRelation": "UNREPORTED", "moneyText": "", "startDate": "2018-04-21", "ownership": "D"}], "maxAge": 1}, "sectorTrend": {"maxAge": 1, "symbol": null, "estimates": []}, "incomeStatementHistoryQuarterly": {"incomeStatementHistory": [{"maxAge": 1, "endDate": "2020-12-31", "totalRevenue": 3050420000, "costOfRevenue": 564290000, "grossProfit": 2486130000, "researchDevelopment": {}, "sellingGeneralAdministrative": 596920000, "nonRecurring": {}, "otherOperatingExpenses": 816920000, "totalOperatingExpenses": 2084170000, "operatingIncome": 966250000, "totalOtherIncomeExpenseNet": 26710000, "ebit": 966250000, "interestExpense": -4010000, "incomeBeforeTax": 992960000, "incomeTaxExpense": 91460000, "minorityInterest": {}, "netIncomeFromContinuingOps": 901500000, "discontinuedOperations": {}, "extraordinaryItems": {}, "effectOfAccountingCharges": {}, "otherItems": {}, "netIncome": 901500000, "netIncomeApplicableToCommonShares": 901500000}, {"maxAge": 1, "endDate": "2020-09-30", "totalRevenue": 3252670000, "costOfRevenue": 638290000, "grossProfit": 2614380000, "researchDevelopment": {}, "sellingGeneralAdministrative": 599990000, "nonRecurring": {}, "otherOperatingExpenses": 766740000, "totalOperatingExpenses": 2110630000, "operatingIncome": 1142040000, "totalOtherIncomeExpenseNet": 16320000, "ebit": 1142040000, "interestExpense": -4520000, "incomeBeforeTax": 1158360000, "incomeTaxExpense": 81160000, "minorityInterest": 20000, "netIncomeFromContinuingOps": 1077200000, "discontinuedOperations": {}, "extraordinaryItems": {}, "effectOfAccountingCharges": {}, "otherItems": {}, "netIncome": 1077200000, "netIncomeApplicableToCommonShares": 1077200000}, {"maxAge": 1, "endDate": "2020-06-30", "totalRevenue": 2880820000, "costOfRevenue": 575840000, "grossProfit": 2304980000, "researchDevelopment": {}, "sellingGeneralAdministrative": 570970000, "nonRecurring": {}, "otherOperatingExpenses": 693360000, "totalOperatingExpenses": 1943790000, "operatingIncome": 937030000, "totalOtherIncomeExpenseNet": 9340000, "ebit": 937030000, "interestExpense": -4050000, "incomeBeforeTax": 946370000, "incomeTaxExpense": 56190000, "minorityInterest": 20000, "netIncomeFromContinuingOps": 890180000, "discontinuedOperations": {}, "extraordinaryItems": {}, "effectOfAccountingCharges": {}, "otherItems": {}, "netIncome": 890180000, "netIncomeApplicableToCommonShares": 890180000}, {"maxAge": 1, "endDate": "2020-03-31", "totalRevenue": 2440850000, "costOfRevenue": 408340000, "grossProfit": 2032510000, "researchDevelopment": {}, "sellingGeneralAdministrative": 1021990000, "nonRecurring": {}, "otherOperatingExpenses": 200820000, "totalOperatingExpenses": 1774330000, "operatingIncome": 666520000, "totalOtherIncomeExpenseNet": -51560000, "ebit": 666520000, "interestExpense": -3540000, "incomeBeforeTax": 614960000, "incomeTaxExpense": 52240000, "minorityInterest": 20000, "netIncomeFromContinuingOps": 562720000, "discontinuedOperations": {}, "extraordinaryItems": {}, "effectOfAccountingCharges": {}, "otherItems": {}, "netIncome": 562720000, "netIncomeApplicableToCommonShares": 562720000}], "maxAge": 86400}, "cashflowStatementHistoryQuarterly": {"cashflowStatements": [{"maxAge": 1, "endDate": "2020-12-31", "netIncome": 901500000, "changeToLiabilities": 0}, {"maxAge": 1, "endDate": "2020-09-30", "netIncome": 1077200000, "changeToLiabilities": 0}, {"maxAge": 1, "endDate": "2020-06-30", "netIncome": 890180000, "changeToLiabilities": 0}, {"maxAge": 1, "endDate": "2020-03-31", "netIncome": 562720000, "changeToLiabilities": 0}], "maxAge": 86400}, "earnings": {"maxAge": 86400, "earningsChart": {"quarterly": [], "earningsDate": []}, "financialsChart": {"yearly": [{"date": 2017, "revenue": 7205290000, "earnings": 2467850000}, {"date": 2018, "revenue": 8195950000, "earnings": 2941050000}, {"date": 2019, "revenue": 9672020000, "earnings": 2907960000}, {"date": 2020, "revenue": 10581830000, "earnings": 2964970000}], "quarterly": [{"date": "1Q2020", "revenue": 2440850000, "earnings": 562720000}, {"date": "2Q2020", "revenue": 2880820000, "earnings": 890180000}, {"date": "3Q2020", "revenue": 3252670000, "earnings": 1077200000}, {"date": "4Q2020", "revenue": 3050420000, "earnings": 901500000}]}, "financialCurrency": "INR"}, "financialData": {"maxAge": 86400, "currentPrice": 601.95, "targetHighPrice": 910.0, "targetLowPrice": 770.0, "targetMeanPrice": 867.0, "targetMedianPrice": 885.0, "recommendationMean": 1.8, "recommendationKey": "buy", "numberOfAnalystOpinions": 5, "totalCash": 2052600064, "totalCashPerShare": 15.118, "ebitda": 4077092608, "totalDebt": 88210000, "totalRevenue": 11624760320, "debtToEquity": 0.622, "revenuePerShare": 85.548, "grossProfits": 8829170000, "earningsGrowth": 0.438, "revenueGrowth": 0.165, "grossMargins": 0.81189, "ebitdaMargins": 0.35072, "operatingMargins": 0.3193, "profitMargins": 0.2952, "financialCurrency": "INR"}}}