{"ERIS.BO": {"recommendationTrend": {"trend": [{"period": "0m", "strongBuy": 0, "buy": 0, "hold": 0, "sell": 0, "strongSell": 0}, {"period": "-1m", "strongBuy": 0, "buy": 0, "hold": 0, "sell": 0, "strongSell": 0}, {"period": "-2m", "strongBuy": 0, "buy": 0, "hold": 0, "sell": 0, "strongSell": 0}, {"period": "-3m", "strongBuy": 0, "buy": 0, "hold": 0, "sell": 0, "strongSell": 0}], "maxAge": 86400}, "cashflowStatementHistory": {"cashflowStatements": [{"maxAge": 1, "endDate": "2020-03-31", "netIncome": 2964970000, "depreciation": 498550000, "changeToNetincome": -229390000, "changeToAccountReceivables": -747860000, "changeToLiabilities": 159340000, "changeToInventory": 131780000, "changeToOperatingActivities": -70320000, "totalCashFromOperatingActivities": 2711100000, "capitalExpenditures": -1512820000, "investments": 2879910000, "otherCashflowsFromInvestingActivities": 12950000, "totalCashflowsFromInvestingActivities": 1232880000, "dividendsPaid": -389690000, "netBorrowings": -1841100000, "otherCashflowsFromFinancingActivities": -115120000, "totalCashFromFinancingActivities": -3345910000, "changeInCash": 598070000, "repurchaseOfStock": -1000000000}, {"maxAge": 1, "endDate": "2019-03-31", "netIncome": 2907960000, "depreciation": 360510000, "changeToNetincome": -509160000, "changeToAccountReceivables": -175540000, "changeToLiabilities": -66580000, "changeToInventory": -172050000, "changeToOperatingActivities": -118210000, "totalCashFromOperatingActivities": 2229960000, "capitalExpenditures": -380020000, "investments": 349630000, "otherCashflowsFromInvestingActivities": 85610000, "totalCashflowsFromInvestingActivities": -50510000, "dividendsPaid": -389690000, "netBorrowings": -2002140000, "otherCashflowsFromFinancingActivities": -217310000, "totalCashFromFinancingActivities": -2210530000, "changeInCash": -31080000, "repurchaseOfStock": -1000000000, "issuanceOfStock": 8920000}, {"maxAge": 1, "endDate": "2018-03-31", "netIncome": 2941050000, "depreciation": 253850000, "changeToNetincome": -629580000, "changeToAccountReceivables": -91590000, "changeToLiabilities": 270080000, "changeToInventory": 4160000, "changeToOperatingActivities": -404190000, "totalCashFromOperatingActivities": 2346350000, "capitalExpenditures": -250960000, "investments": -380610000, "otherCashflowsFromInvestingActivities": 13490000, "totalCashflowsFromInvestingActivities": -5900970000, "dividendsPaid": -389690000, "netBorrowings": 3734740000, "otherCashflowsFromFinancingActivities": -102620000, "totalCashFromFinancingActivities": 3632120000, "changeInCash": 82650000, "repurchaseOfStock": -1000000000, "issuanceOfStock": 8920000}, {"maxAge": 1, "endDate": "2017-03-31", "netIncome": 2467850000, "depreciation": 225590000, "changeToNetincome": -528890000, "changeToAccountReceivables": -138360000, "changeToLiabilities": 84280000, "changeToInventory": -33980000, "changeToOperatingActivities": -76390000, "totalCashFromOperatingActivities": 2002120000, "capitalExpenditures": -497500000, "investments": -586050000, "otherCashflowsFromInvestingActivities": 12400000, "totalCashflowsFromInvestingActivities": -1844570000, "dividendsPaid": -389690000, "netBorrowings": -65090000, "otherCashflowsFromFinancingActivities": -171540000, "totalCashFromFinancingActivities": -236630000, "changeInCash": -65250000, "repurchaseOfStock": -1000000000, "issuanceOfStock": 8920000}], "maxAge": 86400}, "institutionOwnership": {"ownershipList": [], "maxAge": 1}, "balanceSheetHistoryQuarterly": {"balanceSheetStatements": [{"maxAge": 1, "endDate": "2020-06-30", "totalStockholderEquity": 12963340000, "netTangibleAssets": 5043910000}, {"maxAge": 1, "endDate": "2020-03-31", "cash": 673070000, "shortTermInvestments": 20000, "netReceivables": 2069080000, "inventory": 694750000, "otherCurrentAssets": 551480000, "totalCurrentAssets": 4796170000, "longTermInvestments": 32040000, "propertyPlantEquipment": 872790000, "goodWill": 934740000, "intangibleAssets": 6984690000, "otherAssets": 1902620000, "deferredLongTermAssetCharges": 1709110000, "totalAssets": 15523050000, "accountsPayable": 1000510000, "otherCurrentLiab": 306130000, "otherLiab": 851370000, "totalCurrentLiabilities": 1646900000, "totalLiab": 2559710000, "commonStock": 135780000, "retainedEarnings": 12797280000, "treasuryStock": 30280000, "otherStockholderEquity": 30280000, "totalStockholderEquity": 12963340000, "netTangibleAssets": 5043910000}, {"maxAge": 1, "endDate": "2019-12-31", "totalStockholderEquity": 13238820000, "netTangibleAssets": 6218630000}, {"maxAge": 1, "endDate": "2019-09-30", "cash": 122890000, "shortTermInvestments": 2358730000, "netReceivables": 1408280000, "inventory": 720910000, "otherCurrentAssets": 703740000, "totalCurrentAssets": 5314550000, "longTermInvestments": 477300000, "propertyPlantEquipment": 951040000, "goodWill": 935870000, "intangibleAssets": 6084320000, "otherAssets": 1741810000, "deferredLongTermAssetCharges": 1591880000, "totalAssets": 15504890000, "accountsPayable": 729480000, "shortLongTermDebt": 136110000, "otherCurrentLiab": 436400000, "longTermDebt": 1780000, "otherLiab": 794810000, "totalCurrentLiabilities": 1388150000, "totalLiab": 2266070000, "commonStock": 137520000, "treasuryStock": 13101300000, "otherStockholderEquity": 13101300000, "totalStockholderEquity": 13238820000, "netTangibleAssets": 6218630000}], "maxAge": 86400}, "earningsHistory": {"history": [{"maxAge": 1, "epsActual": {}, "epsEstimate": {}, "epsDifference": {}, "surprisePercent": {}, "quarter": {}, "period": "-4q"}, {"maxAge": 1, "epsActual": {}, "epsEstimate": {}, "epsDifference": {}, "surprisePercent": {}, "quarter": {}, "period": "-3q"}, {"maxAge": 1, "epsActual": {}, "epsEstimate": {}, "epsDifference": {}, "surprisePercent": {}, "quarter": {}, "period": "-2q"}, {"maxAge": 1, "epsActual": 6.2, "epsEstimate": 6.21, "epsDifference": -0.01, "surprisePercent": -0.002, "quarter": "2018-09-30", "period": "-1q"}], "maxAge": 86400}, "indexTrend": {"maxAge": 1, "symbol": "SP5", "peRatio": 19.7411, "pegRatio": 1.34172, "estimates": [{"period": "0q", "growth": 0.549}, {"period": "+1q", "growth": 0.431}, {"period": "0y", "growth": 0.305}, {"period": "+1y", "growth": 0.109}, {"period": "+5y", "growth": 0.120865}, {"period": "-5y"}]}, "industryTrend": {"maxAge": 1, "symbol": null, "estimates": []}, "insiderTransactions": {"transactions": [{"maxAge": 1, "shares": 1800000, "value": 13142340, "filerUrl": "", "transactionText": "Sale at price 7.30 per share.", "filerName": "Shah (Himanshu Jayantbhai)", "filerRelation": "UNREPORTED", "moneyText": "", "startDate": "2020-09-25", "ownership": "D"}, {"maxAge": 1, "shares": 1900000, "filerUrl": "", "transactionText": "", "filerName": "Shah (Himanshu Jayantbhai)", "filerRelation": "UNREPORTED", "moneyText": "", "startDate": "2020-03-27", "ownership": "D"}, {"maxAge": 1, "shares": 185000, "filerUrl": "", "transactionText": "", "filerName": "Bakshi (Amit)", "filerRelation": "Chairman of the Board", "moneyText": "", "startDate": "2019-05-24", "ownership": "D"}, {"maxAge": 1, "shares": 81333, "filerUrl": "", "transactionText": "", "filerName": "Bakshi (Amit)", "filerRelation": "Chairman of the Board", "moneyText": "", "startDate": "2019-02-01", "ownership": "D"}, {"maxAge": 1, "shares": 1183, "filerUrl": "", "transactionText": "", "filerName": "Bakshi (Amit)", "filerRelation": "Chairman of the Board", "moneyText": "", "startDate": "2018-12-05", "ownership": "D"}, {"maxAge": 1, "shares": 711, "filerUrl": "", "transactionText": "", "filerName": "Bakshi (Amit)", "filerRelation": "Chairman of the Board", "moneyText": "", "startDate": "2018-11-30", "ownership": "D"}, {"maxAge": 1, "shares": 16400, "filerUrl": "", "transactionText": "", "filerName": "Bakshi (Amit)", "filerRelation": "Chairman of the Board", "moneyText": "", "startDate": "2018-11-29", "ownership": "D"}, {"maxAge": 1, "shares": 65500, "filerUrl": "", "transactionText": "", "filerName": "Bakshi (Amit)", "filerRelation": "Chairman of the Board", "moneyText": "", "startDate": "2018-11-21", "ownership": "D"}, {"maxAge": 1, "shares": 14737, "filerUrl": "", "transactionText": "", "filerName": "Bakshi (Amit)", "filerRelation": "Chairman of the Board", "moneyText": "", "startDate": "2018-11-20", "ownership": "D"}, {"maxAge": 1, "shares": 4468, "filerUrl": "", "transactionText": "", "filerName": "Bakshi (Amit)", "filerRelation": "Chairman of the Board", "moneyText": "", "startDate": "2018-11-15", "ownership": "D"}, {"maxAge": 1, "shares": 57591, "filerUrl": "", "transactionText": "", "filerName": "Bakshi (Amit)", "filerRelation": "Chairman of the Board", "moneyText": "", "startDate": "2018-11-13", "ownership": "D"}, {"maxAge": 1, "shares": 10785, "filerUrl": "", "transactionText": "", "filerName": "Shah (Sachin)", "filerRelation": "Chief Financial Officer", "moneyText": "", "startDate": "2018-11-12", "ownership": "D"}, {"maxAge": 1, "shares": 4988, "filerUrl": "", "transactionText": "", "filerName": "Sharma (Sabyasachi)", "filerRelation": "UNREPORTED", "moneyText": "", "startDate": "2018-08-16", "ownership": "D"}, {"maxAge": 1, "shares": 3325, "filerUrl": "", "transactionText": "", "filerName": "Shah (Sachin)", "filerRelation": "UNREPORTED", "moneyText": "", "startDate": "2018-04-21", "ownership": "D"}], "maxAge": 1}, "quoteType": {"exchange": "BSE", "quoteType": "EQUITY", "symbol": "ERIS.BO", "underlyingSymbol": "ERIS.BO", "shortName": "Eris Lifesciences Limited", "longName": "Eris Lifesciences Limited", "firstTradeDateEpochUtc": "2017-06-29 09:15:00", "timeZoneFullName": "Asia/Kolkata", "timeZoneShortName": "IST", "uuid": "76106230-6a3d-3383-b0c8-36558799f5e4", "gmtOffSetMilliseconds": 19800000, "maxAge": 1}, "incomeStatementHistory": {"incomeStatementHistory": [{"maxAge": 1, "endDate": "2020-03-31", "totalRevenue": 10581830000, "costOfRevenue": 1752660000, "grossProfit": 8829170000, "researchDevelopment": {}, "sellingGeneralAdministrative": 2522880000, "nonRecurring": {}, "otherOperatingExpenses": 2585190000, "totalOperatingExpenses": 7363310000, "operatingIncome": 3218520000, "totalOtherIncomeExpenseNet": 94980000, "ebit": 3218520000, "interestExpense": -21620000, "incomeBeforeTax": 3313500000, "incomeTaxExpense": 348430000, "minorityInterest": {}, "netIncomeFromContinuingOps": 2965070000, "discontinuedOperations": {}, "extraordinaryItems": {}, "effectOfAccountingCharges": {}, "otherItems": {}, "netIncome": 2964970000, "netIncomeApplicableToCommonShares": 2964970000}, {"maxAge": 1, "endDate": "2019-03-31", "totalRevenue": 9672020000, "costOfRevenue": 1576160000, "grossProfit": 8095860000, "researchDevelopment": {}, "sellingGeneralAdministrative": 2452960000, "nonRecurring": {}, "otherOperatingExpenses": 2190550000, "totalOperatingExpenses": 6583210000, "operatingIncome": 3088810000, "totalOtherIncomeExpenseNet": 84770000, "ebit": 3088810000, "interestExpense": -228950000, "incomeBeforeTax": 3173580000, "incomeTaxExpense": 262110000, "minorityInterest": 183110000, "netIncomeFromContinuingOps": 2911470000, "discontinuedOperations": {}, "extraordinaryItems": {}, "effectOfAccountingCharges": {}, "otherItems": {}, "netIncome": 2907960000, "netIncomeApplicableToCommonShares": 2907960000}, {"maxAge": 1, "endDate": "2018-03-31", "totalRevenue": 8195950000, "costOfRevenue": 1295370000, "grossProfit": 6900580000, "researchDevelopment": {}, "sellingGeneralAdministrative": 2027440000, "nonRecurring": {}, "otherOperatingExpenses": 1617040000, "totalOperatingExpenses": 5196270000, "operatingIncome": 2999680000, "totalOtherIncomeExpenseNet": 122610000, "ebit": 2999680000, "interestExpense": -105500000, "incomeBeforeTax": 3122290000, "incomeTaxExpense": 172510000, "minorityInterest": 246650000, "netIncomeFromContinuingOps": 2949780000, "discontinuedOperations": {}, "extraordinaryItems": {}, "effectOfAccountingCharges": {}, "otherItems": {}, "netIncome": 2941050000, "netIncomeApplicableToCommonShares": 2941050000}, {"maxAge": 1, "endDate": "2017-03-31", "totalRevenue": 7205290000, "costOfRevenue": 794040000, "grossProfit": 6411250000, "researchDevelopment": {}, "sellingGeneralAdministrative": 1736600000, "nonRecurring": {}, "otherOperatingExpenses": 1982110000, "totalOperatingExpenses": 4740360000, "operatingIncome": 2464930000, "totalOtherIncomeExpenseNet": 238940000, "ebit": 2464930000, "interestExpense": -10330000, "incomeBeforeTax": 2703870000, "incomeTaxExpense": 237800000, "minorityInterest": 237930000, "netIncomeFromContinuingOps": 2466070000, "discontinuedOperations": {}, "extraordinaryItems": {}, "effectOfAccountingCharges": {}, "otherItems": {}, "netIncome": 2467850000, "netIncomeApplicableToCommonShares": 2467850000}], "maxAge": 86400}, "fundOwnership": {"ownershipList": [{"maxAge": 1, "reportDate": "2020-06-30", "organization": "Morgan Stanley India Investment Fund", "pctHeld": 0.0077, "position": 1043398, "value": 476885055}, {"maxAge": 1, "reportDate": "2020-08-31", "organization": "iShares MSCI India Small Cap ETF", "pctHeld": 0.00059999997, "position": 75921, "value": 36601514}, {"maxAge": 1, "reportDate": "2020-07-31", "organization": "DFA Emerging Markets Small Cap Series", "pctHeld": 0.00059999997, "position": 75063, "value": 36904723}, {"maxAge": 1, "reportDate": "2020-06-30", "organization": "College Retirement Equities Fund-Stock Account", "pctHeld": 0.0002, "position": 32169, "value": 14702841}, {"maxAge": 1, "reportDate": "2020-08-31", "organization": "SPDR (R) Idx Shares-SPDR (R) Emerging Markets Small Cap ETF", "pctHeld": 0.0001, "position": 17793, "value": 8578005}, {"maxAge": 1, "reportDate": "2020-07-31", "organization": "DFA Emerging Markets Core Equity Portfolio", "pctHeld": 0.0001, "position": 16839, "value": 8278894}, {"maxAge": 1, "reportDate": "2020-08-31", "organization": "iShares MSCI Emerging Markets Small Cap ETF", "pctHeld": 0.0001, "position": 13631, "value": 6571505}, {"maxAge": 1, "reportDate": "2020-07-31", "organization": "DFA Emerging Markets Sustainability Core 1 Portfolio", "pctHeld": 0.0001, "position": 6849, "value": 3367310}], "maxAge": 1}, "summaryDetail": {"maxAge": 1, "priceHint": 2, "previousClose": 601.2, "open": 601.2, "dayLow": 595.1, "dayHigh": 603.95, "regularMarketPreviousClose": 601.2, "regularMarketOpen": 601.2, "regularMarketDayLow": 595.1, "regularMarketDayHigh": 603.95, "trailingPE": 27.264057, "forwardPE": 20.551182, "volume": 3740, "regularMarketVolume": 3740, "averageVolume": 10401, "averageVolume10days": 10184, "averageDailyVolume10Day": 10184, "bid": 603.0, "ask": 611.55, "bidSize": 0, "askSize": 0, "marketCap": 81509326848, "fiftyTwoWeekLow": 341.05, "fiftyTwoWeekHigh": 642.5, "fiftyDayAverage": 596.3939, "twoHundredDayAverage": 531.4897, "trailingAnnualDividendRate": 2.87, "trailingAnnualDividendYield": 0.0047737854, "currency": "INR", "fromCurrency": null, "lastMarket": null, "algorithm": null, "tradeable": false}, "sectorTrend": {"maxAge": 1, "symbol": null, "estimates": []}, "incomeStatementHistoryQuarterly": {"incomeStatementHistory": [{"maxAge": 1, "endDate": "2020-06-30", "totalRevenue": 2880820000, "costOfRevenue": 575840000, "grossProfit": 2304980000, "researchDevelopment": {}, "sellingGeneralAdministrative": 570970000, "nonRecurring": {}, "otherOperatingExpenses": 693360000, "totalOperatingExpenses": 1943790000, "operatingIncome": 937030000, "totalOtherIncomeExpenseNet": 9340000, "ebit": 937030000, "interestExpense": -4050000, "incomeBeforeTax": 946370000, "incomeTaxExpense": 56190000, "minorityInterest": {}, "netIncomeFromContinuingOps": 890180000, "discontinuedOperations": {}, "extraordinaryItems": {}, "effectOfAccountingCharges": {}, "otherItems": {}, "netIncome": 890180000, "netIncomeApplicableToCommonShares": 890180000}, {"maxAge": 1, "endDate": "2020-03-31", "totalRevenue": 2440850000, "costOfRevenue": 408340000, "grossProfit": 2032510000, "researchDevelopment": {}, "sellingGeneralAdministrative": 1021990000, "nonRecurring": {}, "otherOperatingExpenses": 200820000, "totalOperatingExpenses": 1774330000, "operatingIncome": 666520000, "totalOtherIncomeExpenseNet": -51560000, "ebit": 666520000, "interestExpense": -3540000, "incomeBeforeTax": 614960000, "incomeTaxExpense": 52240000, "minorityInterest": {}, "netIncomeFromContinuingOps": 562720000, "discontinuedOperations": {}, "extraordinaryItems": {}, "effectOfAccountingCharges": {}, "otherItems": {}, "netIncome": 562720000, "netIncomeApplicableToCommonShares": 562720000}, {"maxAge": 1, "endDate": "2019-12-31", "totalRevenue": 2617530000, "costOfRevenue": 428180000, "grossProfit": 2189350000, "researchDevelopment": {}, "sellingGeneralAdministrative": 524290000, "nonRecurring": {}, "otherOperatingExpenses": 897250000, "totalOperatingExpenses": 1976700000, "operatingIncome": 640830000, "totalOtherIncomeExpenseNet": 80770000, "ebit": 640830000, "interestExpense": -3890000, "incomeBeforeTax": 721600000, "incomeTaxExpense": 86910000, "minorityInterest": {}, "netIncomeFromContinuingOps": 634690000, "discontinuedOperations": {}, "extraordinaryItems": {}, "effectOfAccountingCharges": {}, "otherItems": {}, "netIncome": 634690000, "netIncomeApplicableToCommonShares": 634690000}, {"maxAge": 1, "endDate": "2019-09-30", "totalRevenue": 2804560000, "costOfRevenue": 457210000, "grossProfit": 2347350000, "researchDevelopment": {}, "sellingGeneralAdministrative": 505110000, "nonRecurring": {}, "otherOperatingExpenses": 743790000, "totalOperatingExpenses": 1823420000, "operatingIncome": 981140000, "totalOtherIncomeExpenseNet": 46560000, "ebit": 981140000, "interestExpense": -5140000, "incomeBeforeTax": 1027700000, "incomeTaxExpense": 100590000, "minorityInterest": {}, "netIncomeFromContinuingOps": 927110000, "discontinuedOperations": {}, "extraordinaryItems": {}, "effectOfAccountingCharges": {}, "otherItems": {}, "netIncome": 927110000, "netIncomeApplicableToCommonShares": 927110000}], "maxAge": 86400}, "cashflowStatementHistoryQuarterly": {"cashflowStatements": [{"maxAge": 1, "endDate": "2020-06-30", "netIncome": 890180000, "changeToLiabilities": 0}, {"maxAge": 1, "endDate": "2020-03-31", "netIncome": 562720000, "changeToLiabilities": 0}, {"maxAge": 1, "endDate": "2019-12-31", "netIncome": 634690000, "changeToLiabilities": 0}, {"maxAge": 1, "endDate": "2019-09-30", "netIncome": 927110000, "changeToLiabilities": 0}], "maxAge": 86400}, "insiderHolders": {"holders": [{"maxAge": 1, "name": "Bakshi (Amit)", "relation": "Chairman of the Board", "url": "", "transactionDescription": "Acquisition", "latestTransDate": "2019-05-24", "positionDirect": 54698423, "positionDirectDate": "2019-05-24"}, {"maxAge": 1, "name": "Shah (Himanshu Jayantbhai)", "relation": "UNREPORTED", "url": "", "transactionDescription": "Sale", "latestTransDate": "2020-09-25", "positionDirect": 2584500, "positionDirectDate": "2020-09-25"}, {"maxAge": 1, "name": "Shah (Sachin)", "relation": "Chief Financial Officer", "url": "", "transactionDescription": "Acquisition", "latestTransDate": "2018-11-12", "positionDirect": 15022, "positionDirectDate": "2018-11-12"}, {"maxAge": 1, "name": "Sharma (Sabyasachi)", "relation": "UNREPORTED", "url": "", "transactionDescription": "Other", "latestTransDate": "2018-08-16", "positionDirect": 4998, "positionDirectDate": "2018-08-16"}], "maxAge": 1}, "earnings": {"maxAge": 86400, "earningsChart": {"quarterly": [{"date": "3Q2018", "actual": 6.2, "estimate": 6.21}], "currentQuarterEstimateDate": "4Q", "currentQuarterEstimateYear": 2018, "earningsDate": ["2020-08-04 05:30:S"]}, "financialsChart": {"yearly": [{"date": 2017, "revenue": 7205290000, "earnings": 2467850000}, {"date": 2018, "revenue": 8195950000, "earnings": 2941050000}, {"date": 2019, "revenue": 9672020000, "earnings": 2907960000}, {"date": 2020, "revenue": 10581830000, "earnings": 2964970000}], "quarterly": [{"date": "3Q2019", "revenue": 2804560000, "earnings": 927110000}, {"date": "4Q2019", "revenue": 2617530000, "earnings": 634690000}, {"date": "1Q2020", "revenue": 2440850000, "earnings": 562720000}, {"date": "2Q2020", "revenue": 2880820000, "earnings": 890180000}]}, "financialCurrency": "INR"}, "calendarEvents": {"maxAge": 1, "earnings": {"earningsDate": ["2020-08-04 05:30:S"]}}, "upgradeDowngradeHistory": {"history": [], "maxAge": 86400}, "price": {"maxAge": 1, "regularMarketChangePercent": -0.0014970466, "regularMarketChange": -0.9000244, "regularMarketTime": "2021-04-30 15:45:08", "priceHint": 2, "regularMarketPrice": 600.3, "regularMarketDayHigh": 603.95, "regularMarketDayLow": 595.1, "regularMarketVolume": 3740, "averageDailyVolume10Day": 10184, "averageDailyVolume3Month": 10401, "regularMarketPreviousClose": 601.2, "regularMarketSource": "FREE_REALTIME", "regularMarketOpen": 601.2, "exchange": "BSE", "exchangeName": "BSE", "exchangeDataDelayedBy": 0, "marketState": "CLOSED", "quoteType": "EQUITY", "symbol": "ERIS.BO", "underlyingSymbol": null, "shortName": "Eris Lifesciences Limited", "longName": "Eris Lifesciences Limited", "currency": "INR", "quoteSourceName": "Delayed Quote", "currencySymbol": "\u20b9", "fromCurrency": null, "lastMarket": null, "marketCap": 81509326848}, "balanceSheetHistory": {"balanceSheetStatements": [{"maxAge": 1, "endDate": "2020-03-31", "cash": 673070000, "shortTermInvestments": 20000, "netReceivables": 2069080000, "inventory": 694750000, "otherCurrentAssets": 551480000, "totalCurrentAssets": 4796170000, "longTermInvestments": 32040000, "propertyPlantEquipment": 872790000, "goodWill": 934740000, "intangibleAssets": 6984690000, "otherAssets": 1902620000, "deferredLongTermAssetCharges": 1709110000, "totalAssets": 15523050000, "accountsPayable": 1000510000, "otherCurrentLiab": 306130000, "otherLiab": 851370000, "totalCurrentLiabilities": 1646900000, "totalLiab": 2559710000, "commonStock": 135780000, "retainedEarnings": 12797280000, "treasuryStock": 30280000, "otherStockholderEquity": 30280000, "totalStockholderEquity": 12963340000, "netTangibleAssets": 5043910000}, {"maxAge": 1, "endDate": "2019-03-31", "cash": 75000000, "shortTermInvestments": 20000, "netReceivables": 1368010000, "inventory": 826530000, "otherCurrentAssets": 329000000, "totalCurrentAssets": 5817790000, "longTermInvestments": 409120000, "propertyPlantEquipment": 560710000, "goodWill": 935870000, "intangibleAssets": 6136080000, "otherAssets": 1677050000, "deferredLongTermAssetCharges": 1447940000, "totalAssets": 15536620000, "accountsPayable": 841250000, "shortLongTermDebt": 1761300000, "otherCurrentLiab": 200250000, "longTermDebt": 2930000, "otherLiab": 790030000, "minorityInterest": 183110000, "totalCurrentLiabilities": 3055370000, "totalLiab": 3848330000, "commonStock": 137520000, "retainedEarnings": 11342220000, "treasuryStock": 11950000, "capitalSurplus": 13490000, "otherStockholderEquity": 11950000, "totalStockholderEquity": 11505180000, "netTangibleAssets": 4433230000}, {"maxAge": 1, "endDate": "2018-03-31", "cash": 106080000, "netReceivables": 1083880000, "inventory": 654480000, "otherCurrentAssets": 168030000, "totalCurrentAssets": 2987070000, "longTermInvestments": 2716100000, "propertyPlantEquipment": 526120000, "goodWill": 934740000, "intangibleAssets": 6250060000, "otherAssets": 1186760000, "deferredLongTermAssetCharges": 1005670000, "totalAssets": 14600850000, "accountsPayable": 907740000, "shortLongTermDebt": 1026040000, "otherCurrentLiab": 178610000, "longTermDebt": 2741950000, "otherLiab": 744580000, "minorityInterest": 246650000, "totalCurrentLiabilities": 2254600000, "totalLiab": 5741130000, "commonStock": 137500000, "retainedEarnings": 8475570000, "totalStockholderEquity": 8613070000, "netTangibleAssets": 1428270000}, {"maxAge": 1, "endDate": "2017-03-31", "cash": 23430000, "netReceivables": 558630000, "inventory": 558190000, "otherCurrentAssets": 107230000, "totalCurrentAssets": 2160420000, "longTermInvestments": 2130520000, "propertyPlantEquipment": 557510000, "goodWill": 378110000, "intangibleAssets": 1381590000, "otherAssets": 658390000, "deferredLongTermAssetCharges": 498930000, "totalAssets": 7266540000, "accountsPayable": 385170000, "shortLongTermDebt": 1540000, "otherCurrentLiab": 201820000, "longTermDebt": 4940000, "otherLiab": 594130000, "minorityInterest": 237930000, "totalCurrentLiabilities": 758180000, "totalLiab": 1357250000, "commonStock": 137500000, "retainedEarnings": 5533860000, "totalStockholderEquity": 5671360000, "netTangibleAssets": 3911660000}], "maxAge": 86400}, "earningsTrend": {"trend": [{"maxAge": 1, "period": "0q", "endDate": "2018-12-31", "growth": {}, "earningsEstimate": {"avg": 0.0, "low": 0.0, "high": 0.0, "yearAgoEps": {}, "numberOfAnalysts": 0, "growth": {}}, "revenueEstimate": {"avg": 0, "low": 0, "high": 0, "numberOfAnalysts": 0, "yearAgoRevenue": {}, "growth": {}}, "epsTrend": {"current": 0.0, "7daysAgo": 0.0, "30daysAgo": 0.0, "60daysAgo": 0.0, "90daysAgo": 0.0}, "epsRevisions": {"upLast7days": 0, "upLast30days": 0, "downLast30days": 0, "downLast90days": {}}}, {"maxAge": 1, "period": "+1q", "endDate": "2019-03-31", "growth": {}, "earningsEstimate": {"avg": 0.0, "low": 0.0, "high": 0.0, "yearAgoEps": {}, "numberOfAnalysts": 0, "growth": {}}, "revenueEstimate": {"avg": 0, "low": 0, "high": 0, "numberOfAnalysts": 0, "yearAgoRevenue": {}, "growth": {}}, "epsTrend": {"current": 0.0, "7daysAgo": 0.0, "30daysAgo": 0.0, "60daysAgo": 0.0, "90daysAgo": 0.0}, "epsRevisions": {"upLast7days": 0, "upLast30days": 0, "downLast30days": 0, "downLast90days": {}}}, {"maxAge": 1, "period": "0y", "endDate": "2019-03-31", "growth": {}, "earningsEstimate": {"avg": 0.0, "low": 0.0, "high": 0.0, "yearAgoEps": {}, "numberOfAnalysts": 0, "growth": {}}, "revenueEstimate": {"avg": 10646300000, "low": 9839450000, "high": 11187000000, "numberOfAnalysts": 6, "yearAgoRevenue": 8556040000, "growth": 0.244}, "epsTrend": {"current": 0.0, "7daysAgo": 23.75, "30daysAgo": 23.75, "60daysAgo": 23.75, "90daysAgo": 23.75}, "epsRevisions": {"upLast7days": 0, "upLast30days": 0, "downLast30days": 0, "downLast90days": {}}}, {"maxAge": 1, "period": "+1y", "endDate": "2020-03-31", "growth": {}, "earningsEstimate": {"avg": 0.0, "low": 0.0, "high": 0.0, "yearAgoEps": {}, "numberOfAnalysts": 0, "growth": {}}, "revenueEstimate": {"avg": 12284000000, "low": 11217000000, "high": 13157000000, "numberOfAnalysts": 6, "yearAgoRevenue": 10646300000, "growth": 0.154}, "epsTrend": {"current": 0.0, "7daysAgo": 29.21, "30daysAgo": 29.21, "60daysAgo": 29.21, "90daysAgo": 29.21}, "epsRevisions": {"upLast7days": 0, "upLast30days": 0, "downLast30days": 0, "downLast90days": {}}}, {"maxAge": 1, "period": "+5y", "endDate": null, "growth": 0.16309999, "earningsEstimate": {"avg": {}, "low": {}, "high": {}, "yearAgoEps": {}, "numberOfAnalysts": {}, "growth": {}}, "revenueEstimate": {"avg": {}, "low": {}, "high": {}, "numberOfAnalysts": {}, "yearAgoRevenue": {}, "growth": {}}, "epsTrend": {"current": {}, "7daysAgo": {}, "30daysAgo": {}, "60daysAgo": {}, "90daysAgo": {}}, "epsRevisions": {"upLast7days": {}, "upLast30days": {}, "downLast30days": {}, "downLast90days": {}}}, {"maxAge": 1, "period": "-5y", "endDate": null, "growth": {}, "earningsEstimate": {"avg": {}, "low": {}, "high": {}, "yearAgoEps": {}, "numberOfAnalysts": {}, "growth": {}}, "revenueEstimate": {"avg": {}, "low": {}, "high": {}, "numberOfAnalysts": {}, "yearAgoRevenue": {}, "growth": {}}, "epsTrend": {"current": {}, "7daysAgo": {}, "30daysAgo": {}, "60daysAgo": {}, "90daysAgo": {}}, "epsRevisions": {"upLast7days": {}, "upLast30days": {}, "downLast30days": {}, "downLast90days": {}}}], "maxAge": 1}, "financialData": {"maxAge": 86400, "currentPrice": 600.3, "targetHighPrice": 879.0, "targetLowPrice": 704.0, "targetMeanPrice": 789.6, "targetMedianPrice": 830.0, "recommendationKey": "none", "numberOfAnalystOpinions": 5, "grossProfits": 8829170000, "financialCurrency": "INR"}}}