{"ESABINDIA.NS": {"assetProfile": {"address1": "Plot No. 13, Industrial Estate", "address2": "3rd Main Road Ambattur", "city": "Chennai", "zip": "600058", "country": "India", "phone": "91 44 4228 1100", "fax": "91 44 4228 1150", "website": "http://www.esabindia.com", "industry": "Tools & Accessories", "sector": "Industrials", "longBusinessSummary": "ESAB India Limited manufactures and sells welding and cutting equipment in India. The company offers gas equipment; arc gouging and exothermic cutting; welding automation and robotics; ESAB digital solutions; filler metals; arc welding equipment; plasma cutting equipment; and cutting automation products, as well as PPE products and accessories, including helmets and head protection, gloves, clothes, and eye protection products. Its products are used in shipbuilding, petrochemical, construction, transport, offshore, energy, and general engineering industries, as well as repair and maintenance of steel, mills, cement, sugar industries, etc. The company sells its products under the Arcair, Exaton, GASARC, Stoody, TBI Industries, Thermal Dynamics, Tweco, and Victor brand names. It serves in Qatar, Bangladesh, Ecuador, Vietnam, Dubai, Indonesia, Srilanka, Malaysia, Australia, Thailand, the Kingdom of Saudi Arabia, the Philippines, Singapore, South Africa, Sweden, China, Switzerland, Peru, and the United States markets. The company was founded in 1987 and is headquartered in Chennai, India.", "fullTimeEmployees": 755, "companyOfficers": [{"maxAge": 1, "name": "Mr. Rohit  Gambhir", "age": 47, "title": "MD & Exec. Director", "yearBorn": 1973, "fiscalYear": 2020, "totalPay": 18572161, "exercisedValue": 0, "unexercisedValue": 0}, {"maxAge": 1, "name": "Mr. B.  Mohan", "age": 54, "title": "CFO & VP of Fin.", "yearBorn": 1966, "exercisedValue": 0, "unexercisedValue": 0}, {"maxAge": 1, "name": "Mr. S.  Venkatakrishnan", "age": 55, "title": "Compliance Officer & Company Sec.", "yearBorn": 1965, "exercisedValue": 0, "unexercisedValue": 0}, {"maxAge": 1, "name": "Mr. Jagannathan Palle Venkata", "age": 55, "title": "VP of Operations", "yearBorn": 1965, "fiscalYear": 2018, "exercisedValue": 0, "unexercisedValue": 0}, {"maxAge": 1, "name": "Mr. Amit  Kumar De", "age": 62, "title": "VP of Sales", "yearBorn": 1958, "fiscalYear": 2018, "exercisedValue": 0, "unexercisedValue": 0}, {"maxAge": 1, "name": "Mr. Jaimon  Antony", "title": "Gen. Mang. Of Human Resource", "exercisedValue": 0, "unexercisedValue": 0}, {"maxAge": 1, "name": "V.  Parthasarathy", "age": 47, "title": "Head of Sourcing", "yearBorn": 1973, "fiscalYear": 2018, "exercisedValue": 0, "unexercisedValue": 0}, {"maxAge": 1, "name": "Debobroto  Banerjee", "age": 49, "title": "VP - M & A and Special Projects", "yearBorn": 1971, "fiscalYear": 2018, "exercisedValue": 0, "unexercisedValue": 0}, {"maxAge": 1, "name": "Vilas  Tank", "age": 41, "title": "Deputy Gen. Mang. - ESD", "yearBorn": 1979, "fiscalYear": 2018, "exercisedValue": 0, "unexercisedValue": 0}, {"maxAge": 1, "name": "Narula Anil Kumar", "age": 56, "title": "Deputy Gen. Mang. of Sales (Welding Consumables)", "yearBorn": 1964, "fiscalYear": 2018, "exercisedValue": 0, "unexercisedValue": 0}], "compensationAsOfEpochDate": "2020-12-31 05:30:00", "maxAge": 86400}, "recommendationTrend": {"trend": [{"period": "0m", "strongBuy": 0, "buy": 0, "hold": 0, "sell": 0, "strongSell": 0}, {"period": "-1m", "strongBuy": 0, "buy": 0, "hold": 0, "sell": 0, "strongSell": 0}, {"period": "-2m", "strongBuy": 0, "buy": 0, "hold": 0, "sell": 0, "strongSell": 0}, {"period": "-3m", "strongBuy": 0, "buy": 0, "hold": 0, "sell": 0, "strongSell": 0}], "maxAge": 86400}, "cashflowStatementHistory": {"cashflowStatements": [{"maxAge": 1, "endDate": "2020-03-31", "netIncome": 714100000, "depreciation": 125800000, "changeToNetincome": -66900000, "changeToAccountReceivables": -216200000, "changeToLiabilities": 52100000, "changeToInventory": -102600000, "changeToOperatingActivities": 65500000, "totalCashFromOperatingActivities": 571800000, "capitalExpenditures": -197800000, "investments": -1032100000, "otherCashflowsFromInvestingActivities": 28600000, "totalCashflowsFromInvestingActivities": -1200800000, "netBorrowings": -10600000, "otherCashflowsFromFinancingActivities": 395700000, "totalCashFromFinancingActivities": 385100000, "changeInCash": -243900000}, {"maxAge": 1, "endDate": "2019-03-31", "netIncome": 575900000, "depreciation": 107000000, "changeToNetincome": -72800000, "changeToAccountReceivables": -30900000, "changeToLiabilities": 100800000, "changeToInventory": 45800000, "changeToOperatingActivities": -51900000, "totalCashFromOperatingActivities": 673900000, "capitalExpenditures": -123800000, "investments": 1067000000, "otherCashflowsFromInvestingActivities": 64500000, "totalCashflowsFromInvestingActivities": 1019900000, "dividendsPaid": -1400800000, "netBorrowings": -10600000, "otherCashflowsFromFinancingActivities": -233600000, "totalCashFromFinancingActivities": -1634400000, "changeInCash": 59400000}, {"maxAge": 1, "endDate": "2018-03-31", "netIncome": 371500000, "depreciation": 91600000, "changeToNetincome": -49400000, "changeToAccountReceivables": -140000000, "changeToLiabilities": 165500000, "changeToInventory": -99000000, "changeToOperatingActivities": -52200000, "totalCashFromOperatingActivities": 297300000, "capitalExpenditures": -165100000, "investments": 181100000, "otherCashflowsFromInvestingActivities": 68800000, "totalCashflowsFromInvestingActivities": 87200000, "dividendsPaid": -15400000, "netBorrowings": -10600000, "otherCashflowsFromFinancingActivities": -389900000, "totalCashFromFinancingActivities": -405300000, "changeInCash": -20800000}, {"maxAge": 1, "endDate": "2017-03-31", "netIncome": 268600000, "depreciation": 94100000, "changeToNetincome": -84100000, "changeToAccountReceivables": -28800000, "changeToLiabilities": 146600000, "changeToInventory": -43700000, "changeToOperatingActivities": 3700000, "totalCashFromOperatingActivities": 365000000, "capitalExpenditures": -149100000, "investments": -167000000, "otherCashflowsFromInvestingActivities": 84400000, "totalCashflowsFromInvestingActivities": -225500000, "dividendsPaid": -15400000, "netBorrowings": -10600000, "otherCashflowsFromFinancingActivities": -3100000, "totalCashFromFinancingActivities": -18500000, "changeInCash": 121000000}], "maxAge": 86400}, "indexTrend": {"maxAge": 1, "symbol": "SP5", "peRatio": 19.7411, "pegRatio": 1.34172, "estimates": [{"period": "0q", "growth": 0.549}, {"period": "+1q", "growth": 0.431}, {"period": "0y", "growth": 0.305}, {"period": "+1y", "growth": 0.109}, {"period": "+5y", "growth": 0.120865}, {"period": "-5y"}]}, "defaultKeyStatistics": {"maxAge": 1, "priceHint": 2, "enterpriseValue": 27510958080, "profitMargins": 0.088360004, "floatShares": 3858568, "sharesOutstanding": 15393000, "heldPercentInsiders": 0.73721004, "heldPercentInstitutions": 0.21523, "beta": 0.346276, "category": null, "bookValue": 165.484, "priceToBook": 10.766298, "fundFamily": null, "legalType": null, "lastFiscalYearEnd": "2020-03-31 05:30:00", "nextFiscalYearEnd": "2022-03-31 05:30:00", "mostRecentQuarter": "2020-12-31 05:30:00", "earningsQuarterlyGrowth": -0.172, "netIncomeToCommon": 576400000, "trailingEps": 37.446, "lastSplitFactor": null, "enterpriseToRevenue": 4.217, "enterpriseToEbitda": 33.938}, "industryTrend": {"maxAge": 1, "symbol": null, "estimates": []}, "quoteType": {"exchange": "NSI", "quoteType": "EQUITY", "symbol": "ESABINDIA.NS", "underlyingSymbol": "ESABINDIA.NS", "shortName": "ESAB INDIA", "longName": "ESAB India Limited", "firstTradeDateEpochUtc": "2002-07-01 09:15:00", "timeZoneFullName": "Asia/Kolkata", "timeZoneShortName": "IST", "uuid": "a522b628-088b-38bf-a3ea-2c5a354f3047", "gmtOffSetMilliseconds": 19800000, "maxAge": 1}, "incomeStatementHistory": {"incomeStatementHistory": [{"maxAge": 1, "endDate": "2020-03-31", "totalRevenue": 7011400000, "costOfRevenue": 4415700000, "grossProfit": 2595700000, "researchDevelopment": {}, "sellingGeneralAdministrative": 755700000, "nonRecurring": {}, "otherOperatingExpenses": 831700000, "totalOperatingExpenses": 6128900000, "operatingIncome": 882500000, "totalOtherIncomeExpenseNet": 89900000, "ebit": 882500000, "interestExpense": -5000000, "incomeBeforeTax": 972400000, "incomeTaxExpense": 258300000, "minorityInterest": {}, "netIncomeFromContinuingOps": 714100000, "discontinuedOperations": {}, "extraordinaryItems": {}, "effectOfAccountingCharges": {}, "otherItems": {}, "netIncome": 714100000, "netIncomeApplicableToCommonShares": 714100000}, {"maxAge": 1, "endDate": "2019-03-31", "totalRevenue": 6743900000, "costOfRevenue": 4368700000, "grossProfit": 2375200000, "researchDevelopment": {}, "sellingGeneralAdministrative": 716400000, "nonRecurring": {}, "otherOperatingExpenses": 826400000, "totalOperatingExpenses": 6018400000, "operatingIncome": 725500000, "totalOtherIncomeExpenseNet": 115900000, "ebit": 725500000, "interestExpense": -5000000, "incomeBeforeTax": 841400000, "incomeTaxExpense": 265500000, "minorityInterest": {}, "netIncomeFromContinuingOps": 575900000, "discontinuedOperations": {}, "extraordinaryItems": {}, "effectOfAccountingCharges": {}, "otherItems": {}, "netIncome": 575900000, "netIncomeApplicableToCommonShares": 575900000}, {"maxAge": 1, "endDate": "2018-03-31", "totalRevenue": 5324700000, "costOfRevenue": 3433600000, "grossProfit": 1891100000, "researchDevelopment": {}, "sellingGeneralAdministrative": 610500000, "nonRecurring": {}, "otherOperatingExpenses": 750400000, "totalOperatingExpenses": 4895300000, "operatingIncome": 429400000, "totalOtherIncomeExpenseNet": 97000000, "ebit": 429400000, "interestExpense": -5000000, "incomeBeforeTax": 526400000, "incomeTaxExpense": 154900000, "minorityInterest": {}, "netIncomeFromContinuingOps": 371500000, "discontinuedOperations": {}, "extraordinaryItems": {}, "effectOfAccountingCharges": {}, "otherItems": {}, "netIncome": 371500000, "netIncomeApplicableToCommonShares": 371500000}, {"maxAge": 1, "endDate": "2017-03-31", "totalRevenue": 4663900000, "costOfRevenue": 2592300000, "grossProfit": 2071600000, "researchDevelopment": {}, "sellingGeneralAdministrative": 537000000, "nonRecurring": {}, "otherOperatingExpenses": 1091800000, "totalOperatingExpenses": 4323700000, "operatingIncome": 340200000, "totalOtherIncomeExpenseNet": 36500000, "ebit": 340200000, "interestExpense": -5000000, "incomeBeforeTax": 376700000, "incomeTaxExpense": 108100000, "minorityInterest": {}, "netIncomeFromContinuingOps": 268600000, "discontinuedOperations": {}, "extraordinaryItems": {}, "effectOfAccountingCharges": {}, "otherItems": {}, "netIncome": 268600000, "netIncomeApplicableToCommonShares": 268600000}], "maxAge": 86400}, "fundOwnership": {"ownershipList": [{"maxAge": 1, "reportDate": "2020-12-31", "organization": "Oberweis Emerging Markets Fund", "pctHeld": 0.00029999999, "position": 4025, "value": 7662996}, {"maxAge": 1, "reportDate": "2021-01-31", "organization": "DFA Emerging Markets Sustainability Core 1 Portfolio", "pctHeld": 0.0001, "position": 828, "value": 1445853}], "maxAge": 1}, "summaryDetail": {"maxAge": 1, "priceHint": 2, "previousClose": 1822.7, "open": 1820.0, "dayLow": 1768.0, "dayHigh": 1833.75, "regularMarketPreviousClose": 1822.7, "regularMarketOpen": 1820.0, "regularMarketDayLow": 1768.0, "regularMarketDayHigh": 1833.75, "dividendRate": 89.0, "dividendYield": 0.048800003, "exDividendDate": "2021-02-17 05:30:00", "payoutRatio": 1.8686999, "beta": 0.346276, "trailingPE": 47.57918, "volume": 7263, "regularMarketVolume": 7263, "averageVolume": 31638, "averageVolume10days": 4385, "averageDailyVolume10Day": 4385, "bid": 0.0, "ask": 0.0, "bidSize": 0, "askSize": 0, "marketCap": 27394115584, "fiftyTwoWeekLow": 997.0, "fiftyTwoWeekHigh": 2150.0, "priceToSalesTrailing12Months": 4.1993613, "fiftyDayAverage": 1864.1676, "twoHundredDayAverage": 1638.5992, "trailingAnnualDividendRate": 19.0, "trailingAnnualDividendYield": 0.010424096, "currency": "INR", "fromCurrency": null, "lastMarket": null, "algorithm": null, "tradeable": false}, "insiderHolders": {"holders": [{"maxAge": 1, "name": "Esab Holdings Ltd", "relation": "", "url": "", "transactionDescription": "Holding", "latestTransDate": "2010-07-28", "positionDirect": 8620080, "positionDirectDate": "2010-07-28"}], "maxAge": 1}, "calendarEvents": {"maxAge": 1, "earnings": {"earningsDate": []}, "exDividendDate": "2021-02-17 05:30:00"}, "upgradeDowngradeHistory": {"history": [], "maxAge": 86400}, "price": {"maxAge": 1, "regularMarketChangePercent": -0.022521494, "regularMarketChange": -41.049927, "regularMarketTime": "2021-04-30 15:30:00", "priceHint": 2, "regularMarketPrice": 1781.65, "regularMarketDayHigh": 1833.75, "regularMarketDayLow": 1768.0, "regularMarketVolume": 7263, "averageDailyVolume10Day": 4385, "averageDailyVolume3Month": 31638, "regularMarketPreviousClose": 1822.7, "regularMarketSource": "FREE_REALTIME", "regularMarketOpen": 1820.0, "exchange": "NSI", "exchangeName": "NSE", "exchangeDataDelayedBy": 15, "marketState": "CLOSED", "quoteType": "EQUITY", "symbol": "ESABINDIA.NS", "underlyingSymbol": null, "shortName": "ESAB INDIA", "longName": "ESAB India Limited", "currency": "INR", "quoteSourceName": "Delayed Quote", "currencySymbol": "\u20b9", "fromCurrency": null, "lastMarket": null, "marketCap": 27394115584}, "balanceSheetHistory": {"balanceSheetStatements": [{"maxAge": 1, "endDate": "2020-03-31", "cash": 186800000, "shortTermInvestments": 649500000, "netReceivables": 894800000, "inventory": 784100000, "otherCurrentAssets": 364800000, "totalCurrentAssets": 3603000000, "propertyPlantEquipment": 914800000, "intangibleAssets": 14700000, "otherAssets": 61600000, "deferredLongTermAssetCharges": 15300000, "totalAssets": 4594100000, "accountsPayable": 881200000, "otherCurrentLiab": 131000000, "otherLiab": 37000000, "totalCurrentLiabilities": 1145600000, "totalLiab": 1216600000, "commonStock": 153900000, "retainedEarnings": 3120400000, "treasuryStock": 10000000, "capitalSurplus": 93200000, "otherStockholderEquity": 10000000, "totalStockholderEquity": 3377500000, "netTangibleAssets": 3362800000}, {"maxAge": 1, "endDate": "2019-03-31", "cash": 385700000, "shortTermInvestments": 45000000, "netReceivables": 1044000000, "inventory": 681500000, "otherCurrentAssets": 354300000, "totalCurrentAssets": 2827000000, "longTermInvestments": 51300000, "propertyPlantEquipment": 843200000, "intangibleAssets": 19400000, "otherAssets": 98000000, "deferredLongTermAssetCharges": 14100000, "totalAssets": 3787600000, "accountsPayable": 844300000, "otherCurrentLiab": 114400000, "otherLiab": 36200000, "totalCurrentLiabilities": 1085500000, "totalLiab": 1121700000, "commonStock": 153900000, "retainedEarnings": 2408800000, "treasuryStock": 10000000, "capitalSurplus": 93200000, "otherStockholderEquity": 10000000, "totalStockholderEquity": 2665900000, "netTangibleAssets": 2646500000}, {"maxAge": 1, "endDate": "2018-03-31", "cash": 371300000, "shortTermInvestments": 95000000, "netReceivables": 1018200000, "inventory": 727300000, "otherCurrentAssets": 397300000, "totalCurrentAssets": 3873000000, "propertyPlantEquipment": 845600000, "goodWill": 6000000, "intangibleAssets": 21100000, "otherAssets": 58000000, "deferredLongTermAssetCharges": 16600000, "totalAssets": 4803700000, "accountsPayable": 744700000, "otherCurrentLiab": 131300000, "otherLiab": 28800000, "totalCurrentLiabilities": 992300000, "totalLiab": 1021100000, "commonStock": 153900000, "retainedEarnings": 3525500000, "treasuryStock": 10000000, "capitalSurplus": 93200000, "otherStockholderEquity": 10000000, "totalStockholderEquity": 3782600000, "netTangibleAssets": 3755500000}, {"maxAge": 1, "endDate": "2017-03-31", "cash": 392100000, "shortTermInvestments": 17300000, "netReceivables": 479700000, "inventory": 628300000, "otherCurrentAssets": 132400000, "totalCurrentAssets": 3139800000, "longTermInvestments": 27700000, "propertyPlantEquipment": 814100000, "intangibleAssets": 18300000, "otherAssets": 284400000, "deferredLongTermAssetCharges": 24200000, "totalAssets": 4284300000, "accountsPayable": 579200000, "otherCurrentLiab": 87900000, "otherLiab": 31700000, "totalCurrentLiabilities": 827100000, "totalLiab": 858800000, "commonStock": 153900000, "retainedEarnings": 3168400000, "treasuryStock": 10000000, "capitalSurplus": 93200000, "otherStockholderEquity": 10000000, "totalStockholderEquity": 3425500000, "netTangibleAssets": 3407200000}], "maxAge": 86400}, "earningsTrend": {"trend": [{"maxAge": 1, "period": "0q", "endDate": null, "growth": {}, "earningsEstimate": {"avg": 0.0, "low": 0.0, "high": 0.0, "yearAgoEps": {}, "numberOfAnalysts": 0, "growth": {}}, "revenueEstimate": {"avg": 0, "low": 0, "high": 0, "numberOfAnalysts": 0, "yearAgoRevenue": {}, "growth": {}}, "epsTrend": {"current": 0.0, "7daysAgo": 0.0, "30daysAgo": 0.0, "60daysAgo": 0.0, "90daysAgo": 0.0}, "epsRevisions": {"upLast7days": 0, "upLast30days": 0, "downLast30days": 0, "downLast90days": {}}}, {"maxAge": 1, "period": "+1q", "endDate": null, "growth": {}, "earningsEstimate": {"avg": 0.0, "low": 0.0, "high": 0.0, "yearAgoEps": {}, "numberOfAnalysts": 0, "growth": {}}, "revenueEstimate": {"avg": 0, "low": 0, "high": 0, "numberOfAnalysts": 0, "yearAgoRevenue": {}, "growth": {}}, "epsTrend": {"current": 0.0, "7daysAgo": 0.0, "30daysAgo": 0.0, "60daysAgo": 0.0, "90daysAgo": 0.0}, "epsRevisions": {"upLast7days": 0, "upLast30days": 0, "downLast30days": 0, "downLast90days": {}}}, {"maxAge": 1, "period": "0y", "endDate": null, "growth": {}, "earningsEstimate": {"avg": 0.0, "low": 0.0, "high": 0.0, "yearAgoEps": {}, "numberOfAnalysts": 0, "growth": {}}, "revenueEstimate": {"avg": 0, "low": 0, "high": 0, "numberOfAnalysts": 0, "yearAgoRevenue": {}, "growth": {}}, "epsTrend": {"current": 0.0, "7daysAgo": 0.0, "30daysAgo": 0.0, "60daysAgo": 0.0, "90daysAgo": 0.0}, "epsRevisions": {"upLast7days": 0, "upLast30days": 0, "downLast30days": 0, "downLast90days": {}}}, {"maxAge": 1, "period": "+1y", "endDate": null, "growth": {}, "earningsEstimate": {"avg": 0.0, "low": 0.0, "high": 0.0, "yearAgoEps": {}, "numberOfAnalysts": 0, "growth": {}}, "revenueEstimate": {"avg": 0, "low": 0, "high": 0, "numberOfAnalysts": 0, "yearAgoRevenue": {}, "growth": {}}, "epsTrend": {"current": 0.0, "7daysAgo": 0.0, "30daysAgo": 0.0, "60daysAgo": 0.0, "90daysAgo": 0.0}, "epsRevisions": {"upLast7days": 0, "upLast30days": 0, "downLast30days": 0, "downLast90days": {}}}, {"maxAge": 1, "period": "+5y", "endDate": null, "growth": {}, "earningsEstimate": {"avg": {}, "low": {}, "high": {}, "yearAgoEps": {}, "numberOfAnalysts": {}, "growth": {}}, "revenueEstimate": {"avg": {}, "low": {}, "high": {}, "numberOfAnalysts": {}, "yearAgoRevenue": {}, "growth": {}}, "epsTrend": {"current": {}, "7daysAgo": {}, "30daysAgo": {}, "60daysAgo": {}, "90daysAgo": {}}, "epsRevisions": {"upLast7days": {}, "upLast30days": {}, "downLast30days": {}, "downLast90days": {}}}, {"maxAge": 1, "period": "-5y", "endDate": null, "growth": 0.042930003, "earningsEstimate": {"avg": {}, "low": {}, "high": {}, "yearAgoEps": {}, "numberOfAnalysts": {}, "growth": {}}, "revenueEstimate": {"avg": {}, "low": {}, "high": {}, "numberOfAnalysts": {}, "yearAgoRevenue": {}, "growth": {}}, "epsTrend": {"current": {}, "7daysAgo": {}, "30daysAgo": {}, "60daysAgo": {}, "90daysAgo": {}}, "epsRevisions": {"upLast7days": {}, "upLast30days": {}, "downLast30days": {}, "downLast90days": {}}}], "maxAge": 1}, "institutionOwnership": {"ownershipList": [], "maxAge": 1}, "majorHoldersBreakdown": {"maxAge": 1, "insidersPercentHeld": 0.73721004, "institutionsPercentHeld": 0.21523, "institutionsFloatPercentHeld": 0.81903, "institutionsCount": 8}, "balanceSheetHistoryQuarterly": {"balanceSheetStatements": [{"maxAge": 1, "endDate": "2020-12-31", "totalStockholderEquity": 2547300000, "netTangibleAssets": 2538200000}, {"maxAge": 1, "endDate": "2020-09-30", "cash": 339200000, "shortTermInvestments": 241800000, "netReceivables": 1259000000, "inventory": 624700000, "otherCurrentAssets": 163800000, "totalCurrentAssets": 2628500000, "propertyPlantEquipment": 899100000, "intangibleAssets": 9100000, "otherAssets": 84100000, "deferredLongTermAssetCharges": 20200000, "totalAssets": 3620800000, "accountsPayable": 742800000, "otherCurrentLiab": 250800000, "otherLiab": 44800000, "totalCurrentLiabilities": 1007300000, "totalLiab": 1073500000, "commonStock": 153900000, "treasuryStock": 2393400000, "otherStockholderEquity": 2393400000, "totalStockholderEquity": 2547300000, "netTangibleAssets": 2538200000}, {"maxAge": 1, "endDate": "2020-06-30", "totalStockholderEquity": 3377500000, "netTangibleAssets": 3362800000}, {"maxAge": 1, "endDate": "2020-03-31", "cash": 186800000, "shortTermInvestments": 649500000, "netReceivables": 894800000, "inventory": 784100000, "otherCurrentAssets": 364800000, "totalCurrentAssets": 3603000000, "propertyPlantEquipment": 914800000, "intangibleAssets": 14700000, "otherAssets": 61600000, "deferredLongTermAssetCharges": 15300000, "totalAssets": 4594100000, "accountsPayable": 881200000, "otherCurrentLiab": 131000000, "otherLiab": 37000000, "totalCurrentLiabilities": 1145600000, "totalLiab": 1216600000, "commonStock": 153900000, "retainedEarnings": 3120400000, "treasuryStock": 10000000, "capitalSurplus": 93200000, "otherStockholderEquity": 10000000, "totalStockholderEquity": 3377500000, "netTangibleAssets": 3362800000}], "maxAge": 86400}, "earningsHistory": {"history": [{"maxAge": 1, "epsActual": {}, "epsEstimate": {}, "epsDifference": {}, "surprisePercent": {}, "quarter": {}, "period": "-4q"}, {"maxAge": 1, "epsActual": {}, "epsEstimate": {}, "epsDifference": {}, "surprisePercent": {}, "quarter": {}, "period": "-3q"}, {"maxAge": 1, "epsActual": {}, "epsEstimate": {}, "epsDifference": {}, "surprisePercent": {}, "quarter": {}, "period": "-2q"}, {"maxAge": 1, "epsActual": {}, "epsEstimate": {}, "epsDifference": {}, "surprisePercent": {}, "quarter": {}, "period": "-1q"}], "maxAge": 86400}, "summaryProfile": {"address1": "Plot No. 13, Industrial Estate", "address2": "3rd Main Road Ambattur", "city": "Chennai", "zip": "600058", "country": "India", "phone": "91 44 4228 1100", "fax": "91 44 4228 1150", "website": "http://www.esabindia.com", "industry": "Tools & Accessories", "sector": "Industrials", "longBusinessSummary": "ESAB India Limited manufactures and sells welding and cutting equipment in India. The company offers gas equipment; arc gouging and exothermic cutting; welding automation and robotics; ESAB digital solutions; filler metals; arc welding equipment; plasma cutting equipment; and cutting automation products, as well as PPE products and accessories, including helmets and head protection, gloves, clothes, and eye protection products. Its products are used in shipbuilding, petrochemical, construction, transport, offshore, energy, and general engineering industries, as well as repair and maintenance of steel, mills, cement, sugar industries, etc. The company sells its products under the Arcair, Exaton, GASARC, Stoody, TBI Industries, Thermal Dynamics, Tweco, and Victor brand names. It serves in Qatar, Bangladesh, Ecuador, Vietnam, Dubai, Indonesia, Srilanka, Malaysia, Australia, Thailand, the Kingdom of Saudi Arabia, the Philippines, Singapore, South Africa, Sweden, China, Switzerland, Peru, and the United States markets. The company was founded in 1987 and is headquartered in Chennai, India.", "fullTimeEmployees": 755, "companyOfficers": [], "maxAge": 86400}, "netSharePurchaseActivity": {"maxAge": 1, "period": "6m", "buyInfoCount": 0, "buyInfoShares": 0, "sellInfoCount": 0, "netInfoCount": 0, "netInfoShares": 0, "netPercentInsiderShares": 0.0, "totalInsiderShares": 11347889}, "insiderTransactions": {"transactions": [{"maxAge": 1, "shares": 0, "filerUrl": "", "transactionText": "", "filerName": "Esab Holdings Ltd", "filerRelation": "", "moneyText": "", "startDate": "2010-07-28", "ownership": "D"}], "maxAge": 1}, "sectorTrend": {"maxAge": 1, "symbol": null, "estimates": []}, "incomeStatementHistoryQuarterly": {"incomeStatementHistory": [{"maxAge": 1, "endDate": "2020-12-31", "totalRevenue": 1839300000, "costOfRevenue": 1201100000, "grossProfit": 638200000, "researchDevelopment": {}, "sellingGeneralAdministrative": 194500000, "nonRecurring": {}, "otherOperatingExpenses": 247200000, "totalOperatingExpenses": 1671600000, "operatingIncome": 167700000, "totalOtherIncomeExpenseNet": 29800000, "ebit": 167700000, "interestExpense": -1000000, "incomeBeforeTax": 197500000, "incomeTaxExpense": 50400000, "minorityInterest": {}, "netIncomeFromContinuingOps": 147100000, "discontinuedOperations": {}, "extraordinaryItems": {}, "effectOfAccountingCharges": {}, "otherItems": {}, "netIncome": 147100000, "netIncomeApplicableToCommonShares": 147100000}, {"maxAge": 1, "endDate": "2020-09-30", "totalRevenue": 1659400000, "costOfRevenue": 1044300000, "grossProfit": 615100000, "researchDevelopment": {}, "sellingGeneralAdministrative": 178100000, "nonRecurring": {}, "otherOperatingExpenses": 204500000, "totalOperatingExpenses": 1456300000, "operatingIncome": 203100000, "totalOtherIncomeExpenseNet": 35300000, "ebit": 203100000, "interestExpense": -1000000, "incomeBeforeTax": 238400000, "incomeTaxExpense": 61500000, "minorityInterest": {}, "netIncomeFromContinuingOps": 176900000, "discontinuedOperations": {}, "extraordinaryItems": {}, "effectOfAccountingCharges": {}, "otherItems": {}, "netIncome": 176900000, "netIncomeApplicableToCommonShares": 176900000}, {"maxAge": 1, "endDate": "2020-06-30", "totalRevenue": 1243100000, "costOfRevenue": 826700000, "grossProfit": 416400000, "researchDevelopment": {}, "sellingGeneralAdministrative": 175900000, "nonRecurring": {}, "otherOperatingExpenses": 142300000, "totalOperatingExpenses": 1176200000, "operatingIncome": 66900000, "totalOtherIncomeExpenseNet": 28700000, "ebit": 66900000, "interestExpense": -1200000, "incomeBeforeTax": 95600000, "incomeTaxExpense": 23900000, "minorityInterest": {}, "netIncomeFromContinuingOps": 71700000, "discontinuedOperations": {}, "extraordinaryItems": {}, "effectOfAccountingCharges": {}, "otherItems": {}, "netIncome": 71700000, "netIncomeApplicableToCommonShares": 71700000}, {"maxAge": 1, "endDate": "2020-03-31", "totalRevenue": 1781600000, "costOfRevenue": 1121000000, "grossProfit": 660600000, "researchDevelopment": {}, "sellingGeneralAdministrative": 191300000, "nonRecurring": {}, "otherOperatingExpenses": 179700000, "totalOperatingExpenses": 1521800000, "operatingIncome": 259800000, "totalOtherIncomeExpenseNet": -3800000, "ebit": 259800000, "interestExpense": -1600000, "incomeBeforeTax": 256000000, "incomeTaxExpense": 75300000, "minorityInterest": {}, "netIncomeFromContinuingOps": 180700000, "discontinuedOperations": {}, "extraordinaryItems": {}, "effectOfAccountingCharges": {}, "otherItems": {}, "netIncome": 180700000, "netIncomeApplicableToCommonShares": 180700000}], "maxAge": 86400}, "cashflowStatementHistoryQuarterly": {"cashflowStatements": [{"maxAge": 1, "endDate": "2020-12-31", "netIncome": 147100000, "changeToLiabilities": 0}, {"maxAge": 1, "endDate": "2020-09-30", "netIncome": 176900000, "changeToLiabilities": 0}, {"maxAge": 1, "endDate": "2020-06-30", "netIncome": 71700000, "changeToLiabilities": 0}, {"maxAge": 1, "endDate": "2020-03-31", "netIncome": 180700000, "changeToLiabilities": 0}], "maxAge": 86400}, "earnings": {"maxAge": 86400, "earningsChart": {"quarterly": [], "earningsDate": []}, "financialsChart": {"yearly": [{"date": 2017, "revenue": 4663900000, "earnings": 268600000}, {"date": 2018, "revenue": 5324700000, "earnings": 371500000}, {"date": 2019, "revenue": 6743900000, "earnings": 575900000}, {"date": 2020, "revenue": 7011400000, "earnings": 714100000}], "quarterly": [{"date": "1Q2020", "revenue": 1781600000, "earnings": 180700000}, {"date": "2Q2020", "revenue": 1243100000, "earnings": 71700000}, {"date": "3Q2020", "revenue": 1659400000, "earnings": 176900000}, {"date": "4Q2020", "revenue": 1839300000, "earnings": 147100000}]}, "financialCurrency": "INR"}, "financialData": {"maxAge": 86400, "currentPrice": 1781.65, "targetHighPrice": 440.0, "targetLowPrice": 440.0, "targetMeanPrice": 440.0, "targetMedianPrice": 440.0, "recommendationMean": 2.0, "recommendationKey": "buy", "numberOfAnalystOpinions": 1, "totalCash": 581000000, "totalCashPerShare": 37.744, "ebitda": 810625024, "totalDebt": 35100000, "totalRevenue": 6523400192, "debtToEquity": 1.378, "revenuePerShare": 423.789, "grossProfits": 2595700000, "earningsGrowth": -0.172, "revenueGrowth": 0.087, "grossMargins": 0.35722, "ebitdaMargins": 0.12425999, "operatingMargins": 0.106920004, "profitMargins": 0.088360004, "financialCurrency": "INR"}}}