{"ESABINDIA.BO": {"recommendationTrend": {"trend": [{"period": "0m", "strongBuy": 0, "buy": 0, "hold": 0, "sell": 0, "strongSell": 0}, {"period": "-1m", "strongBuy": 0, "buy": 0, "hold": 0, "sell": 0, "strongSell": 0}, {"period": "-2m", "strongBuy": 0, "buy": 0, "hold": 0, "sell": 0, "strongSell": 0}, {"period": "-3m", "strongBuy": 0, "buy": 0, "hold": 0, "sell": 0, "strongSell": 0}], "maxAge": 86400}, "cashflowStatementHistory": {"cashflowStatements": [{"maxAge": 1, "endDate": "2020-03-31", "netIncome": 714100000, "depreciation": 125800000, "changeToNetincome": -66900000, "changeToAccountReceivables": -216200000, "changeToLiabilities": 52100000, "changeToInventory": -102600000, "changeToOperatingActivities": 65500000, "totalCashFromOperatingActivities": 571800000, "capitalExpenditures": -197800000, "investments": -1032100000, "otherCashflowsFromInvestingActivities": 28600000, "totalCashflowsFromInvestingActivities": -1200800000, "netBorrowings": -10600000, "otherCashflowsFromFinancingActivities": 395700000, "totalCashFromFinancingActivities": 385100000, "changeInCash": -243900000}, {"maxAge": 1, "endDate": "2019-03-31", "netIncome": 575900000, "depreciation": 107000000, "changeToNetincome": -72800000, "changeToAccountReceivables": -30900000, "changeToLiabilities": 100800000, "changeToInventory": 45800000, "changeToOperatingActivities": -51900000, "totalCashFromOperatingActivities": 673900000, "capitalExpenditures": -123800000, "investments": 1067000000, "otherCashflowsFromInvestingActivities": 64500000, "totalCashflowsFromInvestingActivities": 1019900000, "dividendsPaid": -1400800000, "netBorrowings": -10600000, "otherCashflowsFromFinancingActivities": -233600000, "totalCashFromFinancingActivities": -1634400000, "changeInCash": 59400000}, {"maxAge": 1, "endDate": "2018-03-31", "netIncome": 371500000, "depreciation": 91600000, "changeToNetincome": -49400000, "changeToAccountReceivables": -140000000, "changeToLiabilities": 165500000, "changeToInventory": -99000000, "changeToOperatingActivities": -52200000, "totalCashFromOperatingActivities": 297300000, "capitalExpenditures": -165100000, "investments": 181100000, "otherCashflowsFromInvestingActivities": 68800000, "totalCashflowsFromInvestingActivities": 87200000, "dividendsPaid": -15400000, "netBorrowings": -10600000, "otherCashflowsFromFinancingActivities": -389900000, "totalCashFromFinancingActivities": -405300000, "changeInCash": -20800000}, {"maxAge": 1, "endDate": "2017-03-31", "netIncome": 268600000, "depreciation": 94100000, "changeToNetincome": -84100000, "changeToAccountReceivables": -28800000, "changeToLiabilities": 146600000, "changeToInventory": -43700000, "changeToOperatingActivities": 3700000, "totalCashFromOperatingActivities": 365000000, "capitalExpenditures": -149100000, "investments": -167000000, "otherCashflowsFromInvestingActivities": 84400000, "totalCashflowsFromInvestingActivities": -225500000, "dividendsPaid": -15400000, "netBorrowings": -10600000, "otherCashflowsFromFinancingActivities": -3100000, "totalCashFromFinancingActivities": -18500000, "changeInCash": 121000000}], "maxAge": 86400}, "institutionOwnership": {"ownershipList": [], "maxAge": 1}, "balanceSheetHistoryQuarterly": {"balanceSheetStatements": [{"maxAge": 1, "endDate": "2020-06-30", "totalStockholderEquity": 3377500000, "netTangibleAssets": 3362800000}, {"maxAge": 1, "endDate": "2020-03-31", "cash": 186800000, "shortTermInvestments": 649500000, "netReceivables": 894800000, "inventory": 784100000, "otherCurrentAssets": 364800000, "totalCurrentAssets": 3603000000, "propertyPlantEquipment": 914800000, "intangibleAssets": 14700000, "otherAssets": 61600000, "deferredLongTermAssetCharges": 15300000, "totalAssets": 4594100000, "accountsPayable": 881200000, "otherCurrentLiab": 131000000, "otherLiab": 37000000, "totalCurrentLiabilities": 1145600000, "totalLiab": 1216600000, "commonStock": 153900000, "retainedEarnings": 3120400000, "treasuryStock": 10000000, "capitalSurplus": 93200000, "otherStockholderEquity": 10000000, "totalStockholderEquity": 3377500000, "netTangibleAssets": 3362800000}, {"maxAge": 1, "endDate": "2019-12-31", "totalStockholderEquity": 3019600000, "netTangibleAssets": 3001500000}, {"maxAge": 1, "endDate": "2019-09-30", "cash": 1017700000, "shortTermInvestments": 684400000, "netReceivables": 752300000, "inventory": 637200000, "otherCurrentAssets": 201800000, "totalCurrentAssets": 3293400000, "propertyPlantEquipment": 882800000, "intangibleAssets": 18100000, "otherAssets": 158700000, "deferredLongTermAssetCharges": 17500000, "totalAssets": 4353000000, "accountsPayable": 1015400000, "otherCurrentLiab": 276600000, "otherLiab": 41400000, "totalCurrentLiabilities": 1292000000, "totalLiab": 1333400000, "commonStock": 153900000, "treasuryStock": 2865700000, "otherStockholderEquity": 2865700000, "totalStockholderEquity": 3019600000, "netTangibleAssets": 3001500000}], "maxAge": 86400}, "earningsHistory": {"history": [{"maxAge": 1, "epsActual": {}, "epsEstimate": {}, "epsDifference": {}, "surprisePercent": {}, "quarter": {}, "period": "-4q"}, {"maxAge": 1, "epsActual": {}, "epsEstimate": {}, "epsDifference": {}, "surprisePercent": {}, "quarter": {}, "period": "-3q"}, {"maxAge": 1, "epsActual": {}, "epsEstimate": {}, "epsDifference": {}, "surprisePercent": {}, "quarter": {}, "period": "-2q"}, {"maxAge": 1, "epsActual": {}, "epsEstimate": {}, "epsDifference": {}, "surprisePercent": {}, "quarter": {}, "period": "-1q"}], "maxAge": 86400}, "indexTrend": {"maxAge": 1, "symbol": "SP5", "peRatio": 19.7411, "pegRatio": 1.34172, "estimates": [{"period": "0q", "growth": 0.549}, {"period": "+1q", "growth": 0.431}, {"period": "0y", "growth": 0.305}, {"period": "+1y", "growth": 0.109}, {"period": "+5y", "growth": 0.120865}, {"period": "-5y"}]}, "industryTrend": {"maxAge": 1, "symbol": null, "estimates": []}, "insiderTransactions": {"transactions": [{"maxAge": 1, "shares": 0, "filerUrl": "", "transactionText": "", "filerName": "Esab Holdings Ltd", "filerRelation": "", "moneyText": "", "startDate": "2010-07-28", "ownership": "D"}], "maxAge": 1}, "quoteType": {"exchange": "BSE", "quoteType": "EQUITY", "symbol": "ESABINDIA.BO", "underlyingSymbol": "ESABINDIA.BO", "shortName": "ESAB INDIA LTD.", "longName": "ESAB India Limited", "firstTradeDateEpochUtc": "2000-01-03 09:15:00", "timeZoneFullName": "Asia/Kolkata", "timeZoneShortName": "IST", "uuid": "6c5c9863-181b-3ee0-bfd4-461da1058e38", "gmtOffSetMilliseconds": 19800000, "maxAge": 1}, "incomeStatementHistory": {"incomeStatementHistory": [{"maxAge": 1, "endDate": "2020-03-31", "totalRevenue": 7011400000, "costOfRevenue": 4415700000, "grossProfit": 2595700000, "researchDevelopment": {}, "sellingGeneralAdministrative": 755700000, "nonRecurring": {}, "otherOperatingExpenses": 831700000, "totalOperatingExpenses": 6128900000, "operatingIncome": 882500000, "totalOtherIncomeExpenseNet": 89900000, "ebit": 882500000, "interestExpense": -5000000, "incomeBeforeTax": 972400000, "incomeTaxExpense": 258300000, "minorityInterest": {}, "netIncomeFromContinuingOps": 714100000, "discontinuedOperations": {}, "extraordinaryItems": {}, "effectOfAccountingCharges": {}, "otherItems": {}, "netIncome": 714100000, "netIncomeApplicableToCommonShares": 714100000}, {"maxAge": 1, "endDate": "2019-03-31", "totalRevenue": 6743900000, "costOfRevenue": 4368700000, "grossProfit": 2375200000, "researchDevelopment": {}, "sellingGeneralAdministrative": 716400000, "nonRecurring": {}, "otherOperatingExpenses": 826400000, "totalOperatingExpenses": 6018400000, "operatingIncome": 725500000, "totalOtherIncomeExpenseNet": 115900000, "ebit": 725500000, "interestExpense": -5000000, "incomeBeforeTax": 841400000, "incomeTaxExpense": 265500000, "minorityInterest": {}, "netIncomeFromContinuingOps": 575900000, "discontinuedOperations": {}, "extraordinaryItems": {}, "effectOfAccountingCharges": {}, "otherItems": {}, "netIncome": 575900000, "netIncomeApplicableToCommonShares": 575900000}, {"maxAge": 1, "endDate": "2018-03-31", "totalRevenue": 5324700000, "costOfRevenue": 3433600000, "grossProfit": 1891100000, "researchDevelopment": {}, "sellingGeneralAdministrative": 610500000, "nonRecurring": {}, "otherOperatingExpenses": 750400000, "totalOperatingExpenses": 4895300000, "operatingIncome": 429400000, "totalOtherIncomeExpenseNet": 97000000, "ebit": 429400000, "interestExpense": -5000000, "incomeBeforeTax": 526400000, "incomeTaxExpense": 154900000, "minorityInterest": {}, "netIncomeFromContinuingOps": 371500000, "discontinuedOperations": {}, "extraordinaryItems": {}, "effectOfAccountingCharges": {}, "otherItems": {}, "netIncome": 371500000, "netIncomeApplicableToCommonShares": 371500000}, {"maxAge": 1, "endDate": "2017-03-31", "totalRevenue": 4663900000, "costOfRevenue": 2592300000, "grossProfit": 2071600000, "researchDevelopment": {}, "sellingGeneralAdministrative": 537000000, "nonRecurring": {}, "otherOperatingExpenses": 1091800000, "totalOperatingExpenses": 4323700000, "operatingIncome": 340200000, "totalOtherIncomeExpenseNet": 36500000, "ebit": 340200000, "interestExpense": -5000000, "incomeBeforeTax": 376700000, "incomeTaxExpense": 108100000, "minorityInterest": {}, "netIncomeFromContinuingOps": 268600000, "discontinuedOperations": {}, "extraordinaryItems": {}, "effectOfAccountingCharges": {}, "otherItems": {}, "netIncome": 268600000, "netIncomeApplicableToCommonShares": 268600000}], "maxAge": 86400}, "fundOwnership": {"ownershipList": [{"maxAge": 1, "reportDate": "2020-06-30", "organization": "Oberweis Emerging Markets Fund", "pctHeld": 0.00029999999, "position": 4025, "value": 5643855}, {"maxAge": 1, "reportDate": "2020-08-31", "organization": "VanEck Vectors ETF Tr-India Growth Leaders ETF", "pctHeld": 0.0001, "position": 1679, "value": 2346150}], "maxAge": 1}, "summaryDetail": {"maxAge": 1, "priceHint": 2, "previousClose": 1820.65, "open": 1818.55, "dayLow": 1775.0, "dayHigh": 1827.6, "regularMarketPreviousClose": 1820.65, "regularMarketOpen": 1818.55, "regularMarketDayLow": 1775.0, "regularMarketDayHigh": 1827.6, "trailingPE": 44.39412, "volume": 507, "regularMarketVolume": 507, "averageVolume": 1083, "averageVolume10days": 476, "averageDailyVolume10Day": 476, "bid": 1770.0, "ask": 1879.8, "bidSize": 0, "askSize": 0, "marketCap": 27458033664, "fiftyTwoWeekLow": 870.0, "fiftyTwoWeekHigh": 109000.0, "fiftyDayAverage": 1808.9849, "twoHundredDayAverage": 1486.4136, "trailingAnnualDividendRate": 70.0, "trailingAnnualDividendYield": 0.038447805, "currency": "INR", "fromCurrency": null, "lastMarket": null, "algorithm": null, "tradeable": false}, "sectorTrend": {"maxAge": 1, "symbol": null, "estimates": []}, "incomeStatementHistoryQuarterly": {"incomeStatementHistory": [{"maxAge": 1, "endDate": "2020-06-30", "totalRevenue": 1243100000, "costOfRevenue": 826700000, "grossProfit": 416400000, "researchDevelopment": {}, "sellingGeneralAdministrative": 175900000, "nonRecurring": {}, "otherOperatingExpenses": 142300000, "totalOperatingExpenses": 1176200000, "operatingIncome": 66900000, "totalOtherIncomeExpenseNet": 28700000, "ebit": 66900000, "interestExpense": -1200000, "incomeBeforeTax": 95600000, "incomeTaxExpense": 23900000, "minorityInterest": {}, "netIncomeFromContinuingOps": 71700000, "discontinuedOperations": {}, "extraordinaryItems": {}, "effectOfAccountingCharges": {}, "otherItems": {}, "netIncome": 71700000, "netIncomeApplicableToCommonShares": 71700000}, {"maxAge": 1, "endDate": "2020-03-31", "totalRevenue": 1781600000, "costOfRevenue": 1121000000, "grossProfit": 660600000, "researchDevelopment": {}, "sellingGeneralAdministrative": 191300000, "nonRecurring": {}, "otherOperatingExpenses": 179700000, "totalOperatingExpenses": 1521800000, "operatingIncome": 259800000, "totalOtherIncomeExpenseNet": -3800000, "ebit": 259800000, "interestExpense": -1600000, "incomeBeforeTax": 256000000, "incomeTaxExpense": 75300000, "minorityInterest": {}, "netIncomeFromContinuingOps": 180700000, "discontinuedOperations": {}, "extraordinaryItems": {}, "effectOfAccountingCharges": {}, "otherItems": {}, "netIncome": 180700000, "netIncomeApplicableToCommonShares": 180700000}, {"maxAge": 1, "endDate": "2019-12-31", "totalRevenue": 1691900000, "costOfRevenue": 1043700000, "grossProfit": 648200000, "researchDevelopment": {}, "sellingGeneralAdministrative": 188400000, "nonRecurring": {}, "otherOperatingExpenses": 226100000, "totalOperatingExpenses": 1489500000, "operatingIncome": 202400000, "totalOtherIncomeExpenseNet": 34100000, "ebit": 202400000, "interestExpense": -1400000, "incomeBeforeTax": 236500000, "incomeTaxExpense": 58900000, "minorityInterest": {}, "netIncomeFromContinuingOps": 177600000, "discontinuedOperations": {}, "extraordinaryItems": {}, "effectOfAccountingCharges": {}, "otherItems": {}, "netIncome": 177600000, "netIncomeApplicableToCommonShares": 177600000}, {"maxAge": 1, "endDate": "2019-09-30", "totalRevenue": 1725300000, "costOfRevenue": 1094400000, "grossProfit": 630900000, "researchDevelopment": {}, "sellingGeneralAdministrative": 182900000, "nonRecurring": {}, "otherOperatingExpenses": 218000000, "totalOperatingExpenses": 1527400000, "operatingIncome": 197900000, "totalOtherIncomeExpenseNet": 25900000, "ebit": 197900000, "interestExpense": -1100000, "incomeBeforeTax": 223800000, "incomeTaxExpense": 35300000, "minorityInterest": {}, "netIncomeFromContinuingOps": 188500000, "discontinuedOperations": {}, "extraordinaryItems": {}, "effectOfAccountingCharges": {}, "otherItems": {}, "netIncome": 188500000, "netIncomeApplicableToCommonShares": 188500000}], "maxAge": 86400}, "cashflowStatementHistoryQuarterly": {"cashflowStatements": [{"maxAge": 1, "endDate": "2020-06-30", "netIncome": 71700000, "changeToLiabilities": 0}, {"maxAge": 1, "endDate": "2020-03-31", "netIncome": 180700000, "changeToLiabilities": 0}, {"maxAge": 1, "endDate": "2019-12-31", "netIncome": 177600000, "changeToLiabilities": 0}, {"maxAge": 1, "endDate": "2019-09-30", "netIncome": 188500000, "changeToLiabilities": 0}], "maxAge": 86400}, "insiderHolders": {"holders": [{"maxAge": 1, "name": "Esab Holdings Ltd", "relation": "", "url": "", "transactionDescription": "Holding", "latestTransDate": "2010-07-28", "positionDirect": 8620080, "positionDirectDate": "2010-07-28"}], "maxAge": 1}, "earnings": {"maxAge": 86400, "earningsChart": {"quarterly": [], "earningsDate": []}, "financialsChart": {"yearly": [{"date": 2017, "revenue": 4663900000, "earnings": 268600000}, {"date": 2018, "revenue": 5324700000, "earnings": 371500000}, {"date": 2019, "revenue": 6743900000, "earnings": 575900000}, {"date": 2020, "revenue": 7011400000, "earnings": 714100000}], "quarterly": [{"date": "3Q2019", "revenue": 1725300000, "earnings": 188500000}, {"date": "4Q2019", "revenue": 1691900000, "earnings": 177600000}, {"date": "1Q2020", "revenue": 1781600000, "earnings": 180700000}, {"date": "2Q2020", "revenue": 1243100000, "earnings": 71700000}]}, "financialCurrency": "INR"}, "calendarEvents": {"maxAge": 1, "earnings": {"earningsDate": []}}, "upgradeDowngradeHistory": {"history": [], "maxAge": 86400}, "price": {"maxAge": 1, "regularMarketChangePercent": -0.02024001, "regularMarketChange": -36.849976, "regularMarketTime": "2021-04-30 15:29:45", "priceHint": 2, "regularMarketPrice": 1783.8, "regularMarketDayHigh": 1827.6, "regularMarketDayLow": 1775.0, "regularMarketVolume": 507, "averageDailyVolume10Day": 476, "averageDailyVolume3Month": 1083, "regularMarketPreviousClose": 1820.65, "regularMarketSource": "FREE_REALTIME", "regularMarketOpen": 1818.55, "exchange": "BSE", "exchangeName": "BSE", "exchangeDataDelayedBy": 0, "marketState": "CLOSED", "quoteType": "EQUITY", "symbol": "ESABINDIA.BO", "underlyingSymbol": null, "shortName": "ESAB INDIA LTD.", "longName": "ESAB India Limited", "currency": "INR", "quoteSourceName": "Delayed Quote", "currencySymbol": "\u20b9", "fromCurrency": null, "lastMarket": null, "marketCap": 27458033664}, "balanceSheetHistory": {"balanceSheetStatements": [{"maxAge": 1, "endDate": "2020-03-31", "cash": 186800000, "shortTermInvestments": 649500000, "netReceivables": 894800000, "inventory": 784100000, "otherCurrentAssets": 364800000, "totalCurrentAssets": 3603000000, "propertyPlantEquipment": 914800000, "intangibleAssets": 14700000, "otherAssets": 61600000, "deferredLongTermAssetCharges": 15300000, "totalAssets": 4594100000, "accountsPayable": 881200000, "otherCurrentLiab": 131000000, "otherLiab": 37000000, "totalCurrentLiabilities": 1145600000, "totalLiab": 1216600000, "commonStock": 153900000, "retainedEarnings": 3120400000, "treasuryStock": 10000000, "capitalSurplus": 93200000, "otherStockholderEquity": 10000000, "totalStockholderEquity": 3377500000, "netTangibleAssets": 3362800000}, {"maxAge": 1, "endDate": "2019-03-31", "cash": 385700000, "shortTermInvestments": 45000000, "netReceivables": 1044000000, "inventory": 681500000, "otherCurrentAssets": 354300000, "totalCurrentAssets": 2827000000, "longTermInvestments": 51300000, "propertyPlantEquipment": 843200000, "intangibleAssets": 19400000, "otherAssets": 98000000, "deferredLongTermAssetCharges": 14100000, "totalAssets": 3787600000, "accountsPayable": 844300000, "otherCurrentLiab": 114400000, "otherLiab": 36200000, "totalCurrentLiabilities": 1085500000, "totalLiab": 1121700000, "commonStock": 153900000, "retainedEarnings": 2408800000, "treasuryStock": 10000000, "capitalSurplus": 93200000, "otherStockholderEquity": 10000000, "totalStockholderEquity": 2665900000, "netTangibleAssets": 2646500000}, {"maxAge": 1, "endDate": "2018-03-31", "cash": 371300000, "shortTermInvestments": 95000000, "netReceivables": 1018200000, "inventory": 727300000, "otherCurrentAssets": 397300000, "totalCurrentAssets": 3873000000, "propertyPlantEquipment": 845600000, "goodWill": 6000000, "intangibleAssets": 21100000, "otherAssets": 58000000, "deferredLongTermAssetCharges": 16600000, "totalAssets": 4803700000, "accountsPayable": 744700000, "otherCurrentLiab": 131300000, "otherLiab": 28800000, "totalCurrentLiabilities": 992300000, "totalLiab": 1021100000, "commonStock": 153900000, "retainedEarnings": 3525500000, "treasuryStock": 10000000, "capitalSurplus": 93200000, "otherStockholderEquity": 10000000, "totalStockholderEquity": 3782600000, "netTangibleAssets": 3755500000}, {"maxAge": 1, "endDate": "2017-03-31", "cash": 392100000, "shortTermInvestments": 17300000, "netReceivables": 479700000, "inventory": 628300000, "otherCurrentAssets": 132400000, "totalCurrentAssets": 3139800000, "longTermInvestments": 27700000, "propertyPlantEquipment": 814100000, "intangibleAssets": 18300000, "otherAssets": 284400000, "deferredLongTermAssetCharges": 24200000, "totalAssets": 4284300000, "accountsPayable": 579200000, "otherCurrentLiab": 87900000, "otherLiab": 31700000, "totalCurrentLiabilities": 827100000, "totalLiab": 858800000, "commonStock": 153900000, "retainedEarnings": 3168400000, "treasuryStock": 10000000, "capitalSurplus": 93200000, "otherStockholderEquity": 10000000, "totalStockholderEquity": 3425500000, "netTangibleAssets": 3407200000}], "maxAge": 86400}, "earningsTrend": {"trend": [{"maxAge": 1, "period": "0q", "endDate": null, "growth": {}, "earningsEstimate": {"avg": 0.0, "low": 0.0, "high": 0.0, "yearAgoEps": {}, "numberOfAnalysts": 0, "growth": {}}, "revenueEstimate": {"avg": 0, "low": 0, "high": 0, "numberOfAnalysts": 0, "yearAgoRevenue": {}, "growth": {}}, "epsTrend": {"current": 0.0, "7daysAgo": 0.0, "30daysAgo": 0.0, "60daysAgo": 0.0, "90daysAgo": 0.0}, "epsRevisions": {"upLast7days": 0, "upLast30days": 0, "downLast30days": 0, "downLast90days": {}}}, {"maxAge": 1, "period": "+1q", "endDate": null, "growth": {}, "earningsEstimate": {"avg": 0.0, "low": 0.0, "high": 0.0, "yearAgoEps": {}, "numberOfAnalysts": 0, "growth": {}}, "revenueEstimate": {"avg": 0, "low": 0, "high": 0, "numberOfAnalysts": 0, "yearAgoRevenue": {}, "growth": {}}, "epsTrend": {"current": 0.0, "7daysAgo": 0.0, "30daysAgo": 0.0, "60daysAgo": 0.0, "90daysAgo": 0.0}, "epsRevisions": {"upLast7days": 0, "upLast30days": 0, "downLast30days": 0, "downLast90days": {}}}, {"maxAge": 1, "period": "0y", "endDate": null, "growth": {}, "earningsEstimate": {"avg": 0.0, "low": 0.0, "high": 0.0, "yearAgoEps": {}, "numberOfAnalysts": 0, "growth": {}}, "revenueEstimate": {"avg": 0, "low": 0, "high": 0, "numberOfAnalysts": 0, "yearAgoRevenue": {}, "growth": {}}, "epsTrend": {"current": 0.0, "7daysAgo": 0.0, "30daysAgo": 0.0, "60daysAgo": 0.0, "90daysAgo": 0.0}, "epsRevisions": {"upLast7days": 0, "upLast30days": 0, "downLast30days": 0, "downLast90days": {}}}, {"maxAge": 1, "period": "+1y", "endDate": null, "growth": {}, "earningsEstimate": {"avg": 0.0, "low": 0.0, "high": 0.0, "yearAgoEps": {}, "numberOfAnalysts": 0, "growth": {}}, "revenueEstimate": {"avg": 0, "low": 0, "high": 0, "numberOfAnalysts": 0, "yearAgoRevenue": {}, "growth": {}}, "epsTrend": {"current": 0.0, "7daysAgo": 0.0, "30daysAgo": 0.0, "60daysAgo": 0.0, "90daysAgo": 0.0}, "epsRevisions": {"upLast7days": 0, "upLast30days": 0, "downLast30days": 0, "downLast90days": {}}}, {"maxAge": 1, "period": "+5y", "endDate": null, "growth": {}, "earningsEstimate": {"avg": {}, "low": {}, "high": {}, "yearAgoEps": {}, "numberOfAnalysts": {}, "growth": {}}, "revenueEstimate": {"avg": {}, "low": {}, "high": {}, "numberOfAnalysts": {}, "yearAgoRevenue": {}, "growth": {}}, "epsTrend": {"current": {}, "7daysAgo": {}, "30daysAgo": {}, "60daysAgo": {}, "90daysAgo": {}}, "epsRevisions": {"upLast7days": {}, "upLast30days": {}, "downLast30days": {}, "downLast90days": {}}}, {"maxAge": 1, "period": "-5y", "endDate": null, "growth": {}, "earningsEstimate": {"avg": {}, "low": {}, "high": {}, "yearAgoEps": {}, "numberOfAnalysts": {}, "growth": {}}, "revenueEstimate": {"avg": {}, "low": {}, "high": {}, "numberOfAnalysts": {}, "yearAgoRevenue": {}, "growth": {}}, "epsTrend": {"current": {}, "7daysAgo": {}, "30daysAgo": {}, "60daysAgo": {}, "90daysAgo": {}}, "epsRevisions": {"upLast7days": {}, "upLast30days": {}, "downLast30days": {}, "downLast90days": {}}}], "maxAge": 1}, "financialData": {"maxAge": 86400, "currentPrice": 1783.8, "targetHighPrice": 440.0, "targetLowPrice": 440.0, "targetMeanPrice": 440.0, "targetMedianPrice": 440.0, "recommendationKey": "none", "numberOfAnalystOpinions": 1, "grossProfits": 2595700000, "financialCurrency": "INR"}}}