{"ESARIND.BO": {"cashflowStatementHistory": {"cashflowStatements": [{"maxAge": 1, "endDate": "2020-03-31", "netIncome": 17751557, "changeToNetincome": -25980833, "changeToAccountReceivables": -104132100, "changeToLiabilities": -8327458, "changeToInventory": 88424592, "changeToOperatingActivities": -371885350, "totalCashFromOperatingActivities": -404149592, "investments": -89994132, "totalCashflowsFromInvestingActivities": -89994132, "netBorrowings": 470276627, "totalCashFromFinancingActivities": 470276627, "changeInCash": -23867097}, {"maxAge": 1, "endDate": "2019-03-31", "netIncome": 3123468, "changeToNetincome": 311492, "changeToAccountReceivables": 11801, "changeToLiabilities": 132307434, "changeToInventory": -86118112, "changeToOperatingActivities": -51370422, "totalCashFromOperatingActivities": -1734339, "investments": -75000000, "otherCashflowsFromInvestingActivities": 27400, "totalCashflowsFromInvestingActivities": -74972600, "netBorrowings": 105135895, "totalCashFromFinancingActivities": 105135895, "changeInCash": 28428956}, {"maxAge": 1, "endDate": "2018-03-31", "netIncome": -2167803, "depreciation": 28900, "changeToNetincome": 311492, "changeToAccountReceivables": -10345, "changeToLiabilities": -14738, "changeToInventory": -15808669, "changeToOperatingActivities": 450378, "totalCashFromOperatingActivities": -17522277, "investments": -75000000, "otherCashflowsFromInvestingActivities": 27400, "totalCashflowsFromInvestingActivities": -74972600, "netBorrowings": 5335000, "otherCashflowsFromFinancingActivities": 2257994, "totalCashFromFinancingActivities": 7592994, "changeInCash": -9929283}, {"maxAge": 1, "endDate": "2017-03-31", "netIncome": 1940, "depreciation": 28900, "changeToNetincome": 456, "changeToAccountReceivables": 4933, "changeToLiabilities": 141229, "changeToInventory": 2381849, "changeToOperatingActivities": 1486988, "totalCashFromOperatingActivities": 4017395, "investments": -75000000, "otherCashflowsFromInvestingActivities": 27400, "totalCashflowsFromInvestingActivities": -74972600, "netBorrowings": -35800000, "otherCashflowsFromFinancingActivities": 34148222, "totalCashFromFinancingActivities": -1651778, "changeInCash": 2365617}], "maxAge": 86400}, "institutionOwnership": {"maxAge": 1, "ownershipList": []}, "balanceSheetHistoryQuarterly": {"balanceSheetStatements": [{"maxAge": 1, "endDate": "2020-06-30", "totalStockholderEquity": 143433715, "netTangibleAssets": 143433715}, {"maxAge": 1, "endDate": "2020-03-31", "cash": 6243972, "netReceivables": 307593179, "otherCurrentAssets": 343436561, "totalCurrentAssets": 678478402, "longTermInvestments": 164994132, "propertyPlantEquipment": 20838, "otherAssets": 15848335, "deferredLongTermAssetCharges": 15848336, "totalAssets": 859341707, "accountsPayable": 78412194, "otherLiab": 386700720, "totalCurrentLiabilities": 329207272, "totalLiab": 715907992, "commonStock": 204425000, "retainedEarnings": -80700770, "treasuryStock": 7219995, "capitalSurplus": 12489490, "otherStockholderEquity": 7219995, "totalStockholderEquity": 143433715, "netTangibleAssets": 143433715}, {"maxAge": 1, "endDate": "2019-12-31", "totalStockholderEquity": 70706000, "netTangibleAssets": 70706000}, {"maxAge": 1, "endDate": "2019-09-30", "cash": 2288000, "netReceivables": 196039000, "otherCurrentAssets": 108947000, "totalCurrentAssets": 307274000, "longTermInvestments": 75000000, "propertyPlantEquipment": 21000, "otherAssets": 22628000, "deferredLongTermAssetCharges": 15848000, "totalAssets": 404923000, "otherCurrentLiab": 18037000, "otherLiab": 316180000, "totalCurrentLiabilities": 18037000, "totalLiab": 334217000, "commonStock": 204425000, "treasuryStock": -133719000, "otherStockholderEquity": -133719000, "totalStockholderEquity": 70706000, "netTangibleAssets": 70706000}], "maxAge": 86400}, "indexTrend": {"maxAge": 1, "symbol": "SP5", "peRatio": 19.7411, "pegRatio": 1.34172, "estimates": [{"period": "0q", "growth": 0.549}, {"period": "+1q", "growth": 0.431}, {"period": "0y", "growth": 0.305}, {"period": "+1y", "growth": 0.109}, {"period": "+5y", "growth": 0.120859005}, {"period": "-5y"}]}, "insiderTransactions": {"transactions": [{"maxAge": 1, "shares": 175000, "filerUrl": "", "transactionText": "", "filerName": "Shah (Dheeraj Babulal)", "filerRelation": "Managing Director", "moneyText": "", "startDate": "2014-06-09", "ownership": "D"}, {"maxAge": 1, "shares": 104500, "filerUrl": "", "transactionText": "", "filerName": "Shah (Dheeraj Babulal)", "filerRelation": "Managing Director", "moneyText": "", "startDate": "2014-05-30", "ownership": "D"}, {"maxAge": 1, "shares": 161331, "filerUrl": "", "transactionText": "", "filerName": "Shah (Dheeraj Babulal)", "filerRelation": "Managing Director", "moneyText": "", "startDate": "2014-05-29", "ownership": "D"}, {"maxAge": 1, "shares": 26000, "filerUrl": "", "transactionText": "", "filerName": "Shah (Dheeraj Babulal)", "filerRelation": "Managing Director", "moneyText": "", "startDate": "2014-05-28", "ownership": "D"}, {"maxAge": 1, "shares": 153155, "filerUrl": "", "transactionText": "", "filerName": "Shah (Dheeraj Babulal)", "filerRelation": "Managing Director", "moneyText": "", "startDate": "2014-05-22", "ownership": "D"}, {"maxAge": 1, "shares": 100000, "filerUrl": "", "transactionText": "", "filerName": "Shah (Dheeraj Babulal)", "filerRelation": "Managing Director", "moneyText": "", "startDate": "2014-03-10", "ownership": "D"}, {"maxAge": 1, "shares": 165000, "filerUrl": "", "transactionText": "", "filerName": "Shah (Dheeraj Babulal)", "filerRelation": "Managing Director", "moneyText": "", "startDate": "2014-03-03", "ownership": "D"}, {"maxAge": 1, "shares": 100000, "filerUrl": "", "transactionText": "", "filerName": "Shah (Dheeraj Babulal)", "filerRelation": "Managing Director", "moneyText": "", "startDate": "2014-02-18", "ownership": "D"}, {"maxAge": 1, "shares": 184370, "filerUrl": "", "transactionText": "", "filerName": "Shah (Dheeraj Babulal)", "filerRelation": "Managing Director", "moneyText": "", "startDate": "2014-02-05", "ownership": "D"}, {"maxAge": 1, "shares": 47090, "filerUrl": "", "transactionText": "", "filerName": "Shah (Dheeraj Babulal)", "filerRelation": "Managing Director", "moneyText": "", "startDate": "2014-01-13", "ownership": "D"}, {"maxAge": 1, "shares": 100000, "filerUrl": "", "transactionText": "", "filerName": "Shah (Dheeraj Babulal)", "filerRelation": "Managing Director", "moneyText": "", "startDate": "2014-01-10", "ownership": "D"}, {"maxAge": 1, "shares": 37500, "filerUrl": "", "transactionText": "", "filerName": "Shah (Dheeraj Babulal)", "filerRelation": "Managing Director", "moneyText": "", "startDate": "2014-01-08", "ownership": "D"}, {"maxAge": 1, "shares": 50000, "filerUrl": "", "transactionText": "", "filerName": "Shah (Dheeraj Babulal)", "filerRelation": "Managing Director", "moneyText": "", "startDate": "2014-01-03", "ownership": "D"}, {"maxAge": 1, "shares": 107000, "filerUrl": "", "transactionText": "", "filerName": "Shah (Dheeraj Babulal)", "filerRelation": "Managing Director", "moneyText": "", "startDate": "2013-12-30", "ownership": "D"}, {"maxAge": 1, "shares": 52000, "filerUrl": "", "transactionText": "", "filerName": "Shah (Dheeraj Babulal)", "filerRelation": "Managing Director", "moneyText": "", "startDate": "2013-12-16", "ownership": "D"}, {"maxAge": 1, "shares": 61000, "filerUrl": "", "transactionText": "", "filerName": "Shah (Dheeraj Babulal)", "filerRelation": "Managing Director", "moneyText": "", "startDate": "2013-12-11", "ownership": "D"}, {"maxAge": 1, "shares": 120690, "filerUrl": "", "transactionText": "", "filerName": "Shah (Dheeraj Babulal)", "filerRelation": "Managing Director", "moneyText": "", "startDate": "2013-12-06", "ownership": "D"}, {"maxAge": 1, "shares": 41000, "filerUrl": "", "transactionText": "", "filerName": "Shah (Dheeraj Babulal)", "filerRelation": "Managing Director", "moneyText": "", "startDate": "2013-11-22", "ownership": "D"}, {"maxAge": 1, "shares": 3826870, "filerUrl": "", "transactionText": "", "filerName": "Shah (Dheeraj Babulal)", "filerRelation": "Managing Director", "moneyText": "", "startDate": "2013-11-18", "ownership": "D"}, {"maxAge": 1, "shares": 497430, "filerUrl": "", "transactionText": "", "filerName": "Shah (Dheeraj Babulal)", "filerRelation": "Director", "moneyText": "", "startDate": "2011-05-03", "ownership": "D"}, {"maxAge": 1, "shares": 306745, "filerUrl": "", "transactionText": "", "filerName": "Diplo Mercantiles Pvt Ltd", "filerRelation": "Institution- Corporation", "moneyText": "", "startDate": "2010-10-09", "ownership": "D"}, {"maxAge": 1, "shares": 238255, "filerUrl": "", "transactionText": "", "filerName": "Metallic Vinimay Pvt Ltd", "filerRelation": "Institution- Corporation", "moneyText": "", "startDate": "2010-07-22", "ownership": "D"}], "maxAge": 1}, "quoteType": {"exchange": "BSE", "quoteType": "EQUITY", "symbol": "ESARIND.BO", "underlyingSymbol": "ESARIND.BO", "shortName": "ESAAR (INDIA) LTD.", "longName": "Esaar (India) Limited", "firstTradeDateEpochUtc": "2010-01-19 09:15:00", "timeZoneFullName": "Asia/Kolkata", "timeZoneShortName": "IST", "uuid": "04636504-55cf-3ba2-aaa5-9d0cd0bdef1e", "messageBoardId": null, "gmtOffSetMilliseconds": 19800000, "maxAge": 1}, "incomeStatementHistory": {"incomeStatementHistory": [{"maxAge": 1, "endDate": "2020-03-31", "totalRevenue": 223002508, "costOfRevenue": 88424593, "grossProfit": 134577915, "researchDevelopment": {}, "sellingGeneralAdministrative": 1582883, "nonRecurring": {}, "otherOperatingExpenses": 123543275, "totalOperatingExpenses": 213550751, "operatingIncome": 9451757, "totalOtherIncomeExpenseNet": -7043346, "ebit": 9451757, "interestExpense": -7062139, "incomeBeforeTax": 2408411, "incomeTaxExpense": -15343146, "minorityInterest": {}, "netIncomeFromContinuingOps": 17751557, "discontinuedOperations": {}, "extraordinaryItems": {}, "effectOfAccountingCharges": {}, "otherItems": {}, "netIncome": 17751557, "netIncomeApplicableToCommonShares": 17751557}, {"maxAge": 1, "endDate": "2019-03-31", "totalRevenue": -61721401, "costOfRevenue": -86118112, "grossProfit": 24396711, "researchDevelopment": {}, "sellingGeneralAdministrative": 2006766, "nonRecurring": {}, "otherOperatingExpenses": 12950227, "totalOperatingExpenses": -71161119, "operatingIncome": 9439718, "totalOtherIncomeExpenseNet": -6316250, "ebit": 9439718, "interestExpense": -6310892, "incomeBeforeTax": 3123468, "incomeTaxExpense": 0, "minorityInterest": {}, "netIncomeFromContinuingOps": 3123468, "discontinuedOperations": {}, "extraordinaryItems": {}, "effectOfAccountingCharges": {}, "otherItems": {}, "netIncome": 3123468, "netIncomeApplicableToCommonShares": 3123468}, {"maxAge": 1, "endDate": "2018-03-31", "totalRevenue": 11315570, "costOfRevenue": 3691351, "grossProfit": 7624219, "researchDevelopment": {}, "sellingGeneralAdministrative": 861949, "nonRecurring": {}, "otherOperatingExpenses": 6833054, "totalOperatingExpenses": 11386354, "operatingIncome": -70784, "totalOtherIncomeExpenseNet": -1758586, "ebit": -70784, "interestExpense": -1758586, "incomeBeforeTax": -1829370, "incomeTaxExpense": 338433, "minorityInterest": {}, "netIncomeFromContinuingOps": -2167803, "discontinuedOperations": {}, "extraordinaryItems": {}, "effectOfAccountingCharges": {}, "otherItems": {}, "netIncome": -2167803, "netIncomeApplicableToCommonShares": -2167803}, {"maxAge": 1, "endDate": "2017-03-31", "totalRevenue": 47003081, "costOfRevenue": 42646021, "grossProfit": 4357060, "researchDevelopment": {}, "sellingGeneralAdministrative": 1128171, "nonRecurring": {}, "otherOperatingExpenses": 1965163, "totalOperatingExpenses": 45739355, "operatingIncome": 1263726, "totalOtherIncomeExpenseNet": -1195691, "ebit": 1263726, "interestExpense": -1320865, "incomeBeforeTax": 68035, "incomeTaxExpense": 66095, "minorityInterest": {}, "netIncomeFromContinuingOps": 1940, "discontinuedOperations": {}, "extraordinaryItems": {}, "effectOfAccountingCharges": {}, "otherItems": {}, "netIncome": 1940, "netIncomeApplicableToCommonShares": 1940}], "maxAge": 86400}, "fundOwnership": {"maxAge": 1, "ownershipList": []}, "summaryDetail": {"maxAge": 1, "priceHint": 4, "previousClose": 1.75, "open": 1.75, "dayLow": 1.72, "dayHigh": 1.75, "regularMarketPreviousClose": 1.75, "regularMarketOpen": 1.75, "regularMarketDayLow": 1.72, "regularMarketDayHigh": 1.75, "trailingPE": 0.5569948, "volume": 5180, "regularMarketVolume": 5180, "averageVolume": 36389, "averageVolume10days": 1950, "averageDailyVolume10Day": 1950, "bid": 0.0, "ask": 1.72, "bidSize": 0, "askSize": 0, "marketCap": 35161100, "fiftyTwoWeekLow": 0.62, "fiftyTwoWeekHigh": 3.82, "fiftyDayAverage": 3.116857, "twoHundredDayAverage": 1.989635, "currency": "INR", "fromCurrency": null, "toCurrency": null, "lastMarket": null, "algorithm": null, "tradeable": false}, "incomeStatementHistoryQuarterly": {"incomeStatementHistory": [{"maxAge": 1, "endDate": "2020-06-30", "totalRevenue": 92327000, "costOfRevenue": 0, "grossProfit": 92327000, "researchDevelopment": {}, "sellingGeneralAdministrative": 210000, "nonRecurring": {}, "otherOperatingExpenses": 68721000, "totalOperatingExpenses": 68931000, "operatingIncome": 23396000, "totalOtherIncomeExpenseNet": -25442000, "ebit": 23396000, "interestExpense": -25442000, "incomeBeforeTax": -2046000, "incomeTaxExpense": 0, "minorityInterest": {}, "netIncomeFromContinuingOps": -2046000, "discontinuedOperations": {}, "extraordinaryItems": {}, "effectOfAccountingCharges": {}, "otherItems": {}, "netIncome": -2046000, "netIncomeApplicableToCommonShares": -2046000}, {"maxAge": 1, "endDate": "2020-03-31", "totalRevenue": 228862508, "costOfRevenue": 88424593, "grossProfit": 140437915, "researchDevelopment": {}, "sellingGeneralAdministrative": 907883, "nonRecurring": {}, "otherOperatingExpenses": 103750275, "totalOperatingExpenses": 193082751, "operatingIncome": 35779757, "totalOtherIncomeExpenseNet": 55959654, "ebit": 35779757, "interestExpense": -4891139, "incomeBeforeTax": 91739411, "incomeTaxExpense": 445854, "minorityInterest": {}, "netIncomeFromContinuingOps": 91293557, "discontinuedOperations": {}, "extraordinaryItems": {}, "effectOfAccountingCharges": {}, "otherItems": {}, "netIncome": 91293557, "netIncomeApplicableToCommonShares": 91293557}, {"maxAge": 1, "endDate": "2019-12-31", "totalRevenue": 5479000, "costOfRevenue": 0, "grossProfit": 5479000, "researchDevelopment": {}, "sellingGeneralAdministrative": 271000, "nonRecurring": {}, "otherOperatingExpenses": 12290000, "totalOperatingExpenses": 12561000, "operatingIncome": -7082000, "totalOtherIncomeExpenseNet": -17026000, "ebit": -7082000, "interestExpense": -4891139, "incomeBeforeTax": -24108000, "incomeTaxExpense": 0, "minorityInterest": {}, "netIncomeFromContinuingOps": -24108000, "discontinuedOperations": {}, "extraordinaryItems": {}, "effectOfAccountingCharges": {}, "otherItems": {}, "netIncome": -24108000, "netIncomeApplicableToCommonShares": -24108000}, {"maxAge": 1, "endDate": "2019-09-30", "totalRevenue": -1409000, "costOfRevenue": 0, "grossProfit": -1409000, "researchDevelopment": {}, "sellingGeneralAdministrative": 258000, "nonRecurring": {}, "otherOperatingExpenses": 3334000, "totalOperatingExpenses": 3592000, "operatingIncome": -5001000, "totalOtherIncomeExpenseNet": -12793000, "ebit": -5001000, "interestExpense": -8103000, "incomeBeforeTax": -17794000, "incomeTaxExpense": -15789000, "minorityInterest": {}, "netIncomeFromContinuingOps": -2005000, "discontinuedOperations": {}, "extraordinaryItems": {}, "effectOfAccountingCharges": {}, "otherItems": {}, "netIncome": -2005000, "netIncomeApplicableToCommonShares": -2005000}], "maxAge": 86400}, "cashflowStatementHistoryQuarterly": {"cashflowStatements": [{"maxAge": 1, "endDate": "2020-06-30", "netIncome": -2046000, "changeToLiabilities": 0}, {"maxAge": 1, "endDate": "2020-03-31", "netIncome": 91293557, "changeToLiabilities": 0}, {"maxAge": 1, "endDate": "2019-12-31", "netIncome": -24108000, "changeToLiabilities": 0}, {"maxAge": 1, "endDate": "2019-09-30", "netIncome": -2005000, "changeToLiabilities": 0}], "maxAge": 86400}, "insiderHolders": {"holders": [{"maxAge": 1, "name": "Diplo Mercantiles Pvt Ltd", "relation": "Institution- Corporation", "url": "", "transactionDescription": "Sale", "latestTransDate": "2010-10-09", "positionDirect": 0, "positionDirectDate": "2010-10-09"}, {"maxAge": 1, "name": "Metallic Vinimay Pvt Ltd", "relation": "Institution- Corporation", "url": "", "transactionDescription": "Sale", "latestTransDate": "2010-07-22", "positionDirect": 237745, "positionDirectDate": "2010-07-22"}, {"maxAge": 1, "name": "Shah (Dheeraj Babulal)", "relation": "Managing Director", "url": "", "transactionDescription": "Sale", "latestTransDate": "2014-06-09", "positionDirect": 2538664, "positionDirectDate": "2014-06-09"}], "maxAge": 1}, "calendarEvents": {"maxAge": 1, "earnings": {"earningsDate": ["2020-11-14 05:30:S", "2020-11-15 05:30:S"]}}, "price": {"maxAge": 1, "regularMarketChangePercent": -0.017142842, "regularMarketChange": -0.029999971, "regularMarketTime": "2021-04-30 15:15:00", "priceHint": 4, "regularMarketPrice": 1.72, "regularMarketDayHigh": 1.75, "regularMarketDayLow": 1.72, "regularMarketVolume": 5180, "averageDailyVolume10Day": 1950, "averageDailyVolume3Month": 36389, "regularMarketPreviousClose": 1.75, "regularMarketSource": "FREE_REALTIME", "regularMarketOpen": 1.75, "exchange": "BSE", "exchangeName": "BSE", "exchangeDataDelayedBy": 0, "marketState": "CLOSED", "quoteType": "EQUITY", "symbol": "ESARIND.BO", "underlyingSymbol": null, "shortName": "ESAAR (INDIA) LTD.", "longName": "Esaar (India) Limited", "currency": "INR", "quoteSourceName": "Delayed Quote", "currencySymbol": "\u20b9", "fromCurrency": null, "toCurrency": null, "lastMarket": null, "marketCap": 35161100}, "balanceSheetHistory": {"balanceSheetStatements": [{"maxAge": 1, "endDate": "2020-03-31", "cash": 6243972, "netReceivables": 307593179, "otherCurrentAssets": 343436561, "totalCurrentAssets": 678478402, "longTermInvestments": 164994132, "propertyPlantEquipment": 20838, "otherAssets": 15848335, "deferredLongTermAssetCharges": 15848336, "totalAssets": 859341707, "accountsPayable": 78412194, "otherLiab": 386700720, "totalCurrentLiabilities": 329207272, "totalLiab": 715907992, "commonStock": 204425000, "retainedEarnings": -80700770, "treasuryStock": 7219995, "capitalSurplus": 12489490, "otherStockholderEquity": 7219995, "totalStockholderEquity": 143433715, "netTangibleAssets": 143433715}, {"maxAge": 1, "endDate": "2019-03-31", "cash": 30111068, "netReceivables": 185240563, "otherCurrentAssets": 5560429, "totalCurrentAssets": 330541343, "longTermInvestments": 75000000, "propertyPlantEquipment": 20838, "otherAssets": 59633, "deferredLongTermAssetCharges": 59634, "totalAssets": 405621814, "accountsPayable": 90402561, "otherLiab": 48963500, "totalCurrentLiabilities": 204995322, "totalLiab": 253958822, "commonStock": 204425000, "retainedEarnings": -65251498, "capitalSurplus": 12489490, "totalStockholderEquity": 151662992, "netTangibleAssets": 151662992}, {"maxAge": 1, "endDate": "2018-03-31", "cash": 1682113, "shortTermInvestments": 50000, "netReceivables": 144465801, "otherCurrentAssets": 5074119, "totalCurrentAssets": 174783204, "propertyPlantEquipment": 20838, "otherAssets": 59634, "deferredLongTermAssetCharges": 59634, "totalAssets": 174863676, "accountsPayable": 126492, "otherCurrentLiab": 18036551, "longTermDebt": 8500000, "otherLiab": -1, "totalCurrentLiabilities": 18163043, "totalLiab": 26663042, "commonStock": 204425000, "retainedEarnings": -68713857, "capitalSurplus": 12489491, "totalStockholderEquity": 148200634, "netTangibleAssets": 148200634}, {"maxAge": 1, "endDate": "2017-03-31", "cash": 11611396, "shortTermInvestments": 50000, "netReceivables": 146713450, "otherCurrentAssets": 5126025, "totalCurrentAssets": 171203373, "propertyPlantEquipment": 49738, "otherAssets": 59634, "deferredLongTermAssetCharges": 59634, "totalAssets": 171312745, "accountsPayable": 141229, "otherCurrentLiab": 17637621, "longTermDebt": 3165000, "totalCurrentLiabilities": 17779307, "totalLiab": 20944307, "commonStock": 204425000, "retainedEarnings": -66546053, "capitalSurplus": 12489491, "totalStockholderEquity": 150368438, "netTangibleAssets": 150368438}], "maxAge": 86400}, "financialData": {"maxAge": 86400, "currentPrice": 1.72, "recommendationKey": "none", "grossProfits": 134577915, "financialCurrency": "INR"}}}