{"ESHAMEDIA.BO": {"cashflowStatementHistory": {"cashflowStatements": [{"maxAge": 1, "endDate": "2020-03-31", "netIncome": -4062000, "depreciation": 2460000, "changeToAccountReceivables": -400000, "changeToLiabilities": 56000, "changeToOperatingActivities": 635000, "totalCashFromOperatingActivities": -1311000, "netBorrowings": 1896000, "totalCashFromFinancingActivities": 1896000, "changeInCash": 635000}, {"maxAge": 1, "endDate": "2019-03-31", "netIncome": -52432131, "depreciation": 4855254, "changeToNetincome": 45559967, "changeToAccountReceivables": 2014568, "changeToLiabilities": -98740, "changeToOperatingActivities": -1670128, "totalCashFromOperatingActivities": -1755280, "netBorrowings": 1723744, "totalCashFromFinancingActivities": 1723744, "changeInCash": -31536}, {"maxAge": 1, "endDate": "2018-03-31", "netIncome": -35157344, "depreciation": 10645231, "changeToNetincome": 23822050, "changeToAccountReceivables": 1339669, "changeToLiabilities": -678766, "changeToOperatingActivities": -4587672, "totalCashFromOperatingActivities": -4616832, "capitalExpenditures": -24924, "totalCashflowsFromInvestingActivities": -24924, "netBorrowings": 4996287, "totalCashFromFinancingActivities": 4996287, "changeInCash": 354531}, {"maxAge": 1, "endDate": "2017-03-31", "netIncome": -41393869, "depreciation": 11488573, "changeToNetincome": 22481810, "changeToAccountReceivables": 2363818, "changeToLiabilities": 198640, "changeToOperatingActivities": 191546, "totalCashFromOperatingActivities": -4669484, "capitalExpenditures": -226087, "totalCashflowsFromInvestingActivities": -226087, "netBorrowings": 4079720, "totalCashFromFinancingActivities": 4079720, "changeInCash": -815852}], "maxAge": 86400}, "institutionOwnership": {"maxAge": 1, "ownershipList": []}, "balanceSheetHistoryQuarterly": {"balanceSheetStatements": [{"maxAge": 1, "endDate": "2020-06-30", "totalStockholderEquity": -69415000, "netTangibleAssets": -69415000}, {"maxAge": 1, "endDate": "2020-03-31", "cash": 1111000, "netReceivables": 350000, "otherCurrentAssets": 13444000, "totalCurrentAssets": 14905000, "longTermInvestments": 11000, "propertyPlantEquipment": 1193000, "otherAssets": 1329000, "totalAssets": 17438000, "accountsPayable": 1738000, "otherCurrentLiab": 9394000, "longTermDebt": 74093000, "otherLiab": 1628000, "totalCurrentLiabilities": 11132000, "totalLiab": 86853000, "commonStock": 82960000, "treasuryStock": -152375000, "otherStockholderEquity": -152375000, "totalStockholderEquity": -69415000, "netTangibleAssets": -69415000}, {"maxAge": 1, "endDate": "2019-12-31", "totalStockholderEquity": -67098000, "netTangibleAssets": -67098000}, {"maxAge": 1, "endDate": "2019-09-30", "cash": 955000, "otherCurrentAssets": 13420000, "totalCurrentAssets": 14375000, "longTermInvestments": 11000, "propertyPlantEquipment": 2989000, "otherAssets": 1330000, "totalAssets": 18705000, "accountsPayable": 1595000, "otherCurrentLiab": 8999000, "longTermDebt": 73582000, "otherLiab": 1627000, "totalCurrentLiabilities": 10594000, "totalLiab": 85803000, "commonStock": 82960000, "treasuryStock": -150058000, "otherStockholderEquity": -150058000, "totalStockholderEquity": -67098000, "netTangibleAssets": -67098000}], "maxAge": 86400}, "indexTrend": {"maxAge": 1, "symbol": "SP5", "peRatio": 19.7411, "pegRatio": 1.34172, "estimates": [{"period": "0q", "growth": 0.549}, {"period": "+1q", "growth": 0.431}, {"period": "0y", "growth": 0.305}, {"period": "+1y", "growth": 0.109}, {"period": "+5y", "growth": 0.120859005}, {"period": "-5y"}]}, "insiderTransactions": {"transactions": [{"maxAge": 1, "shares": 300000, "filerUrl": "", "transactionText": "", "filerName": "Iyer (Shridhar P)", "filerRelation": "Promoter", "moneyText": "", "startDate": "2014-01-10", "ownership": "D"}, {"maxAge": 1, "shares": 125000, "filerUrl": "", "transactionText": "", "filerName": "Ramnarayan (L V)", "filerRelation": "Promoter", "moneyText": "", "startDate": "2013-03-31", "ownership": "D"}, {"maxAge": 1, "shares": 160000, "filerUrl": "", "transactionText": "", "filerName": "Iyer (R S)", "filerRelation": "Managing Director", "moneyText": "", "startDate": "2013-01-24", "ownership": "D"}, {"maxAge": 1, "shares": 266600, "filerUrl": "", "transactionText": "", "filerName": "Angne (Shivram Jagannath)", "filerRelation": "Promoter", "moneyText": "", "startDate": "2013-01-23", "ownership": "D"}, {"maxAge": 1, "shares": 1388, "filerUrl": "", "transactionText": "", "filerName": "Modi (N H)", "filerRelation": "UNREPORTED", "moneyText": "", "startDate": "2011-07-30", "ownership": "D"}, {"maxAge": 1, "shares": 555, "filerUrl": "", "transactionText": "", "filerName": "Bakshi (Haripada J)", "filerRelation": "UNREPORTED", "moneyText": "", "startDate": "2011-07-30", "ownership": "D"}, {"maxAge": 1, "shares": 34032, "filerUrl": "", "transactionText": "", "filerName": "Bakshi (R S)", "filerRelation": "UNREPORTED", "moneyText": "", "startDate": "2011-07-30", "ownership": "D"}, {"maxAge": 1, "shares": 4167, "filerUrl": "", "transactionText": "", "filerName": "Balasubramanyam (K)", "filerRelation": "UNREPORTED", "moneyText": "", "startDate": "2011-07-30", "ownership": "D"}, {"maxAge": 1, "shares": 8613, "filerUrl": "", "transactionText": "", "filerName": "Bakshi (Smitha R)", "filerRelation": "UNREPORTED", "moneyText": "", "startDate": "2011-07-30", "ownership": "D"}, {"maxAge": 1, "shares": 1667, "filerUrl": "", "transactionText": "", "filerName": "Bakshi (Dhawal)", "filerRelation": "UNREPORTED", "moneyText": "", "startDate": "2011-06-30", "ownership": "D"}, {"maxAge": 1, "shares": 2778, "filerUrl": "", "transactionText": "", "filerName": "Bakshi (D T)", "filerRelation": "UNREPORTED", "moneyText": "", "startDate": "2011-01-31", "ownership": "D"}, {"maxAge": 1, "shares": 8788, "filerUrl": "", "transactionText": "", "filerName": "Bakshi (Durgesh)", "filerRelation": "UNREPORTED", "moneyText": "", "startDate": "2011-01-31", "ownership": "D"}, {"maxAge": 1, "shares": 555, "filerUrl": "", "transactionText": "", "filerName": "Bakshi (M H)", "filerRelation": "UNREPORTED", "moneyText": "", "startDate": "2011-01-31", "ownership": "D"}, {"maxAge": 1, "shares": 10100, "filerUrl": "", "transactionText": "", "filerName": "HY Growth Finance Ltd", "filerRelation": "Promoter", "moneyText": "", "startDate": "2011-01-31", "ownership": "D"}, {"maxAge": 1, "shares": 6667, "filerUrl": "", "transactionText": "", "filerName": "Venkatraman (V P)", "filerRelation": "UNREPORTED", "moneyText": "", "startDate": "2010-09-30", "ownership": "D"}, {"maxAge": 1, "shares": 1883, "filerUrl": "", "transactionText": "", "filerName": "Bakshi (Reacha)", "filerRelation": "UNREPORTED", "moneyText": "", "startDate": "2010-09-30", "ownership": "D"}, {"maxAge": 1, "shares": 37993, "filerUrl": "", "transactionText": "", "filerName": "Bakshi (R S)", "filerRelation": "UNREPORTED", "moneyText": "", "startDate": "2010-09-30", "ownership": "D"}, {"maxAge": 1, "shares": 1945, "filerUrl": "", "transactionText": "", "filerName": "Bakshi (Nidhi)", "filerRelation": "UNREPORTED", "moneyText": "", "startDate": "2010-09-30", "ownership": "D"}, {"maxAge": 1, "shares": 2778, "filerUrl": "", "transactionText": "", "filerName": "Bakshi (Maya T)", "filerRelation": "UNREPORTED", "moneyText": "", "startDate": "2010-09-30", "ownership": "D"}, {"maxAge": 1, "shares": 9722, "filerUrl": "", "transactionText": "", "filerName": "Bakshi (T H)", "filerRelation": "UNREPORTED", "moneyText": "", "startDate": "2010-09-30", "ownership": "D"}, {"maxAge": 1, "shares": 2600, "filerUrl": "", "transactionText": "", "filerName": "Bakshi (Durgesh)", "filerRelation": "UNREPORTED", "moneyText": "", "startDate": "2010-09-30", "ownership": "D"}, {"maxAge": 1, "shares": 21050, "filerUrl": "", "transactionText": "", "filerName": "Raju (Satyanarayana V)", "filerRelation": "UNREPORTED", "moneyText": "", "startDate": "2010-09-16", "ownership": "D"}, {"maxAge": 1, "shares": 100000, "filerUrl": "", "transactionText": "", "filerName": "Raju (Raghava P)", "filerRelation": "UNREPORTED", "moneyText": "", "startDate": "2010-09-16", "ownership": "D"}, {"maxAge": 1, "shares": 48081, "filerUrl": "", "transactionText": "", "filerName": "Annapurna (G)", "filerRelation": "UNREPORTED", "moneyText": "", "startDate": "2010-09-16", "ownership": "D"}, {"maxAge": 1, "shares": 45662, "filerUrl": "", "transactionText": "", "filerName": "Prabavati (S)", "filerRelation": "UNREPORTED", "moneyText": "", "startDate": "2010-09-16", "ownership": "D"}, {"maxAge": 1, "shares": 4000, "filerUrl": "", "transactionText": "", "filerName": "Contractor (J M)", "filerRelation": "UNREPORTED", "moneyText": "", "startDate": "2010-09-16", "ownership": "D"}, {"maxAge": 1, "shares": 1500, "filerUrl": "", "transactionText": "", "filerName": "Contractor (J J)", "filerRelation": "UNREPORTED", "moneyText": "", "startDate": "2010-09-16", "ownership": "D"}, {"maxAge": 1, "shares": 5000, "filerUrl": "", "transactionText": "", "filerName": "Rao (Raghavendra A)", "filerRelation": "UNREPORTED", "moneyText": "", "startDate": "2010-08-31", "ownership": "D"}, {"maxAge": 1, "shares": 8000, "filerUrl": "", "transactionText": "", "filerName": "Reddy (Venkat B)", "filerRelation": "UNREPORTED", "moneyText": "", "startDate": "2010-08-31", "ownership": "D"}, {"maxAge": 1, "shares": 7420, "filerUrl": "", "transactionText": "", "filerName": "Raju (Venkatapathi P)", "filerRelation": "UNREPORTED", "moneyText": "", "startDate": "2010-08-31", "ownership": "D"}, {"maxAge": 1, "shares": 150, "filerUrl": "", "transactionText": "", "filerName": "Raju (V S)", "filerRelation": "UNREPORTED", "moneyText": "", "startDate": "2010-08-31", "ownership": "D"}, {"maxAge": 1, "shares": 22134, "filerUrl": "", "transactionText": "", "filerName": "Raju (Suryanarayan P)", "filerRelation": "UNREPORTED", "moneyText": "", "startDate": "2010-08-31", "ownership": "D"}, {"maxAge": 1, "shares": 3333, "filerUrl": "", "transactionText": "", "filerName": "Raju (Subramanya P)", "filerRelation": "UNREPORTED", "moneyText": "", "startDate": "2010-08-31", "ownership": "D"}, {"maxAge": 1, "shares": 3966, "filerUrl": "", "transactionText": "", "filerName": "Raju (Subba G)", "filerRelation": "UNREPORTED", "moneyText": "", "startDate": "2010-08-31", "ownership": "D"}, {"maxAge": 1, "shares": 18332, "filerUrl": "", "transactionText": "", "filerName": "Raju (Srihari P)", "filerRelation": "UNREPORTED", "moneyText": "", "startDate": "2010-08-31", "ownership": "D"}, {"maxAge": 1, "shares": 2917, "filerUrl": "", "transactionText": "", "filerName": "Annapurna (G)", "filerRelation": "UNREPORTED", "moneyText": "", "startDate": "2010-08-31", "ownership": "D"}, {"maxAge": 1, "shares": 34164, "filerUrl": "", "transactionText": "", "filerName": "Raju (Satyanarayana V)", "filerRelation": "UNREPORTED", "moneyText": "", "startDate": "2010-08-31", "ownership": "D"}, {"maxAge": 1, "shares": 10883, "filerUrl": "", "transactionText": "", "filerName": "Raju (Satyanarayana G)", "filerRelation": "UNREPORTED", "moneyText": "", "startDate": "2010-08-31", "ownership": "D"}, {"maxAge": 1, "shares": 12445, "filerUrl": "", "transactionText": "", "filerName": "Raju (Raghava V)", "filerRelation": "UNREPORTED", "moneyText": "", "startDate": "2010-08-31", "ownership": "D"}, {"maxAge": 1, "shares": 118745, "filerUrl": "", "transactionText": "", "filerName": "Raju (Raghava P)", "filerRelation": "UNREPORTED", "moneyText": "", "startDate": "2010-08-31", "ownership": "D"}, {"maxAge": 1, "shares": 20950, "filerUrl": "", "transactionText": "", "filerName": "Raju (Partha Saradhi G)", "filerRelation": "UNREPORTED", "moneyText": "", "startDate": "2010-08-31", "ownership": "D"}, {"maxAge": 1, "shares": 5000, "filerUrl": "", "transactionText": "", "filerName": "Raju (Jaganath G)", "filerRelation": "UNREPORTED", "moneyText": "", "startDate": "2010-08-31", "ownership": "D"}, {"maxAge": 1, "shares": 9166, "filerUrl": "", "transactionText": "", "filerName": "Raju (G L N)", "filerRelation": "UNREPORTED", "moneyText": "", "startDate": "2010-08-31", "ownership": "D"}, {"maxAge": 1, "shares": 2500, "filerUrl": "", "transactionText": "", "filerName": "Prabavati (S)", "filerRelation": "UNREPORTED", "moneyText": "", "startDate": "2010-08-31", "ownership": "D"}, {"maxAge": 1, "shares": 104878, "filerUrl": "", "transactionText": "", "filerName": "Penmetsa (Swarajya Lakshmi)", "filerRelation": "Director", "moneyText": "", "startDate": "2010-08-31", "ownership": "D"}, {"maxAge": 1, "shares": 10000, "filerUrl": "", "transactionText": "", "filerName": "Kumar (Surya U V S)", "filerRelation": "UNREPORTED", "moneyText": "", "startDate": "2010-08-31", "ownership": "D"}], "maxAge": 1}, "quoteType": {"exchange": "BSE", "quoteType": "EQUITY", "symbol": "ESHAMEDIA.BO", "underlyingSymbol": "ESHAMEDIA.BO", "shortName": "ESHA MEDIA RESEARCH LIMITED", "longName": "Esha Media Research Limited", "firstTradeDateEpochUtc": "2004-01-14 09:15:00", "timeZoneFullName": "Asia/Kolkata", "timeZoneShortName": "IST", "uuid": "6741c3a8-3510-315e-b6f5-26adf9c773b1", "messageBoardId": null, "gmtOffSetMilliseconds": 19800000, "maxAge": 1}, "incomeStatementHistory": {"incomeStatementHistory": [{"maxAge": 1, "endDate": "2020-03-31", "totalRevenue": 1001000, "costOfRevenue": 465000, "grossProfit": 536000, "researchDevelopment": {}, "sellingGeneralAdministrative": {}, "nonRecurring": {}, "otherOperatingExpenses": 2138000, "totalOperatingExpenses": 5063000, "operatingIncome": -4062000, "totalOtherIncomeExpenseNet": 0, "ebit": -4062000, "interestExpense": {}, "incomeBeforeTax": -4062000, "incomeTaxExpense": 0, "minorityInterest": {}, "netIncomeFromContinuingOps": -4062000, "discontinuedOperations": {}, "extraordinaryItems": {}, "effectOfAccountingCharges": {}, "otherItems": {}, "netIncome": -4062000, "netIncomeApplicableToCommonShares": -4062000}, {"maxAge": 1, "endDate": "2019-03-31", "totalRevenue": 839800, "costOfRevenue": 687783, "grossProfit": 152017, "researchDevelopment": {}, "sellingGeneralAdministrative": 392200, "nonRecurring": {}, "otherOperatingExpenses": 48345504, "totalOperatingExpenses": 54296671, "operatingIncome": -53456871, "totalOtherIncomeExpenseNet": -46752, "ebit": -53456871, "interestExpense": -1064, "incomeBeforeTax": -53503623, "incomeTaxExpense": -1071492, "minorityInterest": {}, "netIncomeFromContinuingOps": -52432131, "discontinuedOperations": {}, "extraordinaryItems": {}, "effectOfAccountingCharges": {}, "otherItems": {}, "netIncome": -52432131, "netIncomeApplicableToCommonShares": -52432131}, {"maxAge": 1, "endDate": "2018-03-31", "totalRevenue": 1067615, "costOfRevenue": 602408, "grossProfit": 465207, "researchDevelopment": {}, "sellingGeneralAdministrative": 240000, "nonRecurring": {}, "otherOperatingExpenses": 26228293, "totalOperatingExpenses": 37715932, "operatingIncome": -36648317, "totalOtherIncomeExpenseNet": 35417, "ebit": -36648317, "interestExpense": -15427, "incomeBeforeTax": -36612900, "incomeTaxExpense": -1455556, "minorityInterest": {}, "netIncomeFromContinuingOps": -35157344, "discontinuedOperations": {}, "extraordinaryItems": {}, "effectOfAccountingCharges": {}, "otherItems": {}, "netIncome": -35157344, "netIncomeApplicableToCommonShares": -35157344}, {"maxAge": 1, "endDate": "2017-03-31", "totalRevenue": 4788129, "costOfRevenue": 8573592, "grossProfit": -3785463, "researchDevelopment": {}, "sellingGeneralAdministrative": 1466775, "nonRecurring": {}, "otherOperatingExpenses": 26745335, "totalOperatingExpenses": 48274275, "operatingIncome": -43486146, "totalOtherIncomeExpenseNet": -163604, "ebit": -43486146, "interestExpense": -95364, "incomeBeforeTax": -43649750, "incomeTaxExpense": -2255881, "minorityInterest": {}, "netIncomeFromContinuingOps": -41393869, "discontinuedOperations": {}, "extraordinaryItems": {}, "effectOfAccountingCharges": {}, "otherItems": {}, "netIncome": -41393869, "netIncomeApplicableToCommonShares": -41393869}], "maxAge": 86400}, "fundOwnership": {"maxAge": 1, "ownershipList": []}, "summaryDetail": {"maxAge": 1, "priceHint": 2, "previousClose": 5.99, "open": 5.98, "dayLow": 5.98, "dayHigh": 5.99, "regularMarketPreviousClose": 5.99, "regularMarketOpen": 5.98, "regularMarketDayLow": 5.98, "regularMarketDayHigh": 5.99, "volume": 1000, "regularMarketVolume": 1000, "averageVolume": 253, "averageVolume10days": 199, "averageDailyVolume10Day": 199, "bid": 0.0, "ask": 5.99, "bidSize": 0, "askSize": 0, "marketCap": 46763508, "fiftyTwoWeekLow": 2.58, "fiftyTwoWeekHigh": 7.87, "fiftyDayAverage": 6.374, "twoHundredDayAverage": 5.3652554, "currency": "INR", "fromCurrency": null, "toCurrency": null, "lastMarket": null, "algorithm": null, "tradeable": false}, "incomeStatementHistoryQuarterly": {"incomeStatementHistory": [{"maxAge": 1, "endDate": "2020-06-30", "totalRevenue": 503000, "costOfRevenue": 150000, "grossProfit": 353000, "researchDevelopment": {}, "sellingGeneralAdministrative": {}, "nonRecurring": {}, "otherOperatingExpenses": 539000, "totalOperatingExpenses": 738000, "operatingIncome": -235000, "totalOtherIncomeExpenseNet": 0, "ebit": -235000, "interestExpense": {}, "incomeBeforeTax": -235000, "incomeTaxExpense": 0, "minorityInterest": {}, "netIncomeFromContinuingOps": -235000, "discontinuedOperations": {}, "extraordinaryItems": {}, "effectOfAccountingCharges": {}, "otherItems": {}, "netIncome": -235000, "netIncomeApplicableToCommonShares": -235000}, {"maxAge": 1, "endDate": "2020-03-31", "totalRevenue": 428000, "costOfRevenue": 150000, "grossProfit": 278000, "researchDevelopment": {}, "sellingGeneralAdministrative": {}, "nonRecurring": {}, "otherOperatingExpenses": 365000, "totalOperatingExpenses": 1976000, "operatingIncome": -1548000, "totalOtherIncomeExpenseNet": 0, "ebit": -1548000, "interestExpense": {}, "incomeBeforeTax": -1548000, "incomeTaxExpense": 0, "minorityInterest": {}, "netIncomeFromContinuingOps": -1548000, "discontinuedOperations": {}, "extraordinaryItems": {}, "effectOfAccountingCharges": {}, "otherItems": {}, "netIncome": -1548000, "netIncomeApplicableToCommonShares": -1548000}, {"maxAge": 1, "endDate": "2019-12-31", "totalRevenue": 192000, "costOfRevenue": 180000, "grossProfit": 12000, "researchDevelopment": {}, "sellingGeneralAdministrative": {}, "nonRecurring": {}, "otherOperatingExpenses": 322000, "totalOperatingExpenses": 837000, "operatingIncome": -645000, "totalOtherIncomeExpenseNet": 0, "ebit": -645000, "interestExpense": {}, "incomeBeforeTax": -645000, "incomeTaxExpense": 0, "minorityInterest": {}, "netIncomeFromContinuingOps": -645000, "discontinuedOperations": {}, "extraordinaryItems": {}, "effectOfAccountingCharges": {}, "otherItems": {}, "netIncome": -645000, "netIncomeApplicableToCommonShares": -645000}, {"maxAge": 1, "endDate": "2019-09-30", "totalRevenue": 191000, "costOfRevenue": 30000, "grossProfit": 161000, "researchDevelopment": {}, "sellingGeneralAdministrative": {}, "nonRecurring": {}, "otherOperatingExpenses": 494000, "totalOperatingExpenses": 857000, "operatingIncome": -666000, "totalOtherIncomeExpenseNet": 0, "ebit": -666000, "interestExpense": {}, "incomeBeforeTax": -666000, "incomeTaxExpense": 0, "minorityInterest": {}, "netIncomeFromContinuingOps": -666000, "discontinuedOperations": {}, "extraordinaryItems": {}, "effectOfAccountingCharges": {}, "otherItems": {}, "netIncome": -666000, "netIncomeApplicableToCommonShares": -666000}], "maxAge": 86400}, "cashflowStatementHistoryQuarterly": {"cashflowStatements": [{"maxAge": 1, "endDate": "2020-06-30", "netIncome": -235000, "changeToLiabilities": 0}, {"maxAge": 1, "endDate": "2020-03-31", "netIncome": -1548000, "changeToLiabilities": 0}, {"maxAge": 1, "endDate": "2019-12-31", "netIncome": -645000, "changeToLiabilities": 0}, {"maxAge": 1, "endDate": "2019-09-30", "netIncome": -666000, "changeToLiabilities": 0}], "maxAge": 86400}, "insiderHolders": {"holders": [{"maxAge": 1, "name": "Angne (Shivram Jagannath)", "relation": "Promoter", "url": "", "transactionDescription": "Sale", "latestTransDate": "2013-01-23", "positionDirect": 70, "positionDirectDate": "2013-01-23"}, {"maxAge": 1, "name": "Bakshi (Dhawal)", "relation": "UNREPORTED", "url": "", "transactionDescription": "Sale", "latestTransDate": "2011-06-30", "positionDirect": 0, "positionDirectDate": "2011-06-30"}, {"maxAge": 1, "name": "Bakshi (Haripada J)", "relation": "UNREPORTED", "url": "", "transactionDescription": "Sale", "latestTransDate": "2011-07-30", "positionDirect": 0, "positionDirectDate": "2011-07-30"}, {"maxAge": 1, "name": "Bakshi (R S)", "relation": "UNREPORTED", "url": "", "transactionDescription": "Sale", "latestTransDate": "2011-07-30", "positionDirect": 0, "positionDirectDate": "2011-07-30"}, {"maxAge": 1, "name": "Bakshi (Smitha R)", "relation": "UNREPORTED", "url": "", "transactionDescription": "Sale", "latestTransDate": "2011-07-30", "positionDirect": 0, "positionDirectDate": "2011-07-30"}, {"maxAge": 1, "name": "Balasubramanyam (K)", "relation": "UNREPORTED", "url": "", "transactionDescription": "Sale", "latestTransDate": "2011-07-30", "positionDirect": 0, "positionDirectDate": "2011-07-30"}, {"maxAge": 1, "name": "Iyer (R S)", "relation": "Managing Director", "url": "", "transactionDescription": "Acquisition", "latestTransDate": "2013-01-24", "positionDirect": 1058726, "positionDirectDate": "2013-01-24"}, {"maxAge": 1, "name": "Iyer (Shridhar P)", "relation": "Promoter", "url": "", "transactionDescription": "Sale", "latestTransDate": "2014-01-10", "positionDirect": 0, "positionDirectDate": "2014-01-10"}, {"maxAge": 1, "name": "Modi (N H)", "relation": "UNREPORTED", "url": "", "transactionDescription": "Sale", "latestTransDate": "2011-07-30", "positionDirect": 0, "positionDirectDate": "2011-07-30"}, {"maxAge": 1, "name": "Ramnarayan (L V)", "relation": "Promoter", "url": "", "transactionDescription": "Sale", "latestTransDate": "2013-03-31", "positionDirect": 0, "positionDirectDate": "2013-03-31"}], "maxAge": 1}, "calendarEvents": {"maxAge": 1, "earnings": {"earningsDate": []}}, "price": {"maxAge": 1, "regularMarketChangePercent": 0.0, "regularMarketChange": 0.0, "regularMarketTime": "2021-04-29 11:49:38", "priceHint": 2, "regularMarketPrice": 5.99, "regularMarketDayHigh": 5.99, "regularMarketDayLow": 5.98, "regularMarketVolume": 1000, "averageDailyVolume10Day": 199, "averageDailyVolume3Month": 253, "regularMarketPreviousClose": 5.99, "regularMarketSource": "FREE_REALTIME", "regularMarketOpen": 5.98, "exchange": "BSE", "exchangeName": "BSE", "exchangeDataDelayedBy": 0, "marketState": "CLOSED", "quoteType": "EQUITY", "symbol": "ESHAMEDIA.BO", "underlyingSymbol": null, "shortName": "ESHA MEDIA RESEARCH LIMITED", "longName": "Esha Media Research Limited", "currency": "INR", "quoteSourceName": "Delayed Quote", "currencySymbol": "\u20b9", "fromCurrency": null, "toCurrency": null, "lastMarket": null, "marketCap": 46763508}, "balanceSheetHistory": {"balanceSheetStatements": [{"maxAge": 1, "endDate": "2020-03-31", "cash": 1111000, "netReceivables": 350000, "otherCurrentAssets": 13444000, "totalCurrentAssets": 14905000, "longTermInvestments": 11000, "propertyPlantEquipment": 1193000, "otherAssets": 1329000, "totalAssets": 17438000, "accountsPayable": 1738000, "otherCurrentLiab": 9394000, "longTermDebt": 74093000, "otherLiab": 1628000, "totalCurrentLiabilities": 11132000, "totalLiab": 86853000, "commonStock": 82960000, "treasuryStock": -152375000, "otherStockholderEquity": -152375000, "totalStockholderEquity": -69415000, "netTangibleAssets": -69415000}, {"maxAge": 1, "endDate": "2019-03-31", "cash": 475138, "otherCurrentAssets": 13390551, "totalCurrentAssets": 13891410, "longTermInvestments": 11500, "propertyPlantEquipment": 3630484, "intangibleAssets": 22204, "otherAssets": 1329350, "totalAssets": 18884948, "accountsPayable": 1643189, "otherCurrentLiab": 5789361, "longTermDebt": 72196772, "otherLiab": 1627896, "totalCurrentLiabilities": 10412550, "totalLiab": 84237218, "commonStock": 78069300, "retainedEarnings": -157090912, "treasuryStock": 4890750, "capitalSurplus": 8778589, "otherStockholderEquity": 4890750, "totalStockholderEquity": -65352273, "netTangibleAssets": -65374477}, {"maxAge": 1, "endDate": "2018-03-31", "cash": 506675, "netReceivables": 47474534, "otherCurrentAssets": 13390551, "totalCurrentAssets": 61395757, "longTermInvestments": 11500, "propertyPlantEquipment": 8485737, "intangibleAssets": 38135, "otherAssets": 1944950, "totalAssets": 71876079, "accountsPayable": 1570729, "otherCurrentLiab": 6439324, "longTermDebt": 70473028, "otherLiab": 2699388, "totalCurrentLiabilities": 11623803, "totalLiab": 84796219, "commonStock": 78069300, "retainedEarnings": -104658782, "treasuryStock": 4890750, "capitalSurplus": 8778589, "otherStockholderEquity": 4890750, "totalStockholderEquity": -12920143, "netTangibleAssets": -12958278}, {"maxAge": 1, "endDate": "2017-03-31", "cash": 152144, "netReceivables": 72651753, "otherCurrentAssets": 13260819, "totalCurrentAssets": 86105829, "longTermInvestments": 11500, "propertyPlantEquipment": 19144178, "otherAssets": 1944950, "totalAssets": 107206457, "accountsPayable": 2167094, "otherCurrentLiab": 8023863, "longTermDebt": 65476741, "otherLiab": 4154943, "totalCurrentLiabilities": 15337573, "totalLiab": 84969257, "commonStock": 78069300, "retainedEarnings": -69501437, "treasuryStock": 4890750, "capitalSurplus": 8778589, "otherStockholderEquity": 4890750, "totalStockholderEquity": 22237202, "netTangibleAssets": 22237202}], "maxAge": 86400}, "financialData": {"maxAge": 86400, "currentPrice": 5.99, "recommendationKey": "none", "grossProfits": 536000, "financialCurrency": "INR"}}}