{"ESSARSHPNG.BO": {"recommendationTrend": {"trend": [{"period": "0m", "strongBuy": 0, "buy": 0, "hold": 0, "sell": 0, "strongSell": 0}, {"period": "-1m", "strongBuy": 0, "buy": 0, "hold": 0, "sell": 0, "strongSell": 0}, {"period": "-2m", "strongBuy": 0, "buy": 0, "hold": 0, "sell": 0, "strongSell": 0}, {"period": "-3m", "strongBuy": 0, "buy": 0, "hold": 0, "sell": 0, "strongSell": 0}], "maxAge": 86400}, "cashflowStatementHistory": {"cashflowStatements": [{"maxAge": 1, "endDate": "2020-03-31", "netIncome": -16815000000, "depreciation": 1722500000, "changeToNetincome": 17526800000, "changeToAccountReceivables": 428200000, "changeToLiabilities": -843300000, "changeToInventory": 83600000, "totalCashFromOperatingActivities": 2102800000, "capitalExpenditures": -336500000, "investments": 419900000, "otherCashflowsFromInvestingActivities": 1697000000, "totalCashflowsFromInvestingActivities": 1780400000, "netBorrowings": -1297400000, "otherCashflowsFromFinancingActivities": -1329700000, "totalCashFromFinancingActivities": -2627100000, "effectOfExchangeRate": -1032300000, "changeInCash": 223800000}, {"maxAge": 1, "endDate": "2019-03-31", "netIncome": -37752800000, "depreciation": 2824900000, "changeToNetincome": 38360700000, "changeToAccountReceivables": -2006300000, "changeToLiabilities": -275300000, "changeToInventory": 419400000, "totalCashFromOperatingActivities": 1570600000, "capitalExpenditures": -263100000, "investments": -62100000, "otherCashflowsFromInvestingActivities": -384500000, "totalCashflowsFromInvestingActivities": -55900000, "netBorrowings": 1507700000, "otherCashflowsFromFinancingActivities": -3869800000, "totalCashFromFinancingActivities": -2362100000, "effectOfExchangeRate": 692800000, "changeInCash": -154700000}, {"maxAge": 1, "endDate": "2018-03-31", "netIncome": -16648300000, "depreciation": 3041200000, "changeToNetincome": 16001800000, "changeToAccountReceivables": 16523000000, "changeToLiabilities": -14077200000, "changeToInventory": 30200000, "totalCashFromOperatingActivities": 4870700000, "capitalExpenditures": -369900000, "investments": 335100000, "otherCashflowsFromInvestingActivities": 3520900000, "totalCashflowsFromInvestingActivities": 7190100000, "netBorrowings": -9316300000, "otherCashflowsFromFinancingActivities": -563500000, "totalCashFromFinancingActivities": -11883700000, "effectOfExchangeRate": 692800000, "changeInCash": 177100000}, {"maxAge": 1, "endDate": "2017-03-31", "netIncome": -5834400000, "depreciation": 3905000000, "changeToNetincome": 5489100000, "changeToAccountReceivables": -554200000, "changeToLiabilities": -161300000, "changeToInventory": -104000000, "totalCashFromOperatingActivities": 2740200000, "capitalExpenditures": -389600000, "investments": 335100000, "otherCashflowsFromInvestingActivities": 184200000, "totalCashflowsFromInvestingActivities": 125600000, "netBorrowings": -864100000, "otherCashflowsFromFinancingActivities": -1984400000, "totalCashFromFinancingActivities": -2848500000, "effectOfExchangeRate": 692800000, "changeInCash": 17300000}], "maxAge": 86400}, "institutionOwnership": {"ownershipList": [], "maxAge": 1}, "balanceSheetHistoryQuarterly": {"balanceSheetStatements": [{"maxAge": 1, "endDate": "2020-06-30", "totalStockholderEquity": -42214600000, "netTangibleAssets": -42214600000}, {"maxAge": 1, "endDate": "2020-03-31", "cash": 443000000, "netReceivables": 10681200000, "inventory": 216500000, "otherCurrentAssets": 1804700000, "totalCurrentAssets": 13155600000, "propertyPlantEquipment": 10136100000, "otherAssets": 162700000, "totalAssets": 23454400000, "accountsPayable": 2609000000, "shortLongTermDebt": 26665100000, "otherCurrentLiab": 4011600000, "longTermDebt": 19749500000, "minorityInterest": 2614600000, "totalCurrentLiabilities": 43304900000, "totalLiab": 63054400000, "commonStock": 2069800000, "retainedEarnings": -47012400000, "treasuryStock": 2119800000, "capitalSurplus": 608200000, "otherStockholderEquity": 2119800000, "totalStockholderEquity": -42214600000, "netTangibleAssets": -42214600000}, {"maxAge": 1, "endDate": "2019-12-31", "totalStockholderEquity": -16596800000, "netTangibleAssets": -34155700000}, {"maxAge": 1, "endDate": "2019-09-30", "cash": 370200000, "shortTermInvestments": 4545100000, "netReceivables": 5539200000, "inventory": 285600000, "otherCurrentAssets": 2361900000, "totalCurrentAssets": 13102000000, "longTermInvestments": 362600000, "propertyPlantEquipment": 17433900000, "goodWill": 17558900000, "otherAssets": 122700000, "totalAssets": 48580100000, "accountsPayable": 2705900000, "otherCurrentLiab": 39924300000, "longTermDebt": 19885400000, "minorityInterest": 2626400000, "totalCurrentLiabilities": 42665100000, "totalLiab": 62550500000, "commonStock": 2069800000, "treasuryStock": -18666600000, "otherStockholderEquity": -18666600000, "totalStockholderEquity": -16596800000, "netTangibleAssets": -34155700000}], "maxAge": 86400}, "earningsHistory": {"history": [{"maxAge": 1, "epsActual": {}, "epsEstimate": {}, "epsDifference": {}, "surprisePercent": {}, "quarter": {}, "period": "-4q"}, {"maxAge": 1, "epsActual": {}, "epsEstimate": {}, "epsDifference": {}, "surprisePercent": {}, "quarter": {}, "period": "-3q"}, {"maxAge": 1, "epsActual": {}, "epsEstimate": {}, "epsDifference": {}, "surprisePercent": {}, "quarter": {}, "period": "-2q"}, {"maxAge": 1, "epsActual": {}, "epsEstimate": {}, "epsDifference": {}, "surprisePercent": {}, "quarter": {}, "period": "-1q"}], "maxAge": 86400}, "indexTrend": {"maxAge": 1, "symbol": "SP5", "peRatio": 19.7411, "pegRatio": 1.34172, "estimates": [{"period": "0q", "growth": 0.549}, {"period": "+1q", "growth": 0.431}, {"period": "0y", "growth": 0.305}, {"period": "+1y", "growth": 0.109}, {"period": "+5y", "growth": 0.120865}, {"period": "-5y"}]}, "industryTrend": {"maxAge": 1, "symbol": null, "estimates": []}, "insiderTransactions": {"transactions": [{"maxAge": 1, "shares": 17872751, "filerUrl": "", "transactionText": "", "filerName": "Essar Shipping & Logistics Ltd", "filerRelation": "Promoter", "moneyText": "", "startDate": "2013-05-30", "ownership": "D"}], "maxAge": 1}, "quoteType": {"exchange": "BSE", "quoteType": "EQUITY", "symbol": "ESSARSHPNG.BO", "underlyingSymbol": "ESSARSHPNG.BO", "shortName": "ESSAR SHIPPING LTD.", "longName": "Essar Shipping Limited", "firstTradeDateEpochUtc": "2011-11-15 09:15:00", "timeZoneFullName": "Asia/Kolkata", "timeZoneShortName": "IST", "uuid": "aea4db28-07ce-3eca-a805-e88c66789ef8", "gmtOffSetMilliseconds": 19800000, "maxAge": 1}, "incomeStatementHistory": {"incomeStatementHistory": [{"maxAge": 1, "endDate": "2020-03-31", "totalRevenue": 13441600000, "costOfRevenue": 10117300000, "grossProfit": 3324300000, "researchDevelopment": {}, "sellingGeneralAdministrative": 24300000, "nonRecurring": {}, "otherOperatingExpenses": 480900000, "totalOperatingExpenses": 12388000000, "operatingIncome": 1053600000, "totalOtherIncomeExpenseNet": -17911000000, "ebit": 1053600000, "interestExpense": -3709200000, "incomeBeforeTax": -16857400000, "incomeTaxExpense": 11100000, "minorityInterest": 2614600000, "netIncomeFromContinuingOps": -16868500000, "discontinuedOperations": {}, "extraordinaryItems": {}, "effectOfAccountingCharges": {}, "otherItems": {}, "netIncome": -16815000000, "netIncomeApplicableToCommonShares": -16815000000}, {"maxAge": 1, "endDate": "2019-03-31", "totalRevenue": 13091800000, "costOfRevenue": 9106500000, "grossProfit": 3985300000, "researchDevelopment": {}, "sellingGeneralAdministrative": 23500000, "nonRecurring": {}, "otherOperatingExpenses": 232700000, "totalOperatingExpenses": 12218300000, "operatingIncome": 873500000, "totalOtherIncomeExpenseNet": -38572500000, "ebit": 873500000, "interestExpense": -3721400000, "incomeBeforeTax": -37699000000, "incomeTaxExpense": 14500000, "minorityInterest": 2618000000, "netIncomeFromContinuingOps": -37713500000, "discontinuedOperations": {}, "extraordinaryItems": {}, "effectOfAccountingCharges": {}, "otherItems": {}, "netIncome": -37752800000, "netIncomeApplicableToCommonShares": -37752800000}, {"maxAge": 1, "endDate": "2018-03-31", "totalRevenue": 12077500000, "costOfRevenue": 9246000000, "grossProfit": 2831500000, "researchDevelopment": {}, "sellingGeneralAdministrative": 22600000, "nonRecurring": {}, "otherOperatingExpenses": 290200000, "totalOperatingExpenses": 12600000000, "operatingIncome": -522500000, "totalOtherIncomeExpenseNet": -16293700000, "ebit": -522500000, "interestExpense": -3661600000, "incomeBeforeTax": -16816200000, "incomeTaxExpense": 32400000, "minorityInterest": 1917700000, "netIncomeFromContinuingOps": -16848600000, "discontinuedOperations": {}, "extraordinaryItems": {}, "effectOfAccountingCharges": {}, "otherItems": {}, "netIncome": -16648300000, "netIncomeApplicableToCommonShares": -16648300000}, {"maxAge": 1, "endDate": "2017-03-31", "totalRevenue": 21939800000, "costOfRevenue": 17750500000, "grossProfit": 4189300000, "researchDevelopment": {}, "sellingGeneralAdministrative": 38400000, "nonRecurring": {}, "otherOperatingExpenses": 346700000, "totalOperatingExpenses": 22052300000, "operatingIncome": -112500000, "totalOtherIncomeExpenseNet": -5343400000, "ebit": -112500000, "interestExpense": -4485900000, "incomeBeforeTax": -5455900000, "incomeTaxExpense": 378500000, "minorityInterest": 1917700000, "netIncomeFromContinuingOps": -5834400000, "discontinuedOperations": {}, "extraordinaryItems": {}, "effectOfAccountingCharges": {}, "otherItems": {}, "netIncome": -5834400000, "netIncomeApplicableToCommonShares": -5834400000}], "maxAge": 86400}, "fundOwnership": {"ownershipList": [], "maxAge": 1}, "summaryDetail": {"maxAge": 1, "priceHint": 2, "previousClose": 7.86, "open": 7.84, "dayLow": 7.7, "dayHigh": 8.05, "regularMarketPreviousClose": 7.86, "regularMarketOpen": 7.84, "regularMarketDayLow": 7.7, "regularMarketDayHigh": 8.05, "volume": 20556, "regularMarketVolume": 20556, "averageVolume": 18853, "averageVolume10days": 11956, "averageDailyVolume10Day": 11956, "bid": 7.7, "ask": 8.0, "bidSize": 0, "askSize": 0, "marketCap": 1655808000, "fiftyTwoWeekLow": 4.6, "fiftyTwoWeekHigh": 12.8, "fiftyDayAverage": 10.021515, "twoHundredDayAverage": 8.877132, "currency": "INR", "fromCurrency": null, "lastMarket": null, "algorithm": null, "tradeable": false}, "sectorTrend": {"maxAge": 1, "symbol": null, "estimates": []}, "incomeStatementHistoryQuarterly": {"incomeStatementHistory": [{"maxAge": 1, "endDate": "2020-06-30", "totalRevenue": 1482000000, "costOfRevenue": 878700000, "grossProfit": 603300000, "researchDevelopment": {}, "sellingGeneralAdministrative": {}, "nonRecurring": {}, "otherOperatingExpenses": 57100000, "totalOperatingExpenses": 1372200000, "operatingIncome": 109800000, "totalOtherIncomeExpenseNet": -1139900000, "ebit": 109800000, "interestExpense": -1055800000, "incomeBeforeTax": -1030100000, "incomeTaxExpense": 2100000, "minorityInterest": {}, "netIncomeFromContinuingOps": -1032200000, "discontinuedOperations": {}, "extraordinaryItems": {}, "effectOfAccountingCharges": {}, "otherItems": {}, "netIncome": -1006300000, "netIncomeApplicableToCommonShares": -1006300000}, {"maxAge": 1, "endDate": "2020-03-31", "totalRevenue": 2315600000, "costOfRevenue": 2052900000, "grossProfit": 262700000, "researchDevelopment": {}, "sellingGeneralAdministrative": 24300000, "nonRecurring": {}, "otherOperatingExpenses": -65100000, "totalOperatingExpenses": 2490600000, "operatingIncome": -175000000, "totalOtherIncomeExpenseNet": -15218900000, "ebit": -175000000, "interestExpense": -452800000, "incomeBeforeTax": -15393900000, "incomeTaxExpense": 2100000, "minorityInterest": 2614600000, "netIncomeFromContinuingOps": -15396000000, "discontinuedOperations": {}, "extraordinaryItems": {}, "effectOfAccountingCharges": {}, "otherItems": {}, "netIncome": -15376700000, "netIncomeApplicableToCommonShares": -15376700000}, {"maxAge": 1, "endDate": "2019-12-31", "totalRevenue": 3817900000, "costOfRevenue": 2708700000, "grossProfit": 1109200000, "researchDevelopment": {}, "sellingGeneralAdministrative": 24300000, "nonRecurring": {}, "otherOperatingExpenses": 311400000, "totalOperatingExpenses": 3451000000, "operatingIncome": 366900000, "totalOtherIncomeExpenseNet": -1316800000, "ebit": 366900000, "interestExpense": -1244400000, "incomeBeforeTax": -949900000, "incomeTaxExpense": 3000000, "minorityInterest": 2614600000, "netIncomeFromContinuingOps": -952900000, "discontinuedOperations": {}, "extraordinaryItems": {}, "effectOfAccountingCharges": {}, "otherItems": {}, "netIncome": -892800000, "netIncomeApplicableToCommonShares": -892800000}, {"maxAge": 1, "endDate": "2019-09-30", "totalRevenue": 3859900000, "costOfRevenue": 2969100000, "grossProfit": 890800000, "researchDevelopment": {}, "sellingGeneralAdministrative": 24300000, "nonRecurring": {}, "otherOperatingExpenses": 176400000, "totalOperatingExpenses": 3572500000, "operatingIncome": 287400000, "totalOtherIncomeExpenseNet": -547000000, "ebit": 287400000, "interestExpense": -1056100000, "incomeBeforeTax": -259600000, "incomeTaxExpense": 3000000, "minorityInterest": 2626400000, "netIncomeFromContinuingOps": -262600000, "discontinuedOperations": {}, "extraordinaryItems": {}, "effectOfAccountingCharges": {}, "otherItems": {}, "netIncome": -275700000, "netIncomeApplicableToCommonShares": -275700000}], "maxAge": 86400}, "cashflowStatementHistoryQuarterly": {"cashflowStatements": [{"maxAge": 1, "endDate": "2020-06-30", "netIncome": -1006300000, "changeToLiabilities": 0}, {"maxAge": 1, "endDate": "2020-03-31", "netIncome": -15376700000, "changeToLiabilities": 0}, {"maxAge": 1, "endDate": "2019-12-31", "netIncome": -892800000, "changeToLiabilities": 0}, {"maxAge": 1, "endDate": "2019-09-30", "netIncome": -275700000, "changeToLiabilities": 0}], "maxAge": 86400}, "insiderHolders": {"holders": [{"maxAge": 1, "name": "Essar Shipping & Logistics Ltd", "relation": "Promoter", "url": "", "transactionDescription": "Sale", "latestTransDate": "2013-05-30", "positionDirect": 145768773, "positionDirectDate": "2013-05-30"}], "maxAge": 1}, "earnings": {"maxAge": 86400, "earningsChart": {"quarterly": [], "earningsDate": []}, "financialsChart": {"yearly": [{"date": 2017, "revenue": 21939800000, "earnings": -5834400000}, {"date": 2018, "revenue": 12077500000, "earnings": -16648300000}, {"date": 2019, "revenue": 13091800000, "earnings": -37752800000}, {"date": 2020, "revenue": 13441600000, "earnings": -16815000000}], "quarterly": [{"date": "3Q2019", "revenue": 3859900000, "earnings": -275700000}, {"date": "4Q2019", "revenue": 3817900000, "earnings": -892800000}, {"date": "1Q2020", "revenue": 2315600000, "earnings": -15376700000}, {"date": "2Q2020", "revenue": 1482000000, "earnings": -1006300000}]}, "financialCurrency": "INR"}, "calendarEvents": {"maxAge": 1, "earnings": {"earningsDate": []}}, "upgradeDowngradeHistory": {"history": [], "maxAge": 86400}, "price": {"maxAge": 1, "regularMarketChangePercent": 0.017811688, "regularMarketChange": 0.13999987, "regularMarketTime": "2021-04-30 15:19:42", "priceHint": 2, "regularMarketPrice": 8.0, "regularMarketDayHigh": 8.05, "regularMarketDayLow": 7.7, "regularMarketVolume": 20556, "averageDailyVolume10Day": 11956, "averageDailyVolume3Month": 18853, "regularMarketPreviousClose": 7.86, "regularMarketSource": "FREE_REALTIME", "regularMarketOpen": 7.84, "exchange": "BSE", "exchangeName": "BSE", "exchangeDataDelayedBy": 0, "marketState": "CLOSED", "quoteType": "EQUITY", "symbol": "ESSARSHPNG.BO", "underlyingSymbol": null, "shortName": "ESSAR SHIPPING LTD.", "longName": "Essar Shipping Limited", "currency": "INR", "quoteSourceName": "Delayed Quote", "currencySymbol": "\u20b9", "fromCurrency": null, "lastMarket": null, "marketCap": 1655808000}, "balanceSheetHistory": {"balanceSheetStatements": [{"maxAge": 1, "endDate": "2020-03-31", "cash": 443000000, "netReceivables": 10681200000, "inventory": 216500000, "otherCurrentAssets": 1804700000, "totalCurrentAssets": 13155600000, "propertyPlantEquipment": 10136100000, "otherAssets": 162700000, "totalAssets": 23454400000, "accountsPayable": 2609000000, "shortLongTermDebt": 26665100000, "otherCurrentLiab": 4011600000, "longTermDebt": 19749500000, "minorityInterest": 2614600000, "totalCurrentLiabilities": 43304900000, "totalLiab": 63054400000, "commonStock": 2069800000, "retainedEarnings": -47012400000, "treasuryStock": 2119800000, "capitalSurplus": 608200000, "otherStockholderEquity": 2119800000, "totalStockholderEquity": -42214600000, "netTangibleAssets": -42214600000}, {"maxAge": 1, "endDate": "2019-03-31", "cash": 246400000, "shortTermInvestments": 100000, "netReceivables": 11209500000, "inventory": 300100000, "otherCurrentAssets": 1535200000, "totalCurrentAssets": 13341300000, "longTermInvestments": 419800000, "propertyPlantEquipment": 18232200000, "goodWill": 13363100000, "otherAssets": 269500000, "totalAssets": 45625900000, "accountsPayable": 2848400000, "shortLongTermDebt": 28669900000, "otherCurrentLiab": 3488000000, "longTermDebt": 19041900000, "minorityInterest": 2618000000, "totalCurrentLiabilities": 43061300000, "totalLiab": 62103200000, "commonStock": 2069800000, "retainedEarnings": -30240200000, "treasuryStock": 8514400000, "capitalSurplus": 560700000, "otherStockholderEquity": 8514400000, "totalStockholderEquity": -19095300000, "netTangibleAssets": -32458400000}, {"maxAge": 1, "endDate": "2018-03-31", "cash": 554100000, "netReceivables": 20598100000, "inventory": 719500000, "otherCurrentAssets": 1057500000, "totalCurrentAssets": 22966300000, "propertyPlantEquipment": 27031400000, "goodWill": 26278200000, "otherAssets": 170500000, "totalAssets": 76446400000, "accountsPayable": 2946000000, "shortLongTermDebt": 24200900000, "otherCurrentLiab": 3830100000, "longTermDebt": 17544800000, "minorityInterest": 1917700000, "totalCurrentLiabilities": 43283900000, "totalLiab": 60828700000, "commonStock": 2069800000, "retainedEarnings": 7512600000, "treasuryStock": 4084000000, "capitalSurplus": 33600000, "otherStockholderEquity": 4084000000, "totalStockholderEquity": 13700000000, "netTangibleAssets": -12578200000}, {"maxAge": 1, "endDate": "2017-03-31", "cash": 398500000, "netReceivables": 30958300000, "inventory": 749700000, "otherCurrentAssets": 1383500000, "totalCurrentAssets": 33528400000, "longTermInvestments": 370100000, "propertyPlantEquipment": 33627900000, "goodWill": 26090400000, "otherAssets": 1344700000, "totalAssets": 94961500000, "accountsPayable": 4143000000, "shortLongTermDebt": 36833700000, "otherCurrentLiab": 1316500000, "longTermDebt": 6749700000, "totalCurrentLiabilities": 60657400000, "totalLiab": 68612700000, "commonStock": 2069800000, "retainedEarnings": 21154900000, "treasuryStock": 3090500000, "capitalSurplus": 33600000, "otherStockholderEquity": 3090500000, "totalStockholderEquity": 26348800000, "netTangibleAssets": 258400000}], "maxAge": 86400}, "earningsTrend": {"trend": [{"maxAge": 1, "period": "0q", "endDate": null, "growth": {}, "earningsEstimate": {"avg": 0.0, "low": 0.0, "high": 0.0, "yearAgoEps": {}, "numberOfAnalysts": 0, "growth": {}}, "revenueEstimate": {"avg": 0, "low": 0, "high": 0, "numberOfAnalysts": 0, "yearAgoRevenue": {}, "growth": {}}, "epsTrend": {"current": 0.0, "7daysAgo": 0.0, "30daysAgo": 0.0, "60daysAgo": 0.0, "90daysAgo": 0.0}, "epsRevisions": {"upLast7days": 0, "upLast30days": 0, "downLast30days": 0, "downLast90days": {}}}, {"maxAge": 1, "period": "+1q", "endDate": null, "growth": {}, "earningsEstimate": {"avg": 0.0, "low": 0.0, "high": 0.0, "yearAgoEps": {}, "numberOfAnalysts": 0, "growth": {}}, "revenueEstimate": {"avg": 0, "low": 0, "high": 0, "numberOfAnalysts": 0, "yearAgoRevenue": {}, "growth": {}}, "epsTrend": {"current": 0.0, "7daysAgo": 0.0, "30daysAgo": 0.0, "60daysAgo": 0.0, "90daysAgo": 0.0}, "epsRevisions": {"upLast7days": 0, "upLast30days": 0, "downLast30days": 0, "downLast90days": {}}}, {"maxAge": 1, "period": "0y", "endDate": null, "growth": {}, "earningsEstimate": {"avg": 0.0, "low": 0.0, "high": 0.0, "yearAgoEps": {}, "numberOfAnalysts": 0, "growth": {}}, "revenueEstimate": {"avg": 0, "low": 0, "high": 0, "numberOfAnalysts": 0, "yearAgoRevenue": {}, "growth": {}}, "epsTrend": {"current": 0.0, "7daysAgo": 0.0, "30daysAgo": 0.0, "60daysAgo": 0.0, "90daysAgo": 0.0}, "epsRevisions": {"upLast7days": 0, "upLast30days": 0, "downLast30days": 0, "downLast90days": {}}}, {"maxAge": 1, "period": "+1y", "endDate": null, "growth": {}, "earningsEstimate": {"avg": 0.0, "low": 0.0, "high": 0.0, "yearAgoEps": {}, "numberOfAnalysts": 0, "growth": {}}, "revenueEstimate": {"avg": 0, "low": 0, "high": 0, "numberOfAnalysts": 0, "yearAgoRevenue": {}, "growth": {}}, "epsTrend": {"current": 0.0, "7daysAgo": 0.0, "30daysAgo": 0.0, "60daysAgo": 0.0, "90daysAgo": 0.0}, "epsRevisions": {"upLast7days": 0, "upLast30days": 0, "downLast30days": 0, "downLast90days": {}}}, {"maxAge": 1, "period": "+5y", "endDate": null, "growth": {}, "earningsEstimate": {"avg": {}, "low": {}, "high": {}, "yearAgoEps": {}, "numberOfAnalysts": {}, "growth": {}}, "revenueEstimate": {"avg": {}, "low": {}, "high": {}, "numberOfAnalysts": {}, "yearAgoRevenue": {}, "growth": {}}, "epsTrend": {"current": {}, "7daysAgo": {}, "30daysAgo": {}, "60daysAgo": {}, "90daysAgo": {}}, "epsRevisions": {"upLast7days": {}, "upLast30days": {}, "downLast30days": {}, "downLast90days": {}}}, {"maxAge": 1, "period": "-5y", "endDate": null, "growth": {}, "earningsEstimate": {"avg": {}, "low": {}, "high": {}, "yearAgoEps": {}, "numberOfAnalysts": {}, "growth": {}}, "revenueEstimate": {"avg": {}, "low": {}, "high": {}, "numberOfAnalysts": {}, "yearAgoRevenue": {}, "growth": {}}, "epsTrend": {"current": {}, "7daysAgo": {}, "30daysAgo": {}, "60daysAgo": {}, "90daysAgo": {}}, "epsRevisions": {"upLast7days": {}, "upLast30days": {}, "downLast30days": {}, "downLast90days": {}}}], "maxAge": 1}, "financialData": {"maxAge": 86400, "currentPrice": 8.0, "targetHighPrice": 62.0, "targetLowPrice": 62.0, "targetMeanPrice": 62.0, "targetMedianPrice": 62.0, "recommendationKey": "none", "numberOfAnalystOpinions": 1, "grossProfits": 3324300000, "financialCurrency": "INR"}}}