{"ETIL.BO": {"cashflowStatementHistory": {"cashflowStatements": [{"maxAge": 1, "endDate": "2020-03-31", "netIncome": 4580054, "changeToNetincome": 16908748, "changeToAccountReceivables": -16002605, "changeToLiabilities": 14543, "changeToInventory": 5133259, "changeToOperatingActivities": 95935301, "totalCashFromOperatingActivities": 106569300, "capitalExpenditures": -14090869, "investments": 60532779, "otherCashflowsFromInvestingActivities": -16908748, "totalCashflowsFromInvestingActivities": 29533162, "changeInCash": 136102462}, {"maxAge": 1, "endDate": "2019-03-31", "netIncome": 3077674, "depreciation": 27932, "changeToNetincome": 12250001, "changeToAccountReceivables": 33430273, "changeToLiabilities": 67675, "changeToInventory": 21773996, "changeToOperatingActivities": -20125212, "totalCashFromOperatingActivities": 50502337, "capitalExpenditures": -14090869, "investments": -60532779, "otherCashflowsFromInvestingActivities": -11153792, "totalCashflowsFromInvestingActivities": -71686571, "changeInCash": -21184234}, {"maxAge": 1, "endDate": "2018-03-31", "netIncome": 3307810, "depreciation": 18009, "changeToNetincome": -7820, "changeToAccountReceivables": -3239639, "changeToLiabilities": 0, "changeToInventory": 20124824, "changeToOperatingActivities": -1713760, "totalCashFromOperatingActivities": 18489420, "capitalExpenditures": -14090869, "investments": -60532779, "otherCashflowsFromInvestingActivities": -11153792, "totalCashflowsFromInvestingActivities": 5083658, "changeInCash": 23712703}, {"maxAge": 1, "endDate": "2017-03-31", "netIncome": 1116522, "depreciation": 51631, "changeToNetincome": -60028, "changeToAccountReceivables": -34146577, "changeToLiabilities": 0, "changeToInventory": 14382955, "changeToOperatingActivities": 682536, "totalCashFromOperatingActivities": -17972965, "capitalExpenditures": -14090869, "investments": -60532779, "otherCashflowsFromInvestingActivities": -11153792, "totalCashflowsFromInvestingActivities": 28587191, "changeInCash": 10614227}], "maxAge": 86400}, "institutionOwnership": {"ownershipList": [], "maxAge": 1}, "balanceSheetHistoryQuarterly": {"balanceSheetStatements": [{"maxAge": 1, "endDate": "2020-06-30", "totalStockholderEquity": 377220333, "netTangibleAssets": 377220333}, {"maxAge": 1, "endDate": "2020-03-31", "cash": 157822428, "shortTermInvestments": 63326015, "netReceivables": 135381172, "otherCurrentAssets": 11524035, "totalCurrentAssets": 371759204, "propertyPlantEquipment": 14152320, "otherAssets": 17888, "deferredLongTermAssetCharges": 17888, "totalAssets": 385929412, "otherCurrentLiab": 8137898, "totalCurrentLiabilities": 8709079, "totalLiab": 8709079, "commonStock": 186695750, "retainedEarnings": 22505231, "treasuryStock": 160219352, "capitalSurplus": 7800000, "otherStockholderEquity": 160219352, "totalStockholderEquity": 377220333, "netTangibleAssets": 377220333}, {"maxAge": 1, "endDate": "2019-12-31", "totalStockholderEquity": 375416222, "netTangibleAssets": 375416222}, {"maxAge": 1, "endDate": "2019-09-30", "cash": 75546956, "shortTermInvestments": 50836120, "netReceivables": 237191475, "inventory": 8925898, "otherCurrentAssets": 10483234, "totalCurrentAssets": 382983683, "propertyPlantEquipment": 61450, "otherAssets": 17888, "deferredLongTermAssetCharges": 17888, "totalAssets": 383063021, "otherCurrentLiab": 7646802, "totalCurrentLiabilities": 7646802, "totalLiab": 7646802, "commonStock": 186695750, "treasuryStock": 188720472, "otherStockholderEquity": 188720472, "totalStockholderEquity": 375416222, "netTangibleAssets": 375416222}], "maxAge": 86400}, "indexTrend": {"maxAge": 1, "symbol": "SP5", "peRatio": 19.7411, "pegRatio": 1.34172, "estimates": [{"period": "0q", "growth": 0.549}, {"period": "+1q", "growth": 0.431}, {"period": "0y", "growth": 0.305}, {"period": "+1y", "growth": 0.109}, {"period": "+5y", "growth": 0.120859005}, {"period": "-5y"}]}, "quoteType": {"exchange": "BSE", "quoteType": "EQUITY", "symbol": "ETIL.BO", "underlyingSymbol": "ETIL.BO", "shortName": "Econo Trade (India) Limited", "longName": "Econo Trade (India) Limited", "firstTradeDateEpochUtc": "2014-10-22 09:15:00", "timeZoneFullName": "Asia/Kolkata", "timeZoneShortName": "IST", "uuid": "4dff1706-47ae-3d45-aed6-2e950844249d", "gmtOffSetMilliseconds": 19800000, "maxAge": 1}, "incomeStatementHistory": {"incomeStatementHistory": [{"maxAge": 1, "endDate": "2020-03-31", "totalRevenue": 24381713, "costOfRevenue": 5486229, "grossProfit": 18895484, "researchDevelopment": {}, "sellingGeneralAdministrative": 1308146, "nonRecurring": {}, "otherOperatingExpenses": 11049970, "totalOperatingExpenses": 17844345, "operatingIncome": 6537368, "totalOtherIncomeExpenseNet": -107314, "ebit": 6537368, "interestExpense": {}, "incomeBeforeTax": 6430054, "incomeTaxExpense": 1850000, "minorityInterest": {}, "netIncomeFromContinuingOps": 4580054, "discontinuedOperations": {}, "extraordinaryItems": {}, "effectOfAccountingCharges": {}, "otherItems": {}, "netIncome": 4580054, "netIncomeApplicableToCommonShares": 4580054}, {"maxAge": 1, "endDate": "2019-03-31", "totalRevenue": 38024920, "costOfRevenue": 21773995, "grossProfit": 16250925, "researchDevelopment": {}, "sellingGeneralAdministrative": 426000, "nonRecurring": {}, "otherOperatingExpenses": 11622162, "totalOperatingExpenses": 33850087, "operatingIncome": 4174833, "totalOtherIncomeExpenseNet": -949, "ebit": 4174833, "interestExpense": {}, "incomeBeforeTax": 4173884, "incomeTaxExpense": 1096210, "minorityInterest": {}, "netIncomeFromContinuingOps": 3077674, "discontinuedOperations": {}, "extraordinaryItems": {}, "effectOfAccountingCharges": {}, "otherItems": {}, "netIncome": 3077674, "netIncomeApplicableToCommonShares": 3077674}, {"maxAge": 1, "endDate": "2018-03-31", "totalRevenue": 98673897, "costOfRevenue": 89470564, "grossProfit": 9203333, "researchDevelopment": {}, "sellingGeneralAdministrative": 1923306, "nonRecurring": {}, "otherOperatingExpenses": 2788911, "totalOperatingExpenses": 94200790, "operatingIncome": 4473107, "totalOtherIncomeExpenseNet": -22047, "ebit": 4473107, "interestExpense": -23890, "incomeBeforeTax": 4451060, "incomeTaxExpense": 1143250, "minorityInterest": {}, "netIncomeFromContinuingOps": 3307810, "discontinuedOperations": {}, "extraordinaryItems": {}, "effectOfAccountingCharges": {}, "otherItems": {}, "netIncome": 3307810, "netIncomeApplicableToCommonShares": 3307810}, {"maxAge": 1, "endDate": "2017-03-31", "totalRevenue": 146727099, "costOfRevenue": 132042667, "grossProfit": 14684432, "researchDevelopment": {}, "sellingGeneralAdministrative": 1799711, "nonRecurring": {}, "otherOperatingExpenses": 10211232, "totalOperatingExpenses": 144105241, "operatingIncome": 2621858, "totalOtherIncomeExpenseNet": 22427, "ebit": 2621858, "interestExpense": -20560, "incomeBeforeTax": 2644285, "incomeTaxExpense": 1527763, "minorityInterest": {}, "netIncomeFromContinuingOps": 1116522, "discontinuedOperations": {}, "extraordinaryItems": {}, "effectOfAccountingCharges": {}, "otherItems": {}, "netIncome": 1116522, "netIncomeApplicableToCommonShares": 1116522}], "maxAge": 86400}, "fundOwnership": {"ownershipList": [], "maxAge": 1}, "summaryDetail": {"maxAge": 1, "priceHint": 4, "previousClose": 2.5, "open": 2.5, "dayLow": 2.45, "dayHigh": 2.5, "regularMarketPreviousClose": 2.5, "regularMarketOpen": 2.5, "regularMarketDayLow": 2.45, "regularMarketDayHigh": 2.5, "trailingPE": 11.342592, "volume": 15211, "regularMarketVolume": 15211, "averageVolume": 21900, "averageVolume10days": 27688, "averageDailyVolume10Day": 27688, "bid": 0.0, "ask": 0.0, "bidSize": 0, "askSize": 0, "marketCap": 45740520, "fiftyTwoWeekLow": 2.24, "fiftyTwoWeekHigh": 8.9, "fiftyDayAverage": 7.443939, "twoHundredDayAverage": 5.795662, "currency": "INR", "fromCurrency": null, "lastMarket": null, "algorithm": null, "tradeable": false}, "incomeStatementHistoryQuarterly": {"incomeStatementHistory": [{"maxAge": 1, "endDate": "2020-06-30", "totalRevenue": 3047650, "costOfRevenue": 95180, "grossProfit": 2952470, "researchDevelopment": {}, "sellingGeneralAdministrative": 54000, "nonRecurring": {}, "otherOperatingExpenses": 370750, "totalOperatingExpenses": 519930, "operatingIncome": 2527720, "totalOtherIncomeExpenseNet": -49610, "ebit": 2527720, "interestExpense": -49620, "incomeBeforeTax": 2478110, "incomeTaxExpense": 645000, "minorityInterest": {}, "netIncomeFromContinuingOps": 1833110, "discontinuedOperations": {}, "extraordinaryItems": {}, "effectOfAccountingCharges": {}, "otherItems": {}, "netIncome": 1833110, "netIncomeApplicableToCommonShares": 1833110}, {"maxAge": 1, "endDate": "2020-03-31", "totalRevenue": 17198613, "costOfRevenue": 5220319, "grossProfit": 11978294, "researchDevelopment": {}, "sellingGeneralAdministrative": 1130946, "nonRecurring": {}, "otherOperatingExpenses": 9371460, "totalOperatingExpenses": 15722725, "operatingIncome": 1475888, "totalOtherIncomeExpenseNet": -107304, "ebit": 1475888, "interestExpense": -49620, "incomeBeforeTax": 1368584, "incomeTaxExpense": 534020, "minorityInterest": {}, "netIncomeFromContinuingOps": 834564, "discontinuedOperations": {}, "extraordinaryItems": {}, "effectOfAccountingCharges": {}, "otherItems": {}, "netIncome": 834564, "netIncomeApplicableToCommonShares": 834564}, {"maxAge": 1, "endDate": "2019-12-31", "totalRevenue": 1760140, "costOfRevenue": 0, "grossProfit": 1760140, "researchDevelopment": {}, "sellingGeneralAdministrative": 75200, "nonRecurring": {}, "otherOperatingExpenses": 374730, "totalOperatingExpenses": 449930, "operatingIncome": 1310210, "totalOtherIncomeExpenseNet": -10, "ebit": 1310210, "interestExpense": -49620, "incomeBeforeTax": 1310200, "incomeTaxExpense": 340650, "minorityInterest": {}, "netIncomeFromContinuingOps": 969550, "discontinuedOperations": {}, "extraordinaryItems": {}, "effectOfAccountingCharges": {}, "otherItems": {}, "netIncome": 969550, "netIncomeApplicableToCommonShares": 969550}, {"maxAge": 1, "endDate": "2019-09-30", "totalRevenue": 1490240, "costOfRevenue": 80820, "grossProfit": 1409420, "researchDevelopment": {}, "sellingGeneralAdministrative": 72000, "nonRecurring": {}, "otherOperatingExpenses": 845100, "totalOperatingExpenses": 997920, "operatingIncome": 492320, "totalOtherIncomeExpenseNet": 27000, "ebit": 492320, "interestExpense": -49620, "incomeBeforeTax": 519320, "incomeTaxExpense": 135020, "minorityInterest": {}, "netIncomeFromContinuingOps": 384300, "discontinuedOperations": {}, "extraordinaryItems": {}, "effectOfAccountingCharges": {}, "otherItems": {}, "netIncome": 384300, "netIncomeApplicableToCommonShares": 384300}], "maxAge": 86400}, "cashflowStatementHistoryQuarterly": {"cashflowStatements": [{"maxAge": 1, "endDate": "2020-06-30", "netIncome": 1833110, "changeToLiabilities": 0}, {"maxAge": 1, "endDate": "2020-03-31", "netIncome": 834564, "changeToLiabilities": 0}, {"maxAge": 1, "endDate": "2019-12-31", "netIncome": 969550, "changeToLiabilities": 0}, {"maxAge": 1, "endDate": "2019-09-30", "netIncome": 384300, "changeToLiabilities": 0}], "maxAge": 86400}, "insiderHolders": {"holders": [], "maxAge": 1}, "calendarEvents": {"maxAge": 1, "earnings": {"earningsDate": ["2020-09-15 05:30:S"]}}, "upgradeDowngradeHistory": {"history": [], "maxAge": 86400}, "price": {"maxAge": 1, "regularMarketChangePercent": -0.01999998, "regularMarketChange": -0.049999952, "regularMarketTime": "2021-04-30 15:24:02", "priceHint": 4, "regularMarketPrice": 2.45, "regularMarketDayHigh": 2.5, "regularMarketDayLow": 2.45, "regularMarketVolume": 15211, "averageDailyVolume10Day": 27688, "averageDailyVolume3Month": 21900, "regularMarketPreviousClose": 2.5, "regularMarketSource": "FREE_REALTIME", "regularMarketOpen": 2.5, "exchange": "BSE", "exchangeName": "BSE", "exchangeDataDelayedBy": 0, "marketState": "CLOSED", "quoteType": "EQUITY", "symbol": "ETIL.BO", "underlyingSymbol": null, "shortName": "Econo Trade (India) Limited", "longName": "Econo Trade (India) Limited", "currency": "INR", "quoteSourceName": "Delayed Quote", "currencySymbol": "\u20b9", "fromCurrency": null, "lastMarket": null, "marketCap": 45740520}, "balanceSheetHistory": {"balanceSheetStatements": [{"maxAge": 1, "endDate": "2020-03-31", "cash": 157822428, "shortTermInvestments": 63326015, "netReceivables": 135381172, "otherCurrentAssets": 11524035, "totalCurrentAssets": 371759204, "propertyPlantEquipment": 14152320, "otherAssets": 17888, "deferredLongTermAssetCharges": 17888, "totalAssets": 385929412, "otherCurrentLiab": 8137898, "totalCurrentLiabilities": 8709079, "totalLiab": 8709079, "commonStock": 186695750, "retainedEarnings": 22505231, "treasuryStock": 160219352, "capitalSurplus": 7800000, "otherStockholderEquity": 160219352, "totalStockholderEquity": 377220333, "netTangibleAssets": 377220333}, {"maxAge": 1, "endDate": "2019-03-31", "cash": 19869966, "netReceivables": 279865898, "otherCurrentAssets": 10298020, "totalCurrentAssets": 318872697, "longTermInvestments": 60532779, "propertyPlantEquipment": 61451, "otherAssets": 17887, "deferredLongTermAssetCharges": 17888, "totalAssets": 379484814, "otherCurrentLiab": 6331720, "totalCurrentLiabilities": 6844535, "totalLiab": 6844535, "commonStock": 186695750, "retainedEarnings": 17925177, "treasuryStock": 160219352, "capitalSurplus": 7800000, "otherStockholderEquity": 160219352, "totalStockholderEquity": 372640279, "netTangibleAssets": 372640279}, {"maxAge": 1, "endDate": "2018-03-31", "cash": 41054199, "netReceivables": 289866479, "otherCurrentAssets": 13602498, "totalCurrentAssets": 375135985, "propertyPlantEquipment": 89383, "otherAssets": 28888, "deferredLongTermAssetCharges": 28888, "totalAssets": 375254256, "otherCurrentLiab": 5203166, "totalCurrentLiabilities": 5691650, "totalLiab": 5691650, "commonStock": 186695750, "retainedEarnings": 14847503, "treasuryStock": 160219352, "capitalSurplus": 7800000, "otherStockholderEquity": 160219352, "totalStockholderEquity": 369562605, "netTangibleAssets": 369562605}, {"maxAge": 1, "endDate": "2017-03-31", "cash": 17341496, "netReceivables": 291504497, "otherCurrentAssets": 11726476, "totalCurrentAssets": 371310103, "propertyPlantEquipment": 107393, "otherAssets": 24978, "deferredLongTermAssetCharges": 24978, "totalAssets": 371442474, "otherCurrentLiab": 4092057, "totalCurrentLiabilities": 5187674, "totalLiab": 5187674, "commonStock": 186695750, "retainedEarnings": 11539697, "treasuryStock": 160219352, "capitalSurplus": 7800000, "otherStockholderEquity": 160219352, "totalStockholderEquity": 366254799, "netTangibleAssets": 366254799}], "maxAge": 86400}, "financialData": {"maxAge": 86400, "currentPrice": 2.45, "recommendationKey": "none", "grossProfits": 18895484, "financialCurrency": "INR"}}}