{"ETT.BO": {"cashflowStatementHistory": {"cashflowStatements": [{"maxAge": 1, "endDate": "2020-03-31", "netIncome": -10801000, "depreciation": 16313000, "changeToNetincome": 15885000, "changeToAccountReceivables": -4000, "changeToLiabilities": -197000, "changeToInventory": 17000, "changeToOperatingActivities": 382000, "totalCashFromOperatingActivities": 21595000, "investments": -15696000, "otherCashflowsFromInvestingActivities": 25000, "totalCashflowsFromInvestingActivities": -15671000, "netBorrowings": 5243000, "otherCashflowsFromFinancingActivities": -6462000, "totalCashFromFinancingActivities": -1219000, "changeInCash": 4705000}, {"maxAge": 1, "endDate": "2019-03-31", "netIncome": -32434000, "depreciation": 17820000, "changeToNetincome": 25211000, "changeToAccountReceivables": -681000, "changeToLiabilities": -143000, "changeToInventory": 25000, "changeToOperatingActivities": 1279000, "totalCashFromOperatingActivities": 11077000, "investments": 1103000, "otherCashflowsFromInvestingActivities": 23000, "totalCashflowsFromInvestingActivities": 1126000, "netBorrowings": -4479000, "otherCashflowsFromFinancingActivities": -7584000, "totalCashFromFinancingActivities": -12063000, "changeInCash": 140000}, {"maxAge": 1, "endDate": "2018-03-31", "netIncome": -31178750, "depreciation": 19614620, "changeToNetincome": 18967240, "changeToAccountReceivables": 44510, "changeToLiabilities": 1160970, "changeToInventory": -43180, "changeToOperatingActivities": -1536020, "totalCashFromOperatingActivities": 7029390, "capitalExpenditures": -122800, "investments": 1003480, "otherCashflowsFromInvestingActivities": 1390, "totalCashflowsFromInvestingActivities": 882070, "netBorrowings": -1144890, "otherCashflowsFromFinancingActivities": -7660950, "totalCashFromFinancingActivities": -8805840, "changeInCash": -894380}, {"maxAge": 1, "endDate": "2017-03-31", "netIncome": -401820, "depreciation": 21632580, "changeToNetincome": 2915030, "changeToAccountReceivables": 709650, "changeToLiabilities": -191530, "changeToInventory": 71310, "changeToOperatingActivities": 2171190, "totalCashFromOperatingActivities": 26906410, "capitalExpenditures": -634840, "investments": 15218140, "otherCashflowsFromInvestingActivities": 188380, "totalCashflowsFromInvestingActivities": 40771680, "netBorrowings": 33506800, "otherCashflowsFromFinancingActivities": -327270, "totalCashFromFinancingActivities": -66820470, "changeInCash": 857620}], "maxAge": 86400}, "institutionOwnership": {"ownershipList": [], "maxAge": 1}, "balanceSheetHistoryQuarterly": {"balanceSheetStatements": [{"maxAge": 1, "endDate": "2020-06-30", "totalStockholderEquity": 259923000, "netTangibleAssets": 259923000}, {"maxAge": 1, "endDate": "2020-03-31", "cash": 5331000, "netReceivables": 10609000, "inventory": 123000, "otherCurrentAssets": 268000, "totalCurrentAssets": 30407000, "propertyPlantEquipment": 2276000, "otherAssets": 323276000, "deferredLongTermAssetCharges": 24633000, "totalAssets": 355959000, "accountsPayable": 406000, "shortLongTermDebt": 9934000, "otherCurrentLiab": 702000, "longTermDebt": 73661000, "otherLiab": 9412000, "totalCurrentLiabilities": 12963000, "totalLiab": 96036000, "commonStock": 103687000, "retainedEarnings": 45806000, "treasuryStock": 100000000, "capitalSurplus": 10430000, "otherStockholderEquity": 100000000, "totalStockholderEquity": 259923000, "netTangibleAssets": 259923000}, {"maxAge": 1, "endDate": "2019-12-31", "totalStockholderEquity": 270941000, "netTangibleAssets": 270941000}, {"maxAge": 1, "endDate": "2019-09-30", "cash": 15019000, "shortTermInvestments": 16000, "netReceivables": 11503000, "inventory": 147000, "otherCurrentAssets": 1233000, "totalCurrentAssets": 27918000, "longTermInvestments": 854000, "propertyPlantEquipment": 2320000, "otherAssets": 326934000, "deferredLongTermAssetCharges": 21045000, "totalAssets": 358026000, "accountsPayable": 105000, "otherCurrentLiab": 1794000, "longTermDebt": 75466000, "otherLiab": 9710000, "totalCurrentLiabilities": 1909000, "totalLiab": 87085000, "commonStock": 103687000, "treasuryStock": 167254000, "otherStockholderEquity": 167254000, "totalStockholderEquity": 270941000, "netTangibleAssets": 270941000}], "maxAge": 86400}, "indexTrend": {"maxAge": 1, "symbol": "SP5", "peRatio": 19.7411, "pegRatio": 1.34172, "estimates": [{"period": "0q", "growth": 0.549}, {"period": "+1q", "growth": 0.431}, {"period": "0y", "growth": 0.305}, {"period": "+1y", "growth": 0.109}, {"period": "+5y", "growth": 0.120859005}, {"period": "-5y"}]}, "quoteType": {"exchange": "BSE", "quoteType": "EQUITY", "symbol": "ETT.BO", "underlyingSymbol": "ETT.BO", "shortName": "ETT LTD", "longName": "ETT Limited", "firstTradeDateEpochUtc": "2014-04-04 09:15:00", "timeZoneFullName": "Asia/Kolkata", "timeZoneShortName": "IST", "uuid": "e367e1bc-0f2b-3a28-8a9e-14b57451cdc7", "gmtOffSetMilliseconds": 19800000, "maxAge": 1}, "incomeStatementHistory": {"incomeStatementHistory": [{"maxAge": 1, "endDate": "2020-03-31", "totalRevenue": 30289000, "costOfRevenue": 3081000, "grossProfit": 27208000, "researchDevelopment": {}, "sellingGeneralAdministrative": 4251000, "nonRecurring": {}, "otherOperatingExpenses": 16945000, "totalOperatingExpenses": 40590000, "operatingIncome": -10301000, "totalOtherIncomeExpenseNet": -3024000, "ebit": -10301000, "interestExpense": -7062000, "incomeBeforeTax": -13325000, "incomeTaxExpense": -2524000, "minorityInterest": {}, "netIncomeFromContinuingOps": -10801000, "discontinuedOperations": {}, "extraordinaryItems": {}, "effectOfAccountingCharges": {}, "otherItems": {}, "netIncome": -10801000, "netIncomeApplicableToCommonShares": -10801000}, {"maxAge": 1, "endDate": "2019-03-31", "totalRevenue": 29221000, "costOfRevenue": 2164000, "grossProfit": 27057000, "researchDevelopment": {}, "sellingGeneralAdministrative": 6844000, "nonRecurring": {}, "otherOperatingExpenses": 9808000, "totalOperatingExpenses": 36636000, "operatingIncome": -7415000, "totalOtherIncomeExpenseNet": -7789000, "ebit": -7415000, "interestExpense": -8132000, "incomeBeforeTax": -15204000, "incomeTaxExpense": 17230000, "minorityInterest": {}, "netIncomeFromContinuingOps": -32434000, "discontinuedOperations": {}, "extraordinaryItems": {}, "effectOfAccountingCharges": {}, "otherItems": {}, "netIncome": -32434000, "netIncomeApplicableToCommonShares": -32434000}, {"maxAge": 1, "endDate": "2018-03-31", "totalRevenue": 28055810, "costOfRevenue": 2494090, "grossProfit": 25561720, "researchDevelopment": {}, "sellingGeneralAdministrative": 6865100, "nonRecurring": {}, "otherOperatingExpenses": 27967000, "totalOperatingExpenses": 56940810, "operatingIncome": -28885000, "totalOtherIncomeExpenseNet": -7577690, "ebit": -28885000, "interestExpense": -8162480, "incomeBeforeTax": -36462690, "incomeTaxExpense": -5283940, "minorityInterest": {}, "netIncomeFromContinuingOps": -31178750, "discontinuedOperations": {}, "extraordinaryItems": {}, "effectOfAccountingCharges": {}, "otherItems": {}, "netIncome": -31178750, "netIncomeApplicableToCommonShares": -31178750}, {"maxAge": 1, "endDate": "2017-03-31", "totalRevenue": 31119930, "costOfRevenue": 2506880, "grossProfit": 28613050, "researchDevelopment": {}, "sellingGeneralAdministrative": 6572010, "nonRecurring": {}, "otherOperatingExpenses": 10334570, "totalOperatingExpenses": 41046040, "operatingIncome": -9926110, "totalOtherIncomeExpenseNet": 11512940, "ebit": -9926110, "interestExpense": -782760, "incomeBeforeTax": 1586830, "incomeTaxExpense": 1988650, "minorityInterest": {}, "netIncomeFromContinuingOps": -401820, "discontinuedOperations": {}, "extraordinaryItems": {}, "effectOfAccountingCharges": {}, "otherItems": {}, "netIncome": -401820, "netIncomeApplicableToCommonShares": -401820}], "maxAge": 86400}, "fundOwnership": {"ownershipList": [], "maxAge": 1}, "summaryDetail": {"maxAge": 1, "priceHint": 2, "previousClose": 45.75, "open": 44.9, "dayLow": 43.5, "dayHigh": 44.9, "regularMarketPreviousClose": 45.75, "regularMarketOpen": 44.9, "regularMarketDayLow": 43.5, "regularMarketDayHigh": 44.9, "volume": 25, "regularMarketVolume": 25, "averageVolume": 30, "averageVolume10days": 2, "averageDailyVolume10Day": 2, "bid": 52.0, "ask": 43.5, "bidSize": 0, "askSize": 0, "marketCap": 451038464, "fiftyTwoWeekLow": 30.5, "fiftyTwoWeekHigh": 58.5, "fiftyDayAverage": 48.195454, "twoHundredDayAverage": 42.81066, "currency": "INR", "fromCurrency": null, "lastMarket": null, "algorithm": null, "tradeable": false}, "incomeStatementHistoryQuarterly": {"incomeStatementHistory": [{"maxAge": 1, "endDate": "2020-06-30", "totalRevenue": 6760000, "costOfRevenue": 0, "grossProfit": 6760000, "researchDevelopment": {}, "sellingGeneralAdministrative": 943000, "nonRecurring": {}, "otherOperatingExpenses": 2408000, "totalOperatingExpenses": 7108000, "operatingIncome": -348000, "totalOtherIncomeExpenseNet": 2118000, "ebit": -348000, "interestExpense": -1649000, "incomeBeforeTax": 1770000, "incomeTaxExpense": 475000, "minorityInterest": {}, "netIncomeFromContinuingOps": 1295000, "discontinuedOperations": {}, "extraordinaryItems": {}, "effectOfAccountingCharges": {}, "otherItems": {}, "netIncome": 1295000, "netIncomeApplicableToCommonShares": 1295000}, {"maxAge": 1, "endDate": "2020-03-31", "totalRevenue": 7014000, "costOfRevenue": 3081000, "grossProfit": 3933000, "researchDevelopment": {}, "sellingGeneralAdministrative": 1037000, "nonRecurring": {}, "otherOperatingExpenses": 7795000, "totalOperatingExpenses": 15992000, "operatingIncome": -8978000, "totalOtherIncomeExpenseNet": -3242000, "ebit": -8978000, "interestExpense": -1591000, "incomeBeforeTax": -12220000, "incomeTaxExpense": -2880000, "minorityInterest": {}, "netIncomeFromContinuingOps": -9340000, "discontinuedOperations": {}, "extraordinaryItems": {}, "effectOfAccountingCharges": {}, "otherItems": {}, "netIncome": -9340000, "netIncomeApplicableToCommonShares": -9340000}, {"maxAge": 1, "endDate": "2019-12-31", "totalRevenue": 7105000, "costOfRevenue": 0, "grossProfit": 7105000, "researchDevelopment": {}, "sellingGeneralAdministrative": 1060000, "nonRecurring": {}, "otherOperatingExpenses": 2637000, "totalOperatingExpenses": 7775000, "operatingIncome": -670000, "totalOtherIncomeExpenseNet": -1510000, "ebit": -670000, "interestExpense": -1516000, "incomeBeforeTax": -2180000, "incomeTaxExpense": -568000, "minorityInterest": {}, "netIncomeFromContinuingOps": -1612000, "discontinuedOperations": {}, "extraordinaryItems": {}, "effectOfAccountingCharges": {}, "otherItems": {}, "netIncome": -1612000, "netIncomeApplicableToCommonShares": -1612000}, {"maxAge": 1, "endDate": "2019-09-30", "totalRevenue": 7974000, "costOfRevenue": 0, "grossProfit": 7974000, "researchDevelopment": {}, "sellingGeneralAdministrative": 1016000, "nonRecurring": {}, "otherOperatingExpenses": 3190000, "totalOperatingExpenses": 8284000, "operatingIncome": -310000, "totalOtherIncomeExpenseNet": 3202000, "ebit": -310000, "interestExpense": -1963000, "incomeBeforeTax": 2892000, "incomeTaxExpense": 1398000, "minorityInterest": {}, "netIncomeFromContinuingOps": 1494000, "discontinuedOperations": {}, "extraordinaryItems": {}, "effectOfAccountingCharges": {}, "otherItems": {}, "netIncome": 1494000, "netIncomeApplicableToCommonShares": 1494000}], "maxAge": 86400}, "cashflowStatementHistoryQuarterly": {"cashflowStatements": [{"maxAge": 1, "endDate": "2020-06-30", "netIncome": 1295000, "changeToLiabilities": 0}, {"maxAge": 1, "endDate": "2020-03-31", "netIncome": -9340000, "changeToLiabilities": 0}, {"maxAge": 1, "endDate": "2019-12-31", "netIncome": -1612000, "changeToLiabilities": 0}, {"maxAge": 1, "endDate": "2019-09-30", "netIncome": 1494000, "changeToLiabilities": 0}], "maxAge": 86400}, "insiderHolders": {"holders": [], "maxAge": 1}, "calendarEvents": {"maxAge": 1, "earnings": {"earningsDate": ["2020-08-20 05:30:S"]}}, "upgradeDowngradeHistory": {"history": [], "maxAge": 86400}, "price": {"maxAge": 1, "regularMarketChangePercent": -0.049180325, "regularMarketChange": -2.25, "regularMarketTime": "2021-04-30 14:42:14", "priceHint": 2, "regularMarketPrice": 43.5, "regularMarketDayHigh": 44.9, "regularMarketDayLow": 43.5, "regularMarketVolume": 25, "averageDailyVolume10Day": 2, "averageDailyVolume3Month": 30, "regularMarketPreviousClose": 45.75, "regularMarketSource": "FREE_REALTIME", "regularMarketOpen": 44.9, "exchange": "BSE", "exchangeName": "BSE", "exchangeDataDelayedBy": 0, "marketState": "CLOSED", "quoteType": "EQUITY", "symbol": "ETT.BO", "underlyingSymbol": null, "shortName": "ETT LTD", "longName": "ETT Limited", "currency": "INR", "quoteSourceName": "Delayed Quote", "currencySymbol": "\u20b9", "fromCurrency": null, "lastMarket": null, "marketCap": 451038464}, "balanceSheetHistory": {"balanceSheetStatements": [{"maxAge": 1, "endDate": "2020-03-31", "cash": 5331000, "netReceivables": 10609000, "inventory": 123000, "otherCurrentAssets": 268000, "totalCurrentAssets": 30407000, "propertyPlantEquipment": 2276000, "otherAssets": 323276000, "deferredLongTermAssetCharges": 24633000, "totalAssets": 355959000, "accountsPayable": 406000, "shortLongTermDebt": 9934000, "otherCurrentLiab": 702000, "longTermDebt": 73661000, "otherLiab": 9412000, "totalCurrentLiabilities": 12963000, "totalLiab": 96036000, "commonStock": 103687000, "retainedEarnings": 45806000, "treasuryStock": 100000000, "capitalSurplus": 10430000, "otherStockholderEquity": 100000000, "totalStockholderEquity": 259923000, "netTangibleAssets": 259923000}, {"maxAge": 1, "endDate": "2019-03-31", "cash": 626000, "netReceivables": 21615000, "inventory": 140000, "otherCurrentAssets": 42000, "totalCurrentAssets": 22743000, "propertyPlantEquipment": 2363000, "otherAssets": 336168000, "deferredLongTermAssetCharges": 21323000, "totalAssets": 361274000, "accountsPayable": 604000, "otherCurrentLiab": 998000, "longTermDebt": 78352000, "otherLiab": 9134000, "totalCurrentLiabilities": 2997000, "totalLiab": 90483000, "commonStock": 103687000, "retainedEarnings": 56674000, "treasuryStock": 100000000, "capitalSurplus": 10430000, "otherStockholderEquity": 100000000, "totalStockholderEquity": 270791000, "netTangibleAssets": 270791000}, {"maxAge": 1, "endDate": "2018-03-31", "cash": 486150, "netReceivables": 21737560, "inventory": 164100, "otherCurrentAssets": 286200, "totalCurrentAssets": 24360200, "propertyPlantEquipment": 2497870, "otherAssets": 371181140, "deferredLongTermAssetCharges": 38565270, "totalAssets": 398039210, "accountsPayable": 746020, "otherCurrentLiab": 744820, "longTermDebt": 82624940, "otherLiab": 9117110, "totalCurrentLiabilities": 3107440, "totalLiab": 94849490, "commonStock": 103686600, "retainedEarnings": 89073320, "treasuryStock": 100000000, "capitalSurplus": 10429800, "otherStockholderEquity": 100000000, "totalStockholderEquity": 303189720, "netTangibleAssets": 303189720}, {"maxAge": 1, "endDate": "2017-03-31", "cash": 1380530, "netReceivables": 19183730, "inventory": 120920, "otherCurrentAssets": 41050, "totalCurrentAssets": 24543850, "longTermInvestments": 26790, "propertyPlantEquipment": 2581360, "otherAssets": 404324270, "deferredLongTermAssetCharges": 33276520, "totalAssets": 431476270, "accountsPayable": 371580, "otherCurrentLiab": 2639590, "longTermDebt": 83769830, "otherLiab": 8894430, "totalCurrentLiabilities": 4426110, "totalLiab": 97090370, "commonStock": 103686600, "retainedEarnings": 120301150, "treasuryStock": 99968350, "capitalSurplus": 10429800, "otherStockholderEquity": 99968350, "totalStockholderEquity": 334385900, "netTangibleAssets": 334385900}], "maxAge": 86400}, "financialData": {"maxAge": 86400, "currentPrice": 43.5, "recommendationKey": "none", "grossProfits": 27208000, "financialCurrency": "INR"}}}