{"EUROCERA.BO": {"recommendationTrend": {"trend": [{"period": "0m", "strongBuy": 0, "buy": 0, "hold": 0, "sell": 0, "strongSell": 0}, {"period": "-1m", "strongBuy": 0, "buy": 0, "hold": 0, "sell": 0, "strongSell": 0}, {"period": "-2m", "strongBuy": 0, "buy": 0, "hold": 0, "sell": 0, "strongSell": 0}, {"period": "-3m", "strongBuy": 0, "buy": 0, "hold": 0, "sell": 0, "strongSell": 0}], "maxAge": 86400}, "cashflowStatementHistory": {"cashflowStatements": [{"maxAge": 1, "endDate": "2019-03-31", "netIncome": -4406119623, "depreciation": 194315221, "changeToNetincome": 3976349686, "changeToAccountReceivables": 80095777, "changeToLiabilities": -2020964, "changeToInventory": 184636821, "changeToOperatingActivities": -39050475, "totalCashFromOperatingActivities": -11793557, "capitalExpenditures": -67870, "otherCashflowsFromInvestingActivities": 25337023, "totalCashflowsFromInvestingActivities": 100031153, "netBorrowings": -76482899, "otherCashflowsFromFinancingActivities": -4281987, "totalCashFromFinancingActivities": -80764886, "changeInCash": 7472710}, {"maxAge": 1, "endDate": "2018-03-31", "netIncome": -291815397, "depreciation": 197216873, "changeToNetincome": -35321735, "changeToAccountReceivables": 77193844, "changeToLiabilities": -35050591, "changeToInventory": 90951112, "changeToOperatingActivities": -28789668, "totalCashFromOperatingActivities": -25615562, "capitalExpenditures": -67870, "investments": -3629, "otherCashflowsFromInvestingActivities": 10294288, "totalCashflowsFromInvestingActivities": 107455333, "netBorrowings": -90351633, "otherCashflowsFromFinancingActivities": -4440122, "totalCashFromFinancingActivities": -94791755, "changeInCash": -12951983}, {"maxAge": 1, "endDate": "2017-03-31", "netIncome": 519665359, "depreciation": 196972462, "changeToNetincome": -701389568, "changeToAccountReceivables": -4172995, "changeToLiabilities": 18511602, "changeToInventory": -3937546, "changeToOperatingActivities": -2178222397, "totalCashFromOperatingActivities": -2152573083, "capitalExpenditures": -5614766, "investments": -216600, "otherCashflowsFromInvestingActivities": 1986075, "totalCashflowsFromInvestingActivities": 1011364705, "netBorrowings": -47351188, "otherCashflowsFromFinancingActivities": 1147821066, "totalCashFromFinancingActivities": 1100469878, "changeInCash": -40738500}, {"maxAge": 1, "endDate": "2016-03-31", "netIncome": -171873864, "depreciation": 201044065, "changeToNetincome": -77723458, "changeToAccountReceivables": -54597559, "changeToLiabilities": 62798735, "changeToInventory": 47373395, "changeToOperatingActivities": 25924227, "totalCashFromOperatingActivities": 32945541, "capitalExpenditures": -185626, "investments": -2531614, "otherCashflowsFromInvestingActivities": 4201025, "totalCashflowsFromInvestingActivities": 1533785, "netBorrowings": -7086482, "otherCashflowsFromFinancingActivities": -7409471, "totalCashFromFinancingActivities": -14495953, "changeInCash": 19983373}], "maxAge": 86400}, "institutionOwnership": {"ownershipList": [], "maxAge": 1}, "balanceSheetHistoryQuarterly": {"balanceSheetStatements": [{"maxAge": 1, "endDate": "2008-06-30", "totalStockholderEquity": 2023924863, "netTangibleAssets": 2023924863}, {"maxAge": 1, "endDate": "2008-03-31", "cash": 294309830, "shortTermInvestments": 16005901, "netReceivables": 791639850, "inventory": 868451096, "otherCurrentAssets": 339210044, "totalCurrentAssets": 2309616721, "longTermInvestments": 460750, "propertyPlantEquipment": 3731293638, "totalAssets": 6041371109, "accountsPayable": 360181208, "otherCurrentLiab": 169780972, "longTermDebt": 2616576574, "otherLiab": 128736546, "totalCurrentLiabilities": 1272133126, "totalLiab": 4017446246, "commonStock": 171000000, "retainedEarnings": 859570502, "treasuryStock": 2098827, "capitalSurplus": 991255534, "otherStockholderEquity": 2098827, "totalStockholderEquity": 2023924863, "netTangibleAssets": 2023924863}, {"maxAge": 1, "endDate": "2007-12-31"}, {"maxAge": 1, "endDate": "2007-09-30"}], "maxAge": 86400}, "earningsHistory": {"history": [{"maxAge": 1, "epsActual": {}, "epsEstimate": {}, "epsDifference": {}, "surprisePercent": {}, "quarter": {}, "period": "-4q"}, {"maxAge": 1, "epsActual": {}, "epsEstimate": {}, "epsDifference": {}, "surprisePercent": {}, "quarter": {}, "period": "-3q"}, {"maxAge": 1, "epsActual": {}, "epsEstimate": {}, "epsDifference": {}, "surprisePercent": {}, "quarter": {}, "period": "-2q"}, {"maxAge": 1, "epsActual": {}, "epsEstimate": {}, "epsDifference": {}, "surprisePercent": {}, "quarter": {}, "period": "-1q"}], "maxAge": 86400}, "indexTrend": {"maxAge": 1, "symbol": "SP5", "peRatio": 19.7411, "pegRatio": 1.34172, "estimates": [{"period": "0q", "growth": 0.549}, {"period": "+1q", "growth": 0.431}, {"period": "0y", "growth": 0.305}, {"period": "+1y", "growth": 0.109}, {"period": "+5y", "growth": 0.120865}, {"period": "-5y"}]}, "industryTrend": {"maxAge": 1, "symbol": null, "estimates": []}, "insiderTransactions": {"transactions": [{"maxAge": 1, "shares": 2149878, "filerUrl": "", "transactionText": "", "filerName": "ICICI Bank UK Ltd", "filerRelation": "Institution- Corporation", "moneyText": "", "startDate": "2012-10-05", "ownership": "D"}, {"maxAge": 1, "shares": 2477579, "filerUrl": "", "transactionText": "", "filerName": "Mehta (Milankumar Dhirajlal)", "filerRelation": "UNREPORTED", "moneyText": "", "startDate": "2011-08-29", "ownership": "D"}], "maxAge": 1}, "quoteType": {"exchange": "BSE", "quoteType": "EQUITY", "symbol": "EUROCERA.BO", "underlyingSymbol": "EUROCERA.BO", "shortName": "EURO CERAMICS LTD.", "longName": "Euro Ceramics Limited", "firstTradeDateEpochUtc": "2007-03-09 09:15:00", "timeZoneFullName": "Asia/Kolkata", "timeZoneShortName": "IST", "uuid": "96aa5c78-4b53-36d2-9e12-9996650bf0ed", "gmtOffSetMilliseconds": 19800000, "maxAge": 1}, "incomeStatementHistory": {"incomeStatementHistory": [{"maxAge": 1, "endDate": "2019-03-31", "totalRevenue": 215491200, "costOfRevenue": 365100303, "grossProfit": -149609103, "researchDevelopment": {}, "sellingGeneralAdministrative": 30733387, "nonRecurring": {}, "otherOperatingExpenses": 54169458, "totalOperatingExpenses": 644318369, "operatingIncome": -428827169, "totalOtherIncomeExpenseNet": -3975881921, "ebit": -428827169, "interestExpense": -4314107, "incomeBeforeTax": -4404709090, "incomeTaxExpense": 1410533, "minorityInterest": {}, "netIncomeFromContinuingOps": -4406119623, "discontinuedOperations": {}, "extraordinaryItems": {}, "effectOfAccountingCharges": {}, "otherItems": {}, "netIncome": -4406119623, "netIncomeApplicableToCommonShares": -4406119623}, {"maxAge": 1, "endDate": "2018-03-31", "totalRevenue": 194149335, "costOfRevenue": 231364277, "grossProfit": -37214942, "researchDevelopment": {}, "sellingGeneralAdministrative": 35160090, "nonRecurring": {}, "otherOperatingExpenses": 63864968, "totalOperatingExpenses": 527606208, "operatingIncome": -333456873, "totalOtherIncomeExpenseNet": 95247763, "ebit": -333456873, "interestExpense": -3483388, "incomeBeforeTax": -238209110, "incomeTaxExpense": 53606287, "minorityInterest": {}, "netIncomeFromContinuingOps": -291815397, "discontinuedOperations": {}, "extraordinaryItems": {}, "effectOfAccountingCharges": {}, "otherItems": {}, "netIncome": -291815397, "netIncomeApplicableToCommonShares": -291815397}, {"maxAge": 1, "endDate": "2017-03-31", "totalRevenue": 107809108, "costOfRevenue": 114648294, "grossProfit": -6839186, "researchDevelopment": {}, "sellingGeneralAdministrative": 42638369, "nonRecurring": {}, "otherOperatingExpenses": 74493582, "totalOperatingExpenses": 428752707, "operatingIncome": -320943599, "totalOtherIncomeExpenseNet": 510631100, "ebit": -320943599, "interestExpense": -4141019, "incomeBeforeTax": 189687501, "incomeTaxExpense": 0, "minorityInterest": {}, "netIncomeFromContinuingOps": 189687501, "discontinuedOperations": 329977858, "extraordinaryItems": {}, "effectOfAccountingCharges": {}, "otherItems": {}, "netIncome": 519665359, "netIncomeApplicableToCommonShares": 519665359}, {"maxAge": 1, "endDate": "2016-03-31", "totalRevenue": 252378325, "costOfRevenue": 322491001, "grossProfit": -70112676, "researchDevelopment": {}, "sellingGeneralAdministrative": 34784796, "nonRecurring": {}, "otherOperatingExpenses": 53689945, "totalOperatingExpenses": 612009807, "operatingIncome": -359631482, "totalOtherIncomeExpenseNet": 7214392, "ebit": -359631482, "interestExpense": -5044472, "incomeBeforeTax": -352417090, "incomeTaxExpense": -152320730, "minorityInterest": {}, "netIncomeFromContinuingOps": -200096360, "discontinuedOperations": 28222496, "extraordinaryItems": {}, "effectOfAccountingCharges": {}, "otherItems": {}, "netIncome": -171873864, "netIncomeApplicableToCommonShares": -171873864}], "maxAge": 86400}, "fundOwnership": {"ownershipList": [], "maxAge": 1}, "summaryDetail": {"maxAge": 1, "priceHint": 4, "previousClose": 1.11, "open": 1.21, "dayLow": 1.11, "dayHigh": 1.21, "regularMarketPreviousClose": 1.11, "regularMarketOpen": 1.21, "regularMarketDayLow": 1.11, "regularMarketDayHigh": 1.21, "volume": 2203, "regularMarketVolume": 2203, "averageVolume": 2667, "averageVolume10days": 2320, "averageDailyVolume10Day": 2320, "bid": 0.0, "ask": 1.11, "bidSize": 0, "askSize": 0, "marketCap": 37448848, "fiftyTwoWeekLow": 0.55, "fiftyTwoWeekHigh": 3.32, "fiftyDayAverage": 2.0663636, "twoHundredDayAverage": 2.3115327, "currency": "INR", "fromCurrency": null, "lastMarket": null, "algorithm": null, "tradeable": false}, "sectorTrend": {"maxAge": 1, "symbol": null, "estimates": []}, "incomeStatementHistoryQuarterly": {"incomeStatementHistory": [{"maxAge": 1, "endDate": "2008-06-30", "totalRevenue": 702400000, "costOfRevenue": 424804000, "grossProfit": 277596000, "researchDevelopment": {}, "sellingGeneralAdministrative": 35823000, "nonRecurring": {}, "otherOperatingExpenses": 71340000, "totalOperatingExpenses": 579592000, "operatingIncome": 122808000, "totalOtherIncomeExpenseNet": -92495000, "ebit": 122808000, "interestExpense": -93235000, "incomeBeforeTax": 30313000, "incomeTaxExpense": -11658000, "minorityInterest": {}, "netIncomeFromContinuingOps": 41971000, "discontinuedOperations": {}, "extraordinaryItems": {}, "effectOfAccountingCharges": {}, "otherItems": {}, "netIncome": 41971000, "netIncomeApplicableToCommonShares": 41971000}, {"maxAge": 1, "endDate": "2008-03-31", "totalRevenue": 721514452, "costOfRevenue": 134449081, "grossProfit": 587065371, "researchDevelopment": {}, "sellingGeneralAdministrative": 303792642, "nonRecurring": {}, "otherOperatingExpenses": 68790723, "totalOperatingExpenses": 547271195, "operatingIncome": 174243257, "totalOtherIncomeExpenseNet": -188832677, "ebit": 174243257, "interestExpense": -68880499, "incomeBeforeTax": -14589420, "incomeTaxExpense": -64818185, "minorityInterest": {}, "netIncomeFromContinuingOps": 50228765, "discontinuedOperations": {}, "extraordinaryItems": {}, "effectOfAccountingCharges": {}, "otherItems": {}, "netIncome": 50228765, "netIncomeApplicableToCommonShares": 50228765}, {"maxAge": 1, "endDate": "2007-12-31", "totalRevenue": 839484000, "costOfRevenue": 610421000, "grossProfit": 229063000, "researchDevelopment": {}, "sellingGeneralAdministrative": 39886000, "nonRecurring": {}, "otherOperatingExpenses": 68790723, "totalOperatingExpenses": 690844000, "operatingIncome": 148640000, "totalOtherIncomeExpenseNet": -4056000, "ebit": 148640000, "interestExpense": -79574000, "incomeBeforeTax": 144584000, "incomeTaxExpense": 48438000, "minorityInterest": {}, "netIncomeFromContinuingOps": 96146000, "discontinuedOperations": {}, "extraordinaryItems": {}, "effectOfAccountingCharges": {}, "otherItems": {}, "netIncome": 96146000, "netIncomeApplicableToCommonShares": 96146000}, {"maxAge": 1, "endDate": "2007-09-30", "totalRevenue": 676855000, "costOfRevenue": 416194000, "grossProfit": 260661000, "researchDevelopment": {}, "sellingGeneralAdministrative": 28984000, "nonRecurring": {}, "otherOperatingExpenses": 68790723, "totalOperatingExpenses": 484164000, "operatingIncome": 192691000, "totalOtherIncomeExpenseNet": -70676000, "ebit": 192691000, "interestExpense": -76514000, "incomeBeforeTax": 122015000, "incomeTaxExpense": 34995000, "minorityInterest": {}, "netIncomeFromContinuingOps": 87020000, "discontinuedOperations": {}, "extraordinaryItems": {}, "effectOfAccountingCharges": {}, "otherItems": {}, "netIncome": 87020000, "netIncomeApplicableToCommonShares": 87020000}], "maxAge": 86400}, "cashflowStatementHistoryQuarterly": {"cashflowStatements": [{"maxAge": 1, "endDate": "2008-06-30", "netIncome": 41971000, "changeToLiabilities": 0}, {"maxAge": 1, "endDate": "2008-03-31", "netIncome": 50228765, "changeToLiabilities": 0}, {"maxAge": 1, "endDate": "2007-12-31", "netIncome": 96146000, "changeToLiabilities": 0}, {"maxAge": 1, "endDate": "2007-09-30", "netIncome": 87020000, "changeToLiabilities": 0}], "maxAge": 86400}, "insiderHolders": {"holders": [{"maxAge": 1, "name": "ICICI Bank UK Ltd", "relation": "Institution- Corporation", "url": "", "transactionDescription": "Acquisition", "latestTransDate": "2012-10-05", "positionDirect": 2149879, "positionDirectDate": "2012-10-05"}, {"maxAge": 1, "name": "Mehta (Milankumar Dhirajlal)", "relation": "UNREPORTED", "url": "", "transactionDescription": "Acquisition", "latestTransDate": "2011-08-29", "positionDirect": 2477579, "positionDirectDate": "2011-08-29"}], "maxAge": 1}, "earnings": {"maxAge": 86400, "earningsChart": {"quarterly": [], "earningsDate": []}, "financialsChart": {"yearly": [{"date": 2016, "revenue": 252378325, "earnings": -171873864}, {"date": 2017, "revenue": 107809108, "earnings": 519665359}, {"date": 2018, "revenue": 194149335, "earnings": -291815397}, {"date": 2019, "revenue": 215491200, "earnings": -4406119623}], "quarterly": [{"date": "3Q2007", "revenue": 676855000, "earnings": 87020000}, {"date": "4Q2007", "revenue": 839484000, "earnings": 96146000}, {"date": "1Q2008", "revenue": 721514452, "earnings": 50228765}, {"date": "2Q2008", "revenue": 702400000, "earnings": 41971000}]}, "financialCurrency": "INR"}, "calendarEvents": {"maxAge": 1, "earnings": {"earningsDate": []}}, "upgradeDowngradeHistory": {"history": [], "maxAge": 86400}, "price": {"maxAge": 1, "regularMarketChangePercent": 0.0, "regularMarketChange": 0.0, "regularMarketTime": "2021-04-15 15:08:37", "priceHint": 4, "regularMarketPrice": 1.11, "regularMarketDayHigh": 1.21, "regularMarketDayLow": 1.11, "regularMarketVolume": 2203, "averageDailyVolume10Day": 2320, "averageDailyVolume3Month": 2667, "regularMarketPreviousClose": 1.11, "regularMarketSource": "FREE_REALTIME", "regularMarketOpen": 1.21, "exchange": "BSE", "exchangeName": "BSE", "exchangeDataDelayedBy": 0, "marketState": "CLOSED", "quoteType": "EQUITY", "symbol": "EUROCERA.BO", "underlyingSymbol": null, "shortName": "EURO CERAMICS LTD.", "longName": "Euro Ceramics Limited", "currency": "INR", "quoteSourceName": "Delayed Quote", "currencySymbol": "\u20b9", "fromCurrency": null, "lastMarket": null, "marketCap": 37448848}, "balanceSheetHistory": {"balanceSheetStatements": [{"maxAge": 1, "endDate": "2019-03-31", "cash": 9957773, "netReceivables": 36362454, "inventory": 55355951, "otherCurrentAssets": 22302816, "totalCurrentAssets": 123978994, "longTermInvestments": 461000, "propertyPlantEquipment": 1519485308, "otherAssets": 989880844, "totalAssets": 2633345146, "accountsPayable": 138329270, "shortLongTermDebt": 2569598776, "otherCurrentLiab": 794714756, "longTermDebt": 35704861, "otherLiab": 1, "totalCurrentLiabilities": 8045671465, "totalLiab": 8081376327, "commonStock": 337377170, "retainedEarnings": -7646794219, "treasuryStock": 764726147, "capitalSurplus": 1096659721, "otherStockholderEquity": 764726147, "totalStockholderEquity": -5448031181, "netTangibleAssets": -5448031181}, {"maxAge": 1, "endDate": "2018-03-31", "cash": 2485064, "netReceivables": 177772851, "inventory": 239992773, "otherCurrentAssets": 25319045, "totalCurrentAssets": 446037731, "longTermInvestments": 13000000, "propertyPlantEquipment": 1715384860, "otherAssets": 991592772, "totalAssets": 3166015363, "accountsPayable": 369469787, "shortLongTermDebt": 2569598776, "otherCurrentLiab": 476968648, "longTermDebt": 29608119, "otherLiab": 14250001, "totalCurrentLiabilities": 4178241791, "totalLiab": 4207849910, "commonStock": 337377170, "retainedEarnings": -3240674596, "treasuryStock": 764803158, "capitalSurplus": 1096659721, "otherStockholderEquity": 764803158, "totalStockholderEquity": -1041834547, "netTangibleAssets": -1041834547}, {"maxAge": 1, "endDate": "2017-03-31", "cash": 18930672, "netReceivables": 273006267, "inventory": 330943885, "otherCurrentAssets": 30558730, "totalCurrentAssets": 654020338, "longTermInvestments": 13000000, "propertyPlantEquipment": 1926633476, "otherAssets": 1043115708, "totalAssets": 3636769522, "accountsPayable": 404520377, "shortLongTermDebt": 2635298776, "otherCurrentLiab": 89417373, "longTermDebt": 43007732, "otherLiab": 14250000, "totalCurrentLiabilities": 4329586385, "totalLiab": 4386844117, "commonStock": 337377170, "retainedEarnings": -2948859198, "treasuryStock": 764747712, "capitalSurplus": 1096659721, "otherStockholderEquity": 764747712, "totalStockholderEquity": -750074595, "netTangibleAssets": -750074595}, {"maxAge": 1, "endDate": "2016-03-31", "cash": 56257723, "netReceivables": 644428533, "inventory": 327006339, "otherCurrentAssets": 45331778, "totalCurrentAssets": 1074788386, "longTermInvestments": 13050000, "propertyPlantEquipment": 2865007510, "otherAssets": 88250798, "totalAssets": 4041096694, "accountsPayable": 385975647, "shortLongTermDebt": 4728291374, "otherCurrentLiab": 125038546, "longTermDebt": 329079417, "totalCurrentLiabilities": 5694677166, "totalLiab": 6023756583, "commonStock": 337377170, "retainedEarnings": -3468524559, "treasuryStock": 51827779, "capitalSurplus": 1096659721, "otherStockholderEquity": 51827779, "totalStockholderEquity": -1982659889, "netTangibleAssets": -1982659889}], "maxAge": 86400}, "earningsTrend": {"trend": [{"maxAge": 1, "period": "0q", "endDate": null, "growth": {}, "earningsEstimate": {"avg": 0.0, "low": 0.0, "high": 0.0, "yearAgoEps": {}, "numberOfAnalysts": 0, "growth": {}}, "revenueEstimate": {"avg": 0, "low": 0, "high": 0, "numberOfAnalysts": 0, "yearAgoRevenue": {}, "growth": {}}, "epsTrend": {"current": 0.0, "7daysAgo": 0.0, "30daysAgo": 0.0, "60daysAgo": 0.0, "90daysAgo": 0.0}, "epsRevisions": {"upLast7days": 0, "upLast30days": 0, "downLast30days": 0, "downLast90days": {}}}, {"maxAge": 1, "period": "+1q", "endDate": null, "growth": {}, "earningsEstimate": {"avg": 0.0, "low": 0.0, "high": 0.0, "yearAgoEps": {}, "numberOfAnalysts": 0, "growth": {}}, "revenueEstimate": {"avg": 0, "low": 0, "high": 0, "numberOfAnalysts": 0, "yearAgoRevenue": {}, "growth": {}}, "epsTrend": {"current": 0.0, "7daysAgo": 0.0, "30daysAgo": 0.0, "60daysAgo": 0.0, "90daysAgo": 0.0}, "epsRevisions": {"upLast7days": 0, "upLast30days": 0, "downLast30days": 0, "downLast90days": {}}}, {"maxAge": 1, "period": "0y", "endDate": null, "growth": {}, "earningsEstimate": {"avg": 0.0, "low": 0.0, "high": 0.0, "yearAgoEps": {}, "numberOfAnalysts": 0, "growth": {}}, "revenueEstimate": {"avg": 0, "low": 0, "high": 0, "numberOfAnalysts": 0, "yearAgoRevenue": {}, "growth": {}}, "epsTrend": {"current": 0.0, "7daysAgo": 0.0, "30daysAgo": 0.0, "60daysAgo": 0.0, "90daysAgo": 0.0}, "epsRevisions": {"upLast7days": 0, "upLast30days": 0, "downLast30days": 0, "downLast90days": {}}}, {"maxAge": 1, "period": "+1y", "endDate": null, "growth": {}, "earningsEstimate": {"avg": 0.0, "low": 0.0, "high": 0.0, "yearAgoEps": {}, "numberOfAnalysts": 0, "growth": {}}, "revenueEstimate": {"avg": 0, "low": 0, "high": 0, "numberOfAnalysts": 0, "yearAgoRevenue": {}, "growth": {}}, "epsTrend": {"current": 0.0, "7daysAgo": 0.0, "30daysAgo": 0.0, "60daysAgo": 0.0, "90daysAgo": 0.0}, "epsRevisions": {"upLast7days": 0, "upLast30days": 0, "downLast30days": 0, "downLast90days": {}}}, {"maxAge": 1, "period": "+5y", "endDate": null, "growth": {}, "earningsEstimate": {"avg": {}, "low": {}, "high": {}, "yearAgoEps": {}, "numberOfAnalysts": {}, "growth": {}}, "revenueEstimate": {"avg": {}, "low": {}, "high": {}, "numberOfAnalysts": {}, "yearAgoRevenue": {}, "growth": {}}, "epsTrend": {"current": {}, "7daysAgo": {}, "30daysAgo": {}, "60daysAgo": {}, "90daysAgo": {}}, "epsRevisions": {"upLast7days": {}, "upLast30days": {}, "downLast30days": {}, "downLast90days": {}}}, {"maxAge": 1, "period": "-5y", "endDate": null, "growth": {}, "earningsEstimate": {"avg": {}, "low": {}, "high": {}, "yearAgoEps": {}, "numberOfAnalysts": {}, "growth": {}}, "revenueEstimate": {"avg": {}, "low": {}, "high": {}, "numberOfAnalysts": {}, "yearAgoRevenue": {}, "growth": {}}, "epsTrend": {"current": {}, "7daysAgo": {}, "30daysAgo": {}, "60daysAgo": {}, "90daysAgo": {}}, "epsRevisions": {"upLast7days": {}, "upLast30days": {}, "downLast30days": {}, "downLast90days": {}}}], "maxAge": 1}, "financialData": {"maxAge": 86400, "currentPrice": 1.11, "recommendationKey": "none", "grossProfits": -149609103, "financialCurrency": "INR"}}}