{"EUROTEXIND.NS": {"assetProfile": {"address1": "1110, Raheja Chambers", "address2": "11th Floor 213, Nariman Point", "city": "Mumbai", "zip": "400021", "country": "India", "phone": "91 22 2204 1408", "fax": "91 22 2204 4139", "website": "http://www.eurotexgroup.com", "industry": "Textile Manufacturing", "sector": "Consumer Cyclical", "longBusinessSummary": "Eurotex Industries and Exports Limited manufactures, exports, and trades in cotton yarns and knitted fabrics worldwide. It offers autoconed, compact, gassed, TFO knotless knitting/weaving, and soft precision wound yarns; and single jersey, interlock, and rib fabrics, as well as cotton/spandex knitted fabrics. The company was incorporated in 1987 and is headquartered in Mumbai, India.", "fullTimeEmployees": 545, "companyOfficers": [{"maxAge": 1, "name": "Mr. Krishan Kumar Patodia B.Sc., B.Tech., B.E.", "age": 75, "title": "Chairman & MD", "yearBorn": 1945, "fiscalYear": 2020, "totalPay": 4804003, "exercisedValue": 0, "unexercisedValue": 0}, {"maxAge": 1, "name": "Mr. Narayan  Patodia", "age": 69, "title": "MD & Exec. Director", "yearBorn": 1951, "fiscalYear": 2020, "totalPay": 3070397, "exercisedValue": 0, "unexercisedValue": 0}, {"maxAge": 1, "name": "Mr. Rajiv  Patodia", "age": 51, "title": "CFO & Exec. Director", "yearBorn": 1969, "fiscalYear": 2020, "totalPay": 2175755, "exercisedValue": 0, "unexercisedValue": 0}, {"maxAge": 1, "name": "Mr. Rahul  Rawat", "title": "Compliance Officer & Company Sec.", "exercisedValue": 0, "unexercisedValue": 0}], "compensationAsOfEpochDate": "2020-12-31 05:30:00", "maxAge": 86400}, "recommendationTrend": {"trend": [{"period": "0m", "strongBuy": 0, "buy": 0, "hold": 0, "sell": 0, "strongSell": 0}, {"period": "-1m", "strongBuy": 0, "buy": 0, "hold": 0, "sell": 0, "strongSell": 0}, {"period": "-2m", "strongBuy": 0, "buy": 0, "hold": 0, "sell": 0, "strongSell": 0}, {"period": "-3m", "strongBuy": 0, "buy": 0, "hold": 0, "sell": 0, "strongSell": 0}], "maxAge": 86400}, "cashflowStatementHistory": {"cashflowStatements": [{"maxAge": 1, "endDate": "2020-03-31", "netIncome": -187552000, "depreciation": 37104000, "changeToNetincome": -65933000, "changeToAccountReceivables": 12134000, "changeToLiabilities": -89974000, "changeToInventory": 230100000, "totalCashFromOperatingActivities": -64121000, "capitalExpenditures": -17000, "investments": 97920000, "otherCashflowsFromInvestingActivities": 1190000, "totalCashflowsFromInvestingActivities": 162475000, "netBorrowings": -52359000, "otherCashflowsFromFinancingActivities": -42633000, "totalCashFromFinancingActivities": -94992000, "changeInCash": 3362000}, {"maxAge": 1, "endDate": "2019-03-31", "netIncome": -170738000, "depreciation": 39066000, "changeToNetincome": 58383000, "changeToAccountReceivables": 139228000, "changeToLiabilities": -50149000, "changeToInventory": 218253000, "totalCashFromOperatingActivities": 234043000, "capitalExpenditures": -881000, "investments": 97920000, "otherCashflowsFromInvestingActivities": 8555000, "totalCashflowsFromInvestingActivities": 7674000, "netBorrowings": -184606000, "otherCashflowsFromFinancingActivities": -67914000, "totalCashFromFinancingActivities": -252520000, "changeInCash": -10803000}, {"maxAge": 1, "endDate": "2018-03-31", "netIncome": -141719000, "depreciation": 39846000, "changeToNetincome": 56254000, "changeToAccountReceivables": 28833000, "changeToLiabilities": -49660000, "changeToInventory": 70112000, "totalCashFromOperatingActivities": 3666000, "capitalExpenditures": -2080000, "investments": 97920000, "otherCashflowsFromInvestingActivities": 7879000, "totalCashflowsFromInvestingActivities": 9443000, "netBorrowings": 60395000, "otherCashflowsFromFinancingActivities": -69402000, "totalCashFromFinancingActivities": -9007000, "changeInCash": 4102000}, {"maxAge": 1, "endDate": "2017-03-31", "netIncome": -116801000, "depreciation": 41973000, "changeToNetincome": 57122000, "changeToAccountReceivables": -27433000, "changeToLiabilities": 215037000, "changeToInventory": -183204000, "totalCashFromOperatingActivities": -13306000, "capitalExpenditures": -3064000, "investments": 97920000, "otherCashflowsFromInvestingActivities": 8668000, "totalCashflowsFromInvestingActivities": 5615000, "netBorrowings": 32631000, "otherCashflowsFromFinancingActivities": -69705000, "totalCashFromFinancingActivities": 12926000, "changeInCash": 5235000}], "maxAge": 86400}, "indexTrend": {"maxAge": 1, "symbol": "SP5", "peRatio": 19.7411, "pegRatio": 1.34172, "estimates": [{"period": "0q", "growth": 0.549}, {"period": "+1q", "growth": 0.431}, {"period": "0y", "growth": 0.305}, {"period": "+1y", "growth": 0.109}, {"period": "+5y", "growth": 0.120865}, {"period": "-5y"}]}, "defaultKeyStatistics": {"maxAge": 1, "priceHint": 2, "enterpriseValue": 374562336, "profitMargins": -0.63145, "floatShares": 1966254, "sharesOutstanding": 8749860, "heldPercentInsiders": 0.72705, "heldPercentInstitutions": 0.0, "beta": 0.457286, "category": null, "bookValue": -2.546, "fundFamily": null, "legalType": null, "lastFiscalYearEnd": "2020-03-31 05:30:00", "nextFiscalYearEnd": "2022-03-31 05:30:00", "mostRecentQuarter": "2020-12-31 05:30:00", "netIncomeToCommon": -174088992, "trailingEps": -19.905, "lastSplitFactor": null, "enterpriseToRevenue": 1.359, "enterpriseToEbitda": -3.131}, "industryTrend": {"maxAge": 1, "symbol": null, "estimates": []}, "quoteType": {"exchange": "NSI", "quoteType": "EQUITY", "symbol": "EUROTEXIND.NS", "underlyingSymbol": "EUROTEXIND.NS", "shortName": "EUROTEX INDUSTRIES", "longName": "Eurotex Industries and Exports Limited", "firstTradeDateEpochUtc": "2002-08-12 09:15:00", "timeZoneFullName": "Asia/Kolkata", "timeZoneShortName": "IST", "uuid": "40c72dbf-8d3d-332c-acce-97160a29ce9e", "gmtOffSetMilliseconds": 19800000, "maxAge": 1}, "incomeStatementHistory": {"incomeStatementHistory": [{"maxAge": 1, "endDate": "2020-03-31", "totalRevenue": 420577000, "costOfRevenue": 386657000, "grossProfit": 33920000, "researchDevelopment": {}, "sellingGeneralAdministrative": 184684000, "nonRecurring": {}, "otherOperatingExpenses": 41920000, "totalOperatingExpenses": 650156000, "operatingIncome": -229579000, "totalOtherIncomeExpenseNet": 11583000, "ebit": -229579000, "interestExpense": -43016000, "incomeBeforeTax": -217996000, "incomeTaxExpense": -30444000, "minorityInterest": {}, "netIncomeFromContinuingOps": -187552000, "discontinuedOperations": {}, "extraordinaryItems": {}, "effectOfAccountingCharges": {}, "otherItems": {}, "netIncome": -187552000, "netIncomeApplicableToCommonShares": -187552000}, {"maxAge": 1, "endDate": "2019-03-31", "totalRevenue": 1967505000, "costOfRevenue": 1646012000, "grossProfit": 321493000, "researchDevelopment": {}, "sellingGeneralAdministrative": 206309000, "nonRecurring": {}, "otherOperatingExpenses": 184664000, "totalOperatingExpenses": 2075842000, "operatingIncome": -108337000, "totalOtherIncomeExpenseNet": -64539000, "ebit": -108337000, "interestExpense": -67935000, "incomeBeforeTax": -172876000, "incomeTaxExpense": -2138000, "minorityInterest": {}, "netIncomeFromContinuingOps": -170738000, "discontinuedOperations": {}, "extraordinaryItems": {}, "effectOfAccountingCharges": {}, "otherItems": {}, "netIncome": -170738000, "netIncomeApplicableToCommonShares": -170738000}, {"maxAge": 1, "endDate": "2018-03-31", "totalRevenue": 2520516000, "costOfRevenue": 2131790000, "grossProfit": 388726000, "researchDevelopment": {}, "sellingGeneralAdministrative": 236686000, "nonRecurring": {}, "otherOperatingExpenses": 197116000, "totalOperatingExpenses": 2605438000, "operatingIncome": -84922000, "totalOtherIncomeExpenseNet": -67894000, "ebit": -84922000, "interestExpense": -71912000, "incomeBeforeTax": -152816000, "incomeTaxExpense": -11097000, "minorityInterest": {}, "netIncomeFromContinuingOps": -141719000, "discontinuedOperations": {}, "extraordinaryItems": {}, "effectOfAccountingCharges": {}, "otherItems": {}, "netIncome": -141719000, "netIncomeApplicableToCommonShares": -141719000}, {"maxAge": 1, "endDate": "2017-03-31", "totalRevenue": 1886291000, "costOfRevenue": 1560302000, "grossProfit": 325989000, "researchDevelopment": {}, "sellingGeneralAdministrative": 173976000, "nonRecurring": {}, "otherOperatingExpenses": 167172000, "totalOperatingExpenses": 1943214000, "operatingIncome": -56923000, "totalOtherIncomeExpenseNet": -63224000, "ebit": -56923000, "interestExpense": -67651000, "incomeBeforeTax": -120147000, "incomeTaxExpense": -3346000, "minorityInterest": {}, "netIncomeFromContinuingOps": -116801000, "discontinuedOperations": {}, "extraordinaryItems": {}, "effectOfAccountingCharges": {}, "otherItems": {}, "netIncome": -116801000, "netIncomeApplicableToCommonShares": -116801000}], "maxAge": 86400}, "fundOwnership": {"ownershipList": [], "maxAge": 1}, "summaryDetail": {"maxAge": 1, "priceHint": 2, "previousClose": 7.3, "open": 7.3, "dayLow": 7.3, "dayHigh": 7.3, "regularMarketPreviousClose": 7.3, "regularMarketOpen": 7.3, "regularMarketDayLow": 7.3, "regularMarketDayHigh": 7.3, "exDividendDate": "2014-08-21 05:30:00", "payoutRatio": 0.0, "beta": 0.457286, "volume": 100, "regularMarketVolume": 100, "averageVolume": 194, "averageVolume10days": 64, "averageDailyVolume10Day": 64, "bid": 0.0, "ask": 0.0, "bidSize": 0, "askSize": 0, "marketCap": 61949044, "fiftyTwoWeekLow": 7.05, "fiftyTwoWeekHigh": 10.1, "priceToSalesTrailing12Months": 0.2246981, "fiftyDayAverage": 7.9558825, "twoHundredDayAverage": 8.168214, "currency": "INR", "fromCurrency": null, "lastMarket": null, "algorithm": null, "tradeable": false}, "insiderHolders": {"holders": [{"maxAge": 1, "name": "Sanghavi (Bhupendra G)", "relation": "UNREPORTED", "url": "", "transactionDescription": "Sale", "latestTransDate": "2012-04-13", "positionDirect": 0, "positionDirectDate": "2012-04-13"}, {"maxAge": 1, "name": "Sanghavi (Dhirendra Bhupendra)", "relation": "UNREPORTED", "url": "", "transactionDescription": "Sale", "latestTransDate": "2012-04-13", "positionDirect": 78508, "positionDirectDate": "2012-04-13"}, {"maxAge": 1, "name": "Sanghavi (Usha B)", "relation": "UNREPORTED", "url": "", "transactionDescription": "Sale", "latestTransDate": "2012-04-13", "positionDirect": 0, "positionDirectDate": "2012-04-13"}, {"maxAge": 1, "name": "Sanghvi (Bhavini D)", "relation": "UNREPORTED", "url": "", "transactionDescription": "Sale", "latestTransDate": "2012-04-13", "positionDirect": 0, "positionDirectDate": "2012-04-13"}, {"maxAge": 1, "name": "Sanghvi (Bhupendra G) HUF", "relation": "UNREPORTED", "url": "", "transactionDescription": "Sale", "latestTransDate": "2012-04-13", "positionDirect": 0, "positionDirectDate": "2012-04-13"}, {"maxAge": 1, "name": "Sanghvi (Dhirendra B) HUF", "relation": "UNREPORTED", "url": "", "transactionDescription": "Sale", "latestTransDate": "2012-04-13", "positionDirect": 0, "positionDirectDate": "2012-04-13"}], "maxAge": 1}, "calendarEvents": {"maxAge": 1, "earnings": {"earningsDate": []}, "exDividendDate": "2014-08-21 05:30:00"}, "upgradeDowngradeHistory": {"history": [], "maxAge": 86400}, "price": {"maxAge": 1, "regularMarketChangePercent": 0.0, "regularMarketChange": 0.0, "regularMarketTime": "2021-04-30 13:14:27", "priceHint": 2, "regularMarketPrice": 7.3, "regularMarketDayHigh": 7.3, "regularMarketDayLow": 7.3, "regularMarketVolume": 100, "averageDailyVolume10Day": 64, "averageDailyVolume3Month": 194, "regularMarketPreviousClose": 7.3, "regularMarketSource": "FREE_REALTIME", "regularMarketOpen": 7.3, "exchange": "NSI", "exchangeName": "NSE", "exchangeDataDelayedBy": 15, "marketState": "CLOSED", "quoteType": "EQUITY", "symbol": "EUROTEXIND.NS", "underlyingSymbol": null, "shortName": "EUROTEX INDUSTRIES", "longName": "Eurotex Industries and Exports Limited", "currency": "INR", "quoteSourceName": "Delayed Quote", "currencySymbol": "\u20b9", "fromCurrency": null, "lastMarket": null, "marketCap": 61949044}, "balanceSheetHistory": {"balanceSheetStatements": [{"maxAge": 1, "endDate": "2020-03-31", "cash": 4810000, "shortTermInvestments": 110000, "netReceivables": 28941000, "inventory": 100145000, "otherCurrentAssets": 23011000, "totalCurrentAssets": 159618000, "longTermInvestments": 10957000, "propertyPlantEquipment": 509814000, "otherAssets": 53079000, "totalAssets": 733468000, "accountsPayable": 95354000, "shortLongTermDebt": 4400000, "otherCurrentLiab": 136990000, "longTermDebt": 50300000, "otherLiab": 72726000, "totalCurrentLiabilities": 567677000, "totalLiab": 690703000, "commonStock": 87402000, "retainedEarnings": -479395000, "treasuryStock": 334251000, "capitalSurplus": 100507000, "otherStockholderEquity": 334251000, "totalStockholderEquity": 42765000, "netTangibleAssets": 42765000}, {"maxAge": 1, "endDate": "2019-03-31", "cash": 1448000, "shortTermInvestments": 110000, "netReceivables": 36577000, "inventory": 330245000, "otherCurrentAssets": 3471000, "totalCurrentAssets": 501027000, "longTermInvestments": 500000, "propertyPlantEquipment": 574886000, "otherAssets": 52817000, "totalAssets": 1129230000, "accountsPayable": 190389000, "shortLongTermDebt": 7200000, "otherCurrentLiab": 158103000, "longTermDebt": 54700000, "otherLiab": 127107000, "totalCurrentLiabilities": 706177000, "totalLiab": 887984000, "commonStock": 87402000, "retainedEarnings": -365818000, "treasuryStock": 419155000, "capitalSurplus": 100507000, "otherStockholderEquity": 419155000, "totalStockholderEquity": 241246000, "netTangibleAssets": 241246000}, {"maxAge": 1, "endDate": "2018-03-31", "cash": 12251000, "shortTermInvestments": 1897000, "netReceivables": 137929000, "inventory": 548498000, "otherCurrentAssets": 5709000, "totalCurrentAssets": 713288000, "longTermInvestments": 132189000, "propertyPlantEquipment": 613117000, "otherAssets": 82766000, "totalAssets": 1541360000, "accountsPayable": 305039000, "shortLongTermDebt": 7802000, "otherCurrentLiab": 120391000, "longTermDebt": 61964000, "otherLiab": 129541000, "totalCurrentLiabilities": 933886000, "totalLiab": 1125391000, "commonStock": 87402000, "retainedEarnings": -195080000, "treasuryStock": 423140000, "capitalSurplus": 100507000, "otherStockholderEquity": 423140000, "totalStockholderEquity": 415969000, "netTangibleAssets": 415969000}, {"maxAge": 1, "endDate": "2017-03-31", "cash": 8149000, "shortTermInvestments": 50000, "netReceivables": 149182000, "inventory": 618610000, "otherCurrentAssets": 21414000, "totalCurrentAssets": 804799000, "longTermInvestments": 138311000, "propertyPlantEquipment": 654527000, "otherAssets": 85553000, "totalAssets": 1683190000, "accountsPayable": 341512000, "shortLongTermDebt": 7778000, "otherCurrentLiab": 141440000, "longTermDebt": 69766000, "otherLiab": 139884000, "totalCurrentLiabilities": 912728000, "totalLiab": 1122378000, "commonStock": 87402000, "retainedEarnings": -53361000, "treasuryStock": 426264000, "capitalSurplus": 100507000, "otherStockholderEquity": 426264000, "totalStockholderEquity": 560812000, "netTangibleAssets": 560812000}], "maxAge": 86400}, "earningsTrend": {"trend": [{"maxAge": 1, "period": "0q", "endDate": null, "growth": {}, "earningsEstimate": {"avg": 0.0, "low": 0.0, "high": 0.0, "yearAgoEps": {}, "numberOfAnalysts": 0, "growth": {}}, "revenueEstimate": {"avg": 0, "low": 0, "high": 0, "numberOfAnalysts": 0, "yearAgoRevenue": {}, "growth": {}}, "epsTrend": {"current": 0.0, "7daysAgo": 0.0, "30daysAgo": 0.0, "60daysAgo": 0.0, "90daysAgo": 0.0}, "epsRevisions": {"upLast7days": 0, "upLast30days": 0, "downLast30days": 0, "downLast90days": {}}}, {"maxAge": 1, "period": "+1q", "endDate": null, "growth": {}, "earningsEstimate": {"avg": 0.0, "low": 0.0, "high": 0.0, "yearAgoEps": {}, "numberOfAnalysts": 0, "growth": {}}, "revenueEstimate": {"avg": 0, "low": 0, "high": 0, "numberOfAnalysts": 0, "yearAgoRevenue": {}, "growth": {}}, "epsTrend": {"current": 0.0, "7daysAgo": 0.0, "30daysAgo": 0.0, "60daysAgo": 0.0, "90daysAgo": 0.0}, "epsRevisions": {"upLast7days": 0, "upLast30days": 0, "downLast30days": 0, "downLast90days": {}}}, {"maxAge": 1, "period": "0y", "endDate": null, "growth": {}, "earningsEstimate": {"avg": 0.0, "low": 0.0, "high": 0.0, "yearAgoEps": {}, "numberOfAnalysts": 0, "growth": {}}, "revenueEstimate": {"avg": 0, "low": 0, "high": 0, "numberOfAnalysts": 0, "yearAgoRevenue": {}, "growth": {}}, "epsTrend": {"current": 0.0, "7daysAgo": 0.0, "30daysAgo": 0.0, "60daysAgo": 0.0, "90daysAgo": 0.0}, "epsRevisions": {"upLast7days": 0, "upLast30days": 0, "downLast30days": 0, "downLast90days": {}}}, {"maxAge": 1, "period": "+1y", "endDate": null, "growth": {}, "earningsEstimate": {"avg": 0.0, "low": 0.0, "high": 0.0, "yearAgoEps": {}, "numberOfAnalysts": 0, "growth": {}}, "revenueEstimate": {"avg": 0, "low": 0, "high": 0, "numberOfAnalysts": 0, "yearAgoRevenue": {}, "growth": {}}, "epsTrend": {"current": 0.0, "7daysAgo": 0.0, "30daysAgo": 0.0, "60daysAgo": 0.0, "90daysAgo": 0.0}, "epsRevisions": {"upLast7days": 0, "upLast30days": 0, "downLast30days": 0, "downLast90days": {}}}, {"maxAge": 1, "period": "+5y", "endDate": null, "growth": {}, "earningsEstimate": {"avg": {}, "low": {}, "high": {}, "yearAgoEps": {}, "numberOfAnalysts": {}, "growth": {}}, "revenueEstimate": {"avg": {}, "low": {}, "high": {}, "numberOfAnalysts": {}, "yearAgoRevenue": {}, "growth": {}}, "epsTrend": {"current": {}, "7daysAgo": {}, "30daysAgo": {}, "60daysAgo": {}, "90daysAgo": {}}, "epsRevisions": {"upLast7days": {}, "upLast30days": {}, "downLast30days": {}, "downLast90days": {}}}, {"maxAge": 1, "period": "-5y", "endDate": null, "growth": {}, "earningsEstimate": {"avg": {}, "low": {}, "high": {}, "yearAgoEps": {}, "numberOfAnalysts": {}, "growth": {}}, "revenueEstimate": {"avg": {}, "low": {}, "high": {}, "numberOfAnalysts": {}, "yearAgoRevenue": {}, "growth": {}}, "epsTrend": {"current": {}, "7daysAgo": {}, "30daysAgo": {}, "60daysAgo": {}, "90daysAgo": {}}, "epsRevisions": {"upLast7days": {}, "upLast30days": {}, "downLast30days": {}, "downLast90days": {}}}], "maxAge": 1}, "institutionOwnership": {"ownershipList": [], "maxAge": 1}, "majorHoldersBreakdown": {"maxAge": 1, "insidersPercentHeld": 0.72705, "institutionsPercentHeld": 0.0, "institutionsFloatPercentHeld": 0.0, "institutionsCount": 0}, "balanceSheetHistoryQuarterly": {"balanceSheetStatements": [{"maxAge": 1, "endDate": "2020-12-31", "totalStockholderEquity": -22264000, "netTangibleAssets": -22264000}, {"maxAge": 1, "endDate": "2020-09-30", "cash": 2620000, "netReceivables": 15483000, "inventory": 45922000, "otherCurrentAssets": 5997000, "totalCurrentAssets": 70022000, "longTermInvestments": 13631000, "propertyPlantEquipment": 491034000, "otherAssets": 53780000, "totalAssets": 628467000, "accountsPayable": 97056000, "otherCurrentLiab": 111231000, "longTermDebt": 50300000, "otherLiab": 59469000, "totalCurrentLiabilities": 540962000, "totalLiab": 650731000, "commonStock": 87402000, "treasuryStock": -109666000, "otherStockholderEquity": -109666000, "totalStockholderEquity": -22264000, "netTangibleAssets": -22264000}, {"maxAge": 1, "endDate": "2020-06-30", "totalStockholderEquity": 42765000, "netTangibleAssets": 42765000}, {"maxAge": 1, "endDate": "2020-03-31", "cash": 4810000, "shortTermInvestments": 110000, "netReceivables": 28941000, "inventory": 100145000, "otherCurrentAssets": 23011000, "totalCurrentAssets": 159618000, "longTermInvestments": 10957000, "propertyPlantEquipment": 509814000, "otherAssets": 53079000, "totalAssets": 733468000, "accountsPayable": 95354000, "shortLongTermDebt": 4400000, "otherCurrentLiab": 136990000, "longTermDebt": 50300000, "otherLiab": 72726000, "totalCurrentLiabilities": 567677000, "totalLiab": 690703000, "commonStock": 87402000, "retainedEarnings": -479395000, "treasuryStock": 334251000, "capitalSurplus": 100507000, "otherStockholderEquity": 334251000, "totalStockholderEquity": 42765000, "netTangibleAssets": 42765000}], "maxAge": 86400}, "earningsHistory": {"history": [{"maxAge": 1, "epsActual": {}, "epsEstimate": {}, "epsDifference": {}, "surprisePercent": {}, "quarter": {}, "period": "-4q"}, {"maxAge": 1, "epsActual": {}, "epsEstimate": {}, "epsDifference": {}, "surprisePercent": {}, "quarter": {}, "period": "-3q"}, {"maxAge": 1, "epsActual": {}, "epsEstimate": {}, "epsDifference": {}, "surprisePercent": {}, "quarter": {}, "period": "-2q"}, {"maxAge": 1, "epsActual": {}, "epsEstimate": {}, "epsDifference": {}, "surprisePercent": {}, "quarter": {}, "period": "-1q"}], "maxAge": 86400}, "summaryProfile": {"address1": "1110, Raheja Chambers", "address2": "11th Floor 213, Nariman Point", "city": "Mumbai", "zip": "400021", "country": "India", "phone": "91 22 2204 1408", "fax": "91 22 2204 4139", "website": "http://www.eurotexgroup.com", "industry": "Textile Manufacturing", "sector": "Consumer Cyclical", "longBusinessSummary": "Eurotex Industries and Exports Limited manufactures, exports, and trades in cotton yarns and knitted fabrics worldwide. It offers autoconed, compact, gassed, TFO knotless knitting/weaving, and soft precision wound yarns; and single jersey, interlock, and rib fabrics, as well as cotton/spandex knitted fabrics. The company was incorporated in 1987 and is headquartered in Mumbai, India.", "fullTimeEmployees": 545, "companyOfficers": [], "maxAge": 86400}, "netSharePurchaseActivity": {"maxAge": 1, "period": "6m", "buyInfoCount": 0, "buyInfoShares": 0, "sellInfoCount": 0, "netInfoCount": 0, "netInfoShares": 0, "netPercentInsiderShares": 0.0, "totalInsiderShares": 6365506}, "insiderTransactions": {"transactions": [{"maxAge": 1, "shares": 52168, "filerUrl": "", "transactionText": "", "filerName": "Sanghavi (Usha B)", "filerRelation": "UNREPORTED", "moneyText": "", "startDate": "2012-04-13", "ownership": "D"}, {"maxAge": 1, "shares": 6000, "filerUrl": "", "transactionText": "", "filerName": "Sanghvi (Dhirendra B) HUF", "filerRelation": "UNREPORTED", "moneyText": "", "startDate": "2012-04-13", "ownership": "D"}, {"maxAge": 1, "shares": 2147, "filerUrl": "", "transactionText": "", "filerName": "Sanghvi (Bhupendra G) HUF", "filerRelation": "UNREPORTED", "moneyText": "", "startDate": "2012-04-13", "ownership": "D"}, {"maxAge": 1, "shares": 238736, "filerUrl": "", "transactionText": "", "filerName": "Sanghavi (Dhirendra Bhupendra)", "filerRelation": "UNREPORTED", "moneyText": "", "startDate": "2012-04-13", "ownership": "D"}, {"maxAge": 1, "shares": 148403, "filerUrl": "", "transactionText": "", "filerName": "Sanghavi (Bhupendra G)", "filerRelation": "UNREPORTED", "moneyText": "", "startDate": "2012-04-13", "ownership": "D"}, {"maxAge": 1, "shares": 6233, "filerUrl": "", "transactionText": "", "filerName": "Sanghvi (Bhavini D)", "filerRelation": "UNREPORTED", "moneyText": "", "startDate": "2012-04-13", "ownership": "D"}, {"maxAge": 1, "shares": 438756, "filerUrl": "", "transactionText": "", "filerName": "Sanghavi (Usha B)", "filerRelation": "UNREPORTED", "moneyText": "", "startDate": "2012-03-26", "ownership": "D"}, {"maxAge": 1, "shares": 32797, "filerUrl": "", "transactionText": "", "filerName": "Sanghvi (Bhupendra G) HUF", "filerRelation": "UNREPORTED", "moneyText": "", "startDate": "2009-09-30", "ownership": "D"}, {"maxAge": 1, "shares": 108990, "filerUrl": "", "transactionText": "", "filerName": "Sanghavi (Usha B)", "filerRelation": "UNREPORTED", "moneyText": "", "startDate": "2009-09-30", "ownership": "D"}, {"maxAge": 1, "shares": 57540, "filerUrl": "", "transactionText": "", "filerName": "Sanghvi (Bhupendra G) HUF", "filerRelation": "UNREPORTED", "moneyText": "", "startDate": "2009-09-30", "ownership": "D"}, {"maxAge": 1, "shares": 7014, "filerUrl": "", "transactionText": "", "filerName": "Sanghvi (Bhavini D)", "filerRelation": "UNREPORTED", "moneyText": "", "startDate": "2009-09-30", "ownership": "D"}, {"maxAge": 1, "shares": 6697, "filerUrl": "", "transactionText": "", "filerName": "Sanghavi (Bhupendra G)", "filerRelation": "UNREPORTED", "moneyText": "", "startDate": "2009-09-30", "ownership": "D"}, {"maxAge": 1, "shares": 2000, "filerUrl": "", "transactionText": "", "filerName": "Sanghvi (Dhirendra B) HUF", "filerRelation": "UNREPORTED", "moneyText": "", "startDate": "2009-09-30", "ownership": "D"}, {"maxAge": 1, "shares": 28658, "filerUrl": "", "transactionText": "", "filerName": "Sanghavi (Bhupendra G)", "filerRelation": "UNREPORTED", "moneyText": "", "startDate": "2009-09-30", "ownership": "D"}, {"maxAge": 1, "shares": 5717, "filerUrl": "", "transactionText": "", "filerName": "Sanghavi (Dhirendra Bhupendra)", "filerRelation": "UNREPORTED", "moneyText": "", "startDate": "2009-09-30", "ownership": "D"}], "maxAge": 1}, "sectorTrend": {"maxAge": 1, "symbol": null, "estimates": []}, "incomeStatementHistoryQuarterly": {"incomeStatementHistory": [{"maxAge": 1, "endDate": "2020-12-31", "totalRevenue": 89735000, "costOfRevenue": 78638000, "grossProfit": 11097000, "researchDevelopment": {}, "sellingGeneralAdministrative": 37331000, "nonRecurring": {}, "otherOperatingExpenses": 11224000, "totalOperatingExpenses": 136412000, "operatingIncome": -46677000, "totalOtherIncomeExpenseNet": -11341000, "ebit": -46677000, "interestExpense": -11341000, "incomeBeforeTax": -58018000, "incomeTaxExpense": 6158000, "minorityInterest": {}, "netIncomeFromContinuingOps": -64176000, "discontinuedOperations": {}, "extraordinaryItems": {}, "effectOfAccountingCharges": {}, "otherItems": {}, "netIncome": -64176000, "netIncomeApplicableToCommonShares": -64176000}, {"maxAge": 1, "endDate": "2020-09-30", "totalRevenue": 45752000, "costOfRevenue": 39430000, "grossProfit": 6322000, "researchDevelopment": {}, "sellingGeneralAdministrative": 55491000, "nonRecurring": {}, "otherOperatingExpenses": 10226000, "totalOperatingExpenses": 114392000, "operatingIncome": -68640000, "totalOtherIncomeExpenseNet": 17793000, "ebit": -68640000, "interestExpense": -10218000, "incomeBeforeTax": -50847000, "incomeTaxExpense": -4587000, "minorityInterest": {}, "netIncomeFromContinuingOps": -46260000, "discontinuedOperations": {}, "extraordinaryItems": {}, "effectOfAccountingCharges": {}, "otherItems": {}, "netIncome": -46260000, "netIncomeApplicableToCommonShares": -46260000}, {"maxAge": 1, "endDate": "2020-06-30", "totalRevenue": 44812000, "costOfRevenue": 34987000, "grossProfit": 9825000, "researchDevelopment": {}, "sellingGeneralAdministrative": 6823000, "nonRecurring": {}, "otherOperatingExpenses": 9495000, "totalOperatingExpenses": 60474000, "operatingIncome": -15662000, "totalOtherIncomeExpenseNet": -6790000, "ebit": -15662000, "interestExpense": -9969000, "incomeBeforeTax": -22452000, "incomeTaxExpense": -7456000, "minorityInterest": {}, "netIncomeFromContinuingOps": -14996000, "discontinuedOperations": {}, "extraordinaryItems": {}, "effectOfAccountingCharges": {}, "otherItems": {}, "netIncome": -14996000, "netIncomeApplicableToCommonShares": -14996000}, {"maxAge": 1, "endDate": "2020-03-31", "totalRevenue": 98743000, "costOfRevenue": 94331000, "grossProfit": 4412000, "researchDevelopment": {}, "sellingGeneralAdministrative": 26126000, "nonRecurring": {}, "otherOperatingExpenses": -9741000, "totalOperatingExpenses": 119690000, "operatingIncome": -20947000, "totalOtherIncomeExpenseNet": -22086000, "ebit": -20947000, "interestExpense": -7312000, "incomeBeforeTax": -43033000, "incomeTaxExpense": 5626000, "minorityInterest": {}, "netIncomeFromContinuingOps": -48659000, "discontinuedOperations": {}, "extraordinaryItems": {}, "effectOfAccountingCharges": {}, "otherItems": {}, "netIncome": -48659000, "netIncomeApplicableToCommonShares": -48659000}], "maxAge": 86400}, "cashflowStatementHistoryQuarterly": {"cashflowStatements": [{"maxAge": 1, "endDate": "2020-12-31", "netIncome": -64176000, "changeToLiabilities": 0}, {"maxAge": 1, "endDate": "2020-09-30", "netIncome": -46260000, "changeToLiabilities": 0}, {"maxAge": 1, "endDate": "2020-06-30", "netIncome": -14996000, "changeToLiabilities": 0}, {"maxAge": 1, "endDate": "2020-03-31", "netIncome": -48659000, "changeToLiabilities": 0}], "maxAge": 86400}, "earnings": {"maxAge": 86400, "earningsChart": {"quarterly": [], "earningsDate": []}, "financialsChart": {"yearly": [{"date": 2017, "revenue": 1886291000, "earnings": -116801000}, {"date": 2018, "revenue": 2520516000, "earnings": -141719000}, {"date": 2019, "revenue": 1967505000, "earnings": -170738000}, {"date": 2020, "revenue": 420577000, "earnings": -187552000}], "quarterly": [{"date": "1Q2020", "revenue": 98743000, "earnings": -48659000}, {"date": "2Q2020", "revenue": 44812000, "earnings": -14996000}, {"date": "3Q2020", "revenue": 45752000, "earnings": -46260000}, {"date": "4Q2020", "revenue": 89735000, "earnings": -64176000}]}, "financialCurrency": "INR"}, "financialData": {"maxAge": 86400, "currentPrice": 7.3, "targetHighPrice": 47.0, "targetLowPrice": 47.0, "targetMeanPrice": 47.0, "targetMedianPrice": 47.0, "recommendationKey": "none", "numberOfAnalystOpinions": 1, "totalCash": 2620000, "totalCashPerShare": 0.299, "ebitda": -119635504, "totalDebt": 313268992, "totalRevenue": 275699008, "revenuePerShare": 31.523, "grossProfits": 33920000, "revenueGrowth": 0.226, "grossMargins": 0.1027, "ebitdaMargins": -0.43394002, "operatingMargins": -0.56318, "profitMargins": -0.63145, "financialCurrency": "INR"}}}