{"EUROTEXIND.BO": {"cashflowStatementHistory": {"cashflowStatements": [{"maxAge": 1, "endDate": "2020-03-31", "netIncome": -187552000, "depreciation": 37104000, "changeToNetincome": -65933000, "changeToAccountReceivables": 12134000, "changeToLiabilities": -89974000, "changeToInventory": 230100000, "totalCashFromOperatingActivities": -64121000, "capitalExpenditures": -17000, "investments": 97920000, "otherCashflowsFromInvestingActivities": 1190000, "totalCashflowsFromInvestingActivities": 162475000, "netBorrowings": -52359000, "otherCashflowsFromFinancingActivities": -42633000, "totalCashFromFinancingActivities": -94992000, "changeInCash": 3362000}, {"maxAge": 1, "endDate": "2019-03-31", "netIncome": -170738000, "depreciation": 39066000, "changeToNetincome": 58383000, "changeToAccountReceivables": 139228000, "changeToLiabilities": -50149000, "changeToInventory": 218253000, "totalCashFromOperatingActivities": 234043000, "capitalExpenditures": -881000, "investments": 97920000, "otherCashflowsFromInvestingActivities": 8555000, "totalCashflowsFromInvestingActivities": 7674000, "netBorrowings": -184606000, "otherCashflowsFromFinancingActivities": -67914000, "totalCashFromFinancingActivities": -252520000, "changeInCash": -10803000}, {"maxAge": 1, "endDate": "2018-03-31", "netIncome": -141719000, "depreciation": 39846000, "changeToNetincome": 56254000, "changeToAccountReceivables": 28833000, "changeToLiabilities": -49660000, "changeToInventory": 70112000, "totalCashFromOperatingActivities": 3666000, "capitalExpenditures": -2080000, "investments": 97920000, "otherCashflowsFromInvestingActivities": 7879000, "totalCashflowsFromInvestingActivities": 9443000, "netBorrowings": 60395000, "otherCashflowsFromFinancingActivities": -69402000, "totalCashFromFinancingActivities": -9007000, "changeInCash": 4102000}, {"maxAge": 1, "endDate": "2017-03-31", "netIncome": -116801000, "depreciation": 41973000, "changeToNetincome": 57122000, "changeToAccountReceivables": -27433000, "changeToLiabilities": 215037000, "changeToInventory": -183204000, "totalCashFromOperatingActivities": -13306000, "capitalExpenditures": -3064000, "investments": 97920000, "otherCashflowsFromInvestingActivities": 8668000, "totalCashflowsFromInvestingActivities": 5615000, "netBorrowings": 32631000, "otherCashflowsFromFinancingActivities": -69705000, "totalCashFromFinancingActivities": 12926000, "changeInCash": 5235000}], "maxAge": 86400}, "institutionOwnership": {"ownershipList": [], "maxAge": 1}, "balanceSheetHistoryQuarterly": {"balanceSheetStatements": [{"maxAge": 1, "endDate": "2020-06-30", "totalStockholderEquity": 42765000, "netTangibleAssets": 42765000}, {"maxAge": 1, "endDate": "2020-03-31", "cash": 4810000, "shortTermInvestments": 110000, "netReceivables": 28941000, "inventory": 100145000, "otherCurrentAssets": 23011000, "totalCurrentAssets": 159618000, "longTermInvestments": 10957000, "propertyPlantEquipment": 509814000, "otherAssets": 53079000, "totalAssets": 733468000, "accountsPayable": 95354000, "shortLongTermDebt": 4400000, "otherCurrentLiab": 136990000, "longTermDebt": 50300000, "otherLiab": 72726000, "totalCurrentLiabilities": 567677000, "totalLiab": 690703000, "commonStock": 87402000, "retainedEarnings": -479395000, "treasuryStock": 334251000, "capitalSurplus": 100507000, "otherStockholderEquity": 334251000, "totalStockholderEquity": 42765000, "netTangibleAssets": 42765000}, {"maxAge": 1, "endDate": "2019-12-31", "totalStockholderEquity": 123857000, "netTangibleAssets": 123857000}, {"maxAge": 1, "endDate": "2019-09-30", "cash": 761000, "netReceivables": 30889000, "inventory": 176454000, "otherCurrentAssets": 38689000, "totalCurrentAssets": 246793000, "longTermInvestments": 14853000, "propertyPlantEquipment": 528904000, "otherAssets": 51650000, "totalAssets": 842200000, "accountsPayable": 88482000, "otherCurrentLiab": 359352000, "longTermDebt": 51100000, "otherLiab": 70051000, "totalCurrentLiabilities": 597192000, "totalLiab": 718343000, "commonStock": 87402000, "treasuryStock": 36455000, "otherStockholderEquity": 36455000, "totalStockholderEquity": 123857000, "netTangibleAssets": 123857000}], "maxAge": 86400}, "indexTrend": {"maxAge": 1, "symbol": "SP5", "peRatio": 19.7411, "pegRatio": 1.34172, "estimates": [{"period": "0q", "growth": 0.549}, {"period": "+1q", "growth": 0.431}, {"period": "0y", "growth": 0.305}, {"period": "+1y", "growth": 0.109}, {"period": "+5y", "growth": 0.120865}, {"period": "-5y"}]}, "insiderTransactions": {"transactions": [{"maxAge": 1, "shares": 52168, "filerUrl": "", "transactionText": "", "filerName": "Sanghavi (Usha B)", "filerRelation": "UNREPORTED", "moneyText": "", "startDate": "2012-04-13", "ownership": "D"}, {"maxAge": 1, "shares": 6000, "filerUrl": "", "transactionText": "", "filerName": "Sanghvi (Dhirendra B) HUF", "filerRelation": "UNREPORTED", "moneyText": "", "startDate": "2012-04-13", "ownership": "D"}, {"maxAge": 1, "shares": 2147, "filerUrl": "", "transactionText": "", "filerName": "Sanghvi (Bhupendra G) HUF", "filerRelation": "UNREPORTED", "moneyText": "", "startDate": "2012-04-13", "ownership": "D"}, {"maxAge": 1, "shares": 6233, "filerUrl": "", "transactionText": "", "filerName": "Sanghvi (Bhavini D)", "filerRelation": "UNREPORTED", "moneyText": "", "startDate": "2012-04-13", "ownership": "D"}, {"maxAge": 1, "shares": 238736, "filerUrl": "", "transactionText": "", "filerName": "Sanghavi (Dhirendra Bhupendra)", "filerRelation": "UNREPORTED", "moneyText": "", "startDate": "2012-04-13", "ownership": "D"}, {"maxAge": 1, "shares": 148403, "filerUrl": "", "transactionText": "", "filerName": "Sanghavi (Bhupendra G)", "filerRelation": "UNREPORTED", "moneyText": "", "startDate": "2012-04-13", "ownership": "D"}, {"maxAge": 1, "shares": 438756, "filerUrl": "", "transactionText": "", "filerName": "Sanghavi (Usha B)", "filerRelation": "UNREPORTED", "moneyText": "", "startDate": "2012-03-26", "ownership": "D"}, {"maxAge": 1, "shares": 7014, "filerUrl": "", "transactionText": "", "filerName": "Sanghvi (Bhavini D)", "filerRelation": "UNREPORTED", "moneyText": "", "startDate": "2009-09-30", "ownership": "D"}, {"maxAge": 1, "shares": 28658, "filerUrl": "", "transactionText": "", "filerName": "Sanghavi (Bhupendra G)", "filerRelation": "UNREPORTED", "moneyText": "", "startDate": "2009-09-30", "ownership": "D"}, {"maxAge": 1, "shares": 2000, "filerUrl": "", "transactionText": "", "filerName": "Sanghvi (Dhirendra B) HUF", "filerRelation": "UNREPORTED", "moneyText": "", "startDate": "2009-09-30", "ownership": "D"}, {"maxAge": 1, "shares": 57540, "filerUrl": "", "transactionText": "", "filerName": "Sanghvi (Bhupendra G) HUF", "filerRelation": "UNREPORTED", "moneyText": "", "startDate": "2009-09-30", "ownership": "D"}, {"maxAge": 1, "shares": 32797, "filerUrl": "", "transactionText": "", "filerName": "Sanghvi (Bhupendra G) HUF", "filerRelation": "UNREPORTED", "moneyText": "", "startDate": "2009-09-30", "ownership": "D"}, {"maxAge": 1, "shares": 6697, "filerUrl": "", "transactionText": "", "filerName": "Sanghavi (Bhupendra G)", "filerRelation": "UNREPORTED", "moneyText": "", "startDate": "2009-09-30", "ownership": "D"}, {"maxAge": 1, "shares": 5717, "filerUrl": "", "transactionText": "", "filerName": "Sanghavi (Dhirendra Bhupendra)", "filerRelation": "UNREPORTED", "moneyText": "", "startDate": "2009-09-30", "ownership": "D"}, {"maxAge": 1, "shares": 108990, "filerUrl": "", "transactionText": "", "filerName": "Sanghavi (Usha B)", "filerRelation": "UNREPORTED", "moneyText": "", "startDate": "2009-09-30", "ownership": "D"}], "maxAge": 1}, "quoteType": {"exchange": "BSE", "quoteType": "EQUITY", "symbol": "EUROTEXIND.BO", "underlyingSymbol": "EUROTEXIND.BO", "shortName": "EUROTEX INDUSTRIES & EXPORTS L", "longName": "Eurotex Industries and Exports Limited", "firstTradeDateEpochUtc": "2000-11-03 09:15:00", "timeZoneFullName": "Asia/Kolkata", "timeZoneShortName": "IST", "uuid": "46126617-5841-32b1-ab79-b3c4b2e70cc8", "gmtOffSetMilliseconds": 19800000, "maxAge": 1}, "incomeStatementHistory": {"incomeStatementHistory": [{"maxAge": 1, "endDate": "2020-03-31", "totalRevenue": 420577000, "costOfRevenue": 386657000, "grossProfit": 33920000, "researchDevelopment": {}, "sellingGeneralAdministrative": 184684000, "nonRecurring": {}, "otherOperatingExpenses": 41920000, "totalOperatingExpenses": 650156000, "operatingIncome": -229579000, "totalOtherIncomeExpenseNet": 11583000, "ebit": -229579000, "interestExpense": -43016000, "incomeBeforeTax": -217996000, "incomeTaxExpense": -30444000, "minorityInterest": {}, "netIncomeFromContinuingOps": -187552000, "discontinuedOperations": {}, "extraordinaryItems": {}, "effectOfAccountingCharges": {}, "otherItems": {}, "netIncome": -187552000, "netIncomeApplicableToCommonShares": -187552000}, {"maxAge": 1, "endDate": "2019-03-31", "totalRevenue": 1967505000, "costOfRevenue": 1646012000, "grossProfit": 321493000, "researchDevelopment": {}, "sellingGeneralAdministrative": 206309000, "nonRecurring": {}, "otherOperatingExpenses": 184664000, "totalOperatingExpenses": 2075842000, "operatingIncome": -108337000, "totalOtherIncomeExpenseNet": -64539000, "ebit": -108337000, "interestExpense": -67935000, "incomeBeforeTax": -172876000, "incomeTaxExpense": -2138000, "minorityInterest": {}, "netIncomeFromContinuingOps": -170738000, "discontinuedOperations": {}, "extraordinaryItems": {}, "effectOfAccountingCharges": {}, "otherItems": {}, "netIncome": -170738000, "netIncomeApplicableToCommonShares": -170738000}, {"maxAge": 1, "endDate": "2018-03-31", "totalRevenue": 2520516000, "costOfRevenue": 2131790000, "grossProfit": 388726000, "researchDevelopment": {}, "sellingGeneralAdministrative": 236686000, "nonRecurring": {}, "otherOperatingExpenses": 197116000, "totalOperatingExpenses": 2605438000, "operatingIncome": -84922000, "totalOtherIncomeExpenseNet": -67894000, "ebit": -84922000, "interestExpense": -71912000, "incomeBeforeTax": -152816000, "incomeTaxExpense": -11097000, "minorityInterest": {}, "netIncomeFromContinuingOps": -141719000, "discontinuedOperations": {}, "extraordinaryItems": {}, "effectOfAccountingCharges": {}, "otherItems": {}, "netIncome": -141719000, "netIncomeApplicableToCommonShares": -141719000}, {"maxAge": 1, "endDate": "2017-03-31", "totalRevenue": 1886291000, "costOfRevenue": 1560302000, "grossProfit": 325989000, "researchDevelopment": {}, "sellingGeneralAdministrative": 173976000, "nonRecurring": {}, "otherOperatingExpenses": 167172000, "totalOperatingExpenses": 1943214000, "operatingIncome": -56923000, "totalOtherIncomeExpenseNet": -63224000, "ebit": -56923000, "interestExpense": -67651000, "incomeBeforeTax": -120147000, "incomeTaxExpense": -3346000, "minorityInterest": {}, "netIncomeFromContinuingOps": -116801000, "discontinuedOperations": {}, "extraordinaryItems": {}, "effectOfAccountingCharges": {}, "otherItems": {}, "netIncome": -116801000, "netIncomeApplicableToCommonShares": -116801000}], "maxAge": 86400}, "fundOwnership": {"ownershipList": [], "maxAge": 1}, "summaryDetail": {"maxAge": 1, "priceHint": 2, "previousClose": 7.08, "open": 7.08, "dayLow": 7.08, "dayHigh": 7.08, "regularMarketPreviousClose": 7.08, "regularMarketOpen": 7.08, "regularMarketDayLow": 7.08, "regularMarketDayHigh": 7.08, "volume": 202, "regularMarketVolume": 202, "averageVolume": 482, "averageVolume10days": 0, "averageDailyVolume10Day": 0, "bid": 7.08, "ask": 0.0, "bidSize": 0, "askSize": 0, "marketCap": 62120416, "fiftyTwoWeekLow": 3.85, "fiftyTwoWeekHigh": 10.92, "fiftyDayAverage": 9.197576, "twoHundredDayAverage": 9.14669, "currency": "INR", "fromCurrency": null, "lastMarket": null, "algorithm": null, "tradeable": false}, "incomeStatementHistoryQuarterly": {"incomeStatementHistory": [{"maxAge": 1, "endDate": "2020-06-30", "totalRevenue": 44812000, "costOfRevenue": 34987000, "grossProfit": 9825000, "researchDevelopment": {}, "sellingGeneralAdministrative": 6823000, "nonRecurring": {}, "otherOperatingExpenses": 6316000, "totalOperatingExpenses": 57295000, "operatingIncome": -12483000, "totalOtherIncomeExpenseNet": -9969000, "ebit": -12483000, "interestExpense": -9969000, "incomeBeforeTax": -22452000, "incomeTaxExpense": -7456000, "minorityInterest": {}, "netIncomeFromContinuingOps": -14996000, "discontinuedOperations": {}, "extraordinaryItems": {}, "effectOfAccountingCharges": {}, "otherItems": {}, "netIncome": -14996000, "netIncomeApplicableToCommonShares": -14996000}, {"maxAge": 1, "endDate": "2020-03-31", "totalRevenue": 98743000, "costOfRevenue": 94331000, "grossProfit": 4412000, "researchDevelopment": {}, "sellingGeneralAdministrative": 26126000, "nonRecurring": {}, "otherOperatingExpenses": 59632000, "totalOperatingExpenses": 189063000, "operatingIncome": -90320000, "totalOtherIncomeExpenseNet": 47287000, "ebit": -90320000, "interestExpense": -7312000, "incomeBeforeTax": -43033000, "incomeTaxExpense": 5626000, "minorityInterest": {}, "netIncomeFromContinuingOps": -48659000, "discontinuedOperations": {}, "extraordinaryItems": {}, "effectOfAccountingCharges": {}, "otherItems": {}, "netIncome": -48659000, "netIncomeApplicableToCommonShares": -48659000}, {"maxAge": 1, "endDate": "2019-12-31", "totalRevenue": 73221000, "costOfRevenue": 67938000, "grossProfit": 5283000, "researchDevelopment": {}, "sellingGeneralAdministrative": 43238000, "nonRecurring": {}, "otherOperatingExpenses": 10338000, "totalOperatingExpenses": 130823000, "operatingIncome": -57602000, "totalOtherIncomeExpenseNet": 45905000, "ebit": -57602000, "interestExpense": -8704000, "incomeBeforeTax": -11697000, "incomeTaxExpense": 4176000, "minorityInterest": {}, "netIncomeFromContinuingOps": -15873000, "discontinuedOperations": {}, "extraordinaryItems": {}, "effectOfAccountingCharges": {}, "otherItems": {}, "netIncome": -15873000, "netIncomeApplicableToCommonShares": -15873000}, {"maxAge": 1, "endDate": "2019-09-30", "totalRevenue": 89230000, "costOfRevenue": 79338000, "grossProfit": 9892000, "researchDevelopment": {}, "sellingGeneralAdministrative": 65935000, "nonRecurring": {}, "otherOperatingExpenses": 11586000, "totalOperatingExpenses": 166199000, "operatingIncome": -76969000, "totalOtherIncomeExpenseNet": -15220000, "ebit": -76969000, "interestExpense": -15220000, "incomeBeforeTax": -92189000, "incomeTaxExpense": -10950000, "minorityInterest": {}, "netIncomeFromContinuingOps": -81239000, "discontinuedOperations": {}, "extraordinaryItems": {}, "effectOfAccountingCharges": {}, "otherItems": {}, "netIncome": -81239000, "netIncomeApplicableToCommonShares": -81239000}], "maxAge": 86400}, "cashflowStatementHistoryQuarterly": {"cashflowStatements": [{"maxAge": 1, "endDate": "2020-06-30", "netIncome": -14996000, "changeToLiabilities": 0}, {"maxAge": 1, "endDate": "2020-03-31", "netIncome": -48659000, "changeToLiabilities": 0}, {"maxAge": 1, "endDate": "2019-12-31", "netIncome": -15873000, "changeToLiabilities": 0}, {"maxAge": 1, "endDate": "2019-09-30", "netIncome": -81239000, "changeToLiabilities": 0}], "maxAge": 86400}, "insiderHolders": {"holders": [{"maxAge": 1, "name": "Sanghavi (Bhupendra G)", "relation": "UNREPORTED", "url": "", "transactionDescription": "Sale", "latestTransDate": "2012-04-13", "positionDirect": 0, "positionDirectDate": "2012-04-13"}, {"maxAge": 1, "name": "Sanghavi (Dhirendra Bhupendra)", "relation": "UNREPORTED", "url": "", "transactionDescription": "Sale", "latestTransDate": "2012-04-13", "positionDirect": 78508, "positionDirectDate": "2012-04-13"}, {"maxAge": 1, "name": "Sanghavi (Usha B)", "relation": "UNREPORTED", "url": "", "transactionDescription": "Sale", "latestTransDate": "2012-04-13", "positionDirect": 0, "positionDirectDate": "2012-04-13"}, {"maxAge": 1, "name": "Sanghvi (Bhavini D)", "relation": "UNREPORTED", "url": "", "transactionDescription": "Sale", "latestTransDate": "2012-04-13", "positionDirect": 0, "positionDirectDate": "2012-04-13"}, {"maxAge": 1, "name": "Sanghvi (Bhupendra G) HUF", "relation": "UNREPORTED", "url": "", "transactionDescription": "Sale", "latestTransDate": "2012-04-13", "positionDirect": 0, "positionDirectDate": "2012-04-13"}, {"maxAge": 1, "name": "Sanghvi (Dhirendra B) HUF", "relation": "UNREPORTED", "url": "", "transactionDescription": "Sale", "latestTransDate": "2012-04-13", "positionDirect": 0, "positionDirectDate": "2012-04-13"}], "maxAge": 1}, "calendarEvents": {"maxAge": 1, "earnings": {"earningsDate": []}}, "upgradeDowngradeHistory": {"history": [], "maxAge": 86400}, "price": {"maxAge": 1, "regularMarketChangePercent": 0.0, "regularMarketChange": 0.0, "regularMarketTime": "2021-04-22 11:15:00", "priceHint": 2, "regularMarketPrice": 7.08, "regularMarketDayHigh": 7.08, "regularMarketDayLow": 7.08, "regularMarketVolume": 202, "averageDailyVolume10Day": 0, "averageDailyVolume3Month": 482, "regularMarketPreviousClose": 7.08, "regularMarketSource": "FREE_REALTIME", "regularMarketOpen": 7.08, "exchange": "BSE", "exchangeName": "BSE", "exchangeDataDelayedBy": 0, "marketState": "CLOSED", "quoteType": "EQUITY", "symbol": "EUROTEXIND.BO", "underlyingSymbol": null, "shortName": "EUROTEX INDUSTRIES & EXPORTS L", "longName": "Eurotex Industries and Exports Limited", "currency": "INR", "quoteSourceName": "Delayed Quote", "currencySymbol": "\u20b9", "fromCurrency": null, "lastMarket": null, "marketCap": 62120416}, "balanceSheetHistory": {"balanceSheetStatements": [{"maxAge": 1, "endDate": "2020-03-31", "cash": 4810000, "shortTermInvestments": 110000, "netReceivables": 28941000, "inventory": 100145000, "otherCurrentAssets": 23011000, "totalCurrentAssets": 159618000, "longTermInvestments": 10957000, "propertyPlantEquipment": 509814000, "otherAssets": 53079000, "totalAssets": 733468000, "accountsPayable": 95354000, "shortLongTermDebt": 4400000, "otherCurrentLiab": 136990000, "longTermDebt": 50300000, "otherLiab": 72726000, "totalCurrentLiabilities": 567677000, "totalLiab": 690703000, "commonStock": 87402000, "retainedEarnings": -479395000, "treasuryStock": 334251000, "capitalSurplus": 100507000, "otherStockholderEquity": 334251000, "totalStockholderEquity": 42765000, "netTangibleAssets": 42765000}, {"maxAge": 1, "endDate": "2019-03-31", "cash": 1448000, "shortTermInvestments": 110000, "netReceivables": 36577000, "inventory": 330245000, "otherCurrentAssets": 3471000, "totalCurrentAssets": 501027000, "longTermInvestments": 500000, "propertyPlantEquipment": 574886000, "otherAssets": 52817000, "totalAssets": 1129230000, "accountsPayable": 190389000, "shortLongTermDebt": 7200000, "otherCurrentLiab": 158103000, "longTermDebt": 54700000, "otherLiab": 127107000, "totalCurrentLiabilities": 706177000, "totalLiab": 887984000, "commonStock": 87402000, "retainedEarnings": -365818000, "treasuryStock": 419155000, "capitalSurplus": 100507000, "otherStockholderEquity": 419155000, "totalStockholderEquity": 241246000, "netTangibleAssets": 241246000}, {"maxAge": 1, "endDate": "2018-03-31", "cash": 12251000, "shortTermInvestments": 1897000, "netReceivables": 137929000, "inventory": 548498000, "otherCurrentAssets": 5709000, "totalCurrentAssets": 713288000, "longTermInvestments": 132189000, "propertyPlantEquipment": 613117000, "otherAssets": 82766000, "totalAssets": 1541360000, "accountsPayable": 305039000, "shortLongTermDebt": 7802000, "otherCurrentLiab": 120391000, "longTermDebt": 61964000, "otherLiab": 129541000, "totalCurrentLiabilities": 933886000, "totalLiab": 1125391000, "commonStock": 87402000, "retainedEarnings": -195080000, "treasuryStock": 423140000, "capitalSurplus": 100507000, "otherStockholderEquity": 423140000, "totalStockholderEquity": 415969000, "netTangibleAssets": 415969000}, {"maxAge": 1, "endDate": "2017-03-31", "cash": 8149000, "shortTermInvestments": 50000, "netReceivables": 149182000, "inventory": 618610000, "otherCurrentAssets": 21414000, "totalCurrentAssets": 804799000, "longTermInvestments": 138311000, "propertyPlantEquipment": 654527000, "otherAssets": 85553000, "totalAssets": 1683190000, "accountsPayable": 341512000, "shortLongTermDebt": 7778000, "otherCurrentLiab": 141440000, "longTermDebt": 69766000, "otherLiab": 139884000, "totalCurrentLiabilities": 912728000, "totalLiab": 1122378000, "commonStock": 87402000, "retainedEarnings": -53361000, "treasuryStock": 426264000, "capitalSurplus": 100507000, "otherStockholderEquity": 426264000, "totalStockholderEquity": 560812000, "netTangibleAssets": 560812000}], "maxAge": 86400}, "financialData": {"maxAge": 86400, "currentPrice": 7.08, "recommendationKey": "none", "grossProfits": 33920000, "financialCurrency": "INR"}}}