{"EVEREADY.BO": {"recommendationTrend": {"trend": [{"period": "0m", "strongBuy": 0, "buy": 0, "hold": 0, "sell": 0, "strongSell": 0}, {"period": "-1m", "strongBuy": 0, "buy": 0, "hold": 0, "sell": 0, "strongSell": 0}, {"period": "-2m", "strongBuy": 0, "buy": 0, "hold": 0, "sell": 0, "strongSell": 0}, {"period": "-3m", "strongBuy": 0, "buy": 0, "hold": 0, "sell": 0, "strongSell": 0}], "maxAge": 86400}, "cashflowStatementHistory": {"cashflowStatements": [{"maxAge": 1, "endDate": "2020-03-31", "netIncome": 1782882000, "depreciation": 260753000, "changeToNetincome": -946502000, "changeToAccountReceivables": 820144000, "changeToLiabilities": -811065000, "changeToInventory": 424215000, "changeToOperatingActivities": -229802000, "totalCashFromOperatingActivities": 1329528000, "capitalExpenditures": -170566000, "otherCashflowsFromInvestingActivities": 9173000, "totalCashflowsFromInvestingActivities": -158380000, "netBorrowings": -291251000, "otherCashflowsFromFinancingActivities": -845231000, "totalCashFromFinancingActivities": -1136482000, "effectOfExchangeRate": 4432000, "changeInCash": 39098000}, {"maxAge": 1, "endDate": "2019-03-31", "netIncome": 478257000, "depreciation": 199260000, "changeToNetincome": 137536000, "changeToAccountReceivables": -164343000, "changeToLiabilities": -471749000, "changeToInventory": 473079000, "changeToOperatingActivities": 26456000, "totalCashFromOperatingActivities": 700755000, "capitalExpenditures": -837162000, "investments": -75000000, "otherCashflowsFromInvestingActivities": 87098000, "totalCashflowsFromInvestingActivities": -1446253000, "dividendsPaid": -109031000, "netBorrowings": 1454119000, "otherCashflowsFromFinancingActivities": -582875000, "totalCashFromFinancingActivities": 762213000, "effectOfExchangeRate": 563000, "changeInCash": 17278000}, {"maxAge": 1, "endDate": "2018-03-31", "netIncome": 531589000, "depreciation": 183850000, "changeToNetincome": 124426000, "changeToAccountReceivables": -383538000, "changeToLiabilities": 872176000, "changeToInventory": -156739000, "changeToOperatingActivities": -375564000, "totalCashFromOperatingActivities": 807929000, "capitalExpenditures": -415912000, "investments": -75000000, "otherCashflowsFromInvestingActivities": 87535000, "totalCashflowsFromInvestingActivities": -997845000, "dividendsPaid": -109031000, "netBorrowings": -77043000, "otherCashflowsFromFinancingActivities": -292680000, "totalCashFromFinancingActivities": -369723000, "effectOfExchangeRate": -185000, "changeInCash": -559824000}, {"maxAge": 1, "endDate": "2017-03-31", "netIncome": 935283000, "depreciation": 138231000, "changeToNetincome": 201896000, "changeToAccountReceivables": -147437000, "changeToLiabilities": 205199000, "changeToInventory": -463776000, "changeToOperatingActivities": -61821000, "totalCashFromOperatingActivities": 820620000, "capitalExpenditures": -1068923000, "investments": -75000000, "otherCashflowsFromInvestingActivities": 27067000, "totalCashflowsFromInvestingActivities": -678981000, "dividendsPaid": -72687000, "netBorrowings": 264776000, "otherCashflowsFromFinancingActivities": -244431000, "totalCashFromFinancingActivities": -52342000, "effectOfExchangeRate": -387000, "changeInCash": 88910000}], "maxAge": 86400}, "institutionOwnership": {"ownershipList": [], "maxAge": 1}, "balanceSheetHistoryQuarterly": {"balanceSheetStatements": [{"maxAge": 1, "endDate": "2020-06-30", "totalStockholderEquity": 5555172000, "netTangibleAssets": 5474124000}, {"maxAge": 1, "endDate": "2020-03-31", "cash": 106059000, "shortTermInvestments": 322000, "netReceivables": 5388246000, "inventory": 2411642000, "otherCurrentAssets": 253202000, "totalCurrentAssets": 8185110000, "longTermInvestments": 54412000, "propertyPlantEquipment": 3233666000, "intangibleAssets": 81048000, "otherAssets": 1008511000, "totalAssets": 12562747000, "accountsPayable": 1806155000, "shortLongTermDebt": 946497000, "otherCurrentLiab": 931254000, "longTermDebt": 1484664000, "otherLiab": 152287000, "totalCurrentLiabilities": 5169577000, "totalLiab": 7007575000, "commonStock": 363436000, "retainedEarnings": 2251174000, "treasuryStock": 1299351000, "capitalSurplus": 1641211000, "otherStockholderEquity": 1299351000, "totalStockholderEquity": 5555172000, "netTangibleAssets": 5474124000}, {"maxAge": 1, "endDate": "2019-12-31", "totalStockholderEquity": 4016008000, "netTangibleAssets": 3924673000}, {"maxAge": 1, "endDate": "2019-09-30", "cash": 103859000, "shortTermInvestments": 647101000, "netReceivables": 4820094000, "inventory": 2100636000, "otherCurrentAssets": 925166000, "totalCurrentAssets": 8596856000, "longTermInvestments": 125731000, "propertyPlantEquipment": 3643087000, "intangibleAssets": 91335000, "otherAssets": 938474000, "totalAssets": 13395483000, "accountsPayable": 2132494000, "shortLongTermDebt": 1421980000, "otherCurrentLiab": 1775749000, "longTermDebt": 1803947000, "otherLiab": 142342000, "totalCurrentLiabilities": 7229895000, "totalLiab": 9379475000, "commonStock": 363436000, "treasuryStock": 3652572000, "otherStockholderEquity": 3652572000, "totalStockholderEquity": 4016008000, "netTangibleAssets": 3924673000}], "maxAge": 86400}, "earningsHistory": {"history": [{"maxAge": 1, "epsActual": {}, "epsEstimate": {}, "epsDifference": {}, "surprisePercent": {}, "quarter": {}, "period": "-4q"}, {"maxAge": 1, "epsActual": 3.52, "epsEstimate": 2.61, "epsDifference": 0.91, "surprisePercent": 0.349, "quarter": "2016-09-30", "period": "-3q"}, {"maxAge": 1, "epsActual": 1.44, "epsEstimate": 2.78, "epsDifference": -1.34, "surprisePercent": -0.482, "quarter": "2017-03-31", "period": "-2q"}, {"maxAge": 1, "epsActual": 1.87, "epsEstimate": 3.48, "epsDifference": -1.61, "surprisePercent": -0.463, "quarter": "2017-06-30", "period": "-1q"}], "maxAge": 86400}, "indexTrend": {"maxAge": 1, "symbol": "SP5", "peRatio": 19.7411, "pegRatio": 1.34172, "estimates": [{"period": "0q", "growth": 0.549}, {"period": "+1q", "growth": 0.431}, {"period": "0y", "growth": 0.305}, {"period": "+1y", "growth": 0.109}, {"period": "+5y", "growth": 0.120865}, {"period": "-5y"}]}, "industryTrend": {"maxAge": 1, "symbol": null, "estimates": []}, "insiderTransactions": {"transactions": [{"maxAge": 1, "shares": 2796887, "filerUrl": "", "transactionText": "", "filerName": "Amansa Holding Pvt Ltd", "filerRelation": "Promoter", "moneyText": "", "startDate": "2020-03-05", "ownership": "D"}, {"maxAge": 1, "shares": 5000, "filerUrl": "", "transactionText": "", "filerName": "Zen Industrial Services Ltd", "filerRelation": "Promoter", "moneyText": "", "startDate": "2019-09-23", "ownership": "D"}, {"maxAge": 1, "shares": 3000, "filerUrl": "", "transactionText": "", "filerName": "Zen Industrial Services Ltd", "filerRelation": "Promoter", "moneyText": "", "startDate": "2019-08-09", "ownership": "D"}, {"maxAge": 1, "shares": 15000, "filerUrl": "", "transactionText": "", "filerName": "Zen Industrial Services Ltd", "filerRelation": "Promoter", "moneyText": "", "startDate": "2019-08-07", "ownership": "D"}, {"maxAge": 1, "shares": 15000, "filerUrl": "", "transactionText": "", "filerName": "Zen Industrial Services Ltd", "filerRelation": "Promoter", "moneyText": "", "startDate": "2019-07-15", "ownership": "D"}, {"maxAge": 1, "shares": 29000, "filerUrl": "", "transactionText": "", "filerName": "Zen Industrial Services Ltd", "filerRelation": "Promoter", "moneyText": "", "startDate": "2019-07-03", "ownership": "D"}, {"maxAge": 1, "shares": 5000, "filerUrl": "", "transactionText": "", "filerName": "Williamson Financial Services Ltd", "filerRelation": "Promoter", "moneyText": "", "startDate": "2018-06-26", "ownership": "D"}, {"maxAge": 1, "shares": 15000, "filerUrl": "", "transactionText": "", "filerName": "Williamson Financial Services Ltd", "filerRelation": "Promoter", "moneyText": "", "startDate": "2018-06-25", "ownership": "D"}, {"maxAge": 1, "shares": 43200, "filerUrl": "", "transactionText": "", "filerName": "Khaitan (Amritanshu)", "filerRelation": "Managing Director", "moneyText": "", "startDate": "2017-04-25", "ownership": "D"}, {"maxAge": 1, "shares": 43200, "filerUrl": "", "transactionText": "", "filerName": "Khaitan (Yashodhara)", "filerRelation": "Promoter", "moneyText": "", "startDate": "2017-04-25", "ownership": "D"}, {"maxAge": 1, "shares": 50000, "filerUrl": "", "transactionText": "", "filerName": "Khaitan (Amritanshu)", "filerRelation": "Managing Director", "moneyText": "", "startDate": "2016-12-29", "ownership": "D"}, {"maxAge": 1, "shares": 159650, "filerUrl": "", "transactionText": "", "filerName": "Khaitan (Yashodhara)", "filerRelation": "Promoter", "moneyText": "", "startDate": "2016-10-31", "ownership": "D"}, {"maxAge": 1, "shares": 319300, "filerUrl": "", "transactionText": "", "filerName": "Estate (Deepak Khaitan D K)", "filerRelation": "UNREPORTED", "moneyText": "", "startDate": "2016-10-31", "ownership": "D"}, {"maxAge": 1, "shares": 5000, "filerUrl": "", "transactionText": "", "filerName": "Khaitan (Vanya)", "filerRelation": "UNREPORTED", "moneyText": "", "startDate": "2015-08-31", "ownership": "D"}, {"maxAge": 1, "shares": 10000, "filerUrl": "", "transactionText": "", "filerName": "Khaitan (Amritanshu)", "filerRelation": "Managing Director", "moneyText": "", "startDate": "2015-08-10", "ownership": "D"}, {"maxAge": 1, "shares": 10000, "filerUrl": "", "transactionText": "", "filerName": "Khaitan (Amritanshu)", "filerRelation": "Managing Director", "moneyText": "", "startDate": "2015-08-07", "ownership": "D"}, {"maxAge": 1, "shares": 5000, "filerUrl": "", "transactionText": "", "filerName": "Khaitan (Amritanshu)", "filerRelation": "Managing Director", "moneyText": "", "startDate": "2015-08-06", "ownership": "D"}, {"maxAge": 1, "shares": 10000, "filerUrl": "", "transactionText": "", "filerName": "Khaitan (Amritanshu)", "filerRelation": "Promoter", "moneyText": "", "startDate": "2015-07-06", "ownership": "D"}, {"maxAge": 1, "shares": 1500, "filerUrl": "", "transactionText": "", "filerName": "Rao (Srinivasa Y)", "filerRelation": "Director (Executive)", "moneyText": "", "startDate": "2015-01-23", "ownership": "D"}, {"maxAge": 1, "shares": 16367, "filerUrl": "", "transactionText": "", "filerName": "Khaitan (Amritanshu)", "filerRelation": "Wholetime Director", "moneyText": "", "startDate": "2014-10-17", "ownership": "D"}, {"maxAge": 1, "shares": 1000, "filerUrl": "", "transactionText": "", "filerName": "Ravikumar (Puranam Hayagreeva)", "filerRelation": "Director (Non-Executive)", "moneyText": "", "startDate": "2014-06-06", "ownership": "D"}, {"maxAge": 1, "shares": 1000, "filerUrl": "", "transactionText": "", "filerName": "Ravikumar (Puranam Hayagreeva)", "filerRelation": "Director (Non-Executive)", "moneyText": "", "startDate": "2014-06-05", "ownership": "D"}, {"maxAge": 1, "shares": 1000, "filerUrl": "", "transactionText": "", "filerName": "Ravikumar (Puranam Hayagreeva)", "filerRelation": "Director (Non-Executive)", "moneyText": "", "startDate": "2014-06-03", "ownership": "D"}, {"maxAge": 1, "shares": 2000, "filerUrl": "", "transactionText": "", "filerName": "Ravikumar (Puranam Hayagreeva)", "filerRelation": "Director (Non-Executive)", "moneyText": "", "startDate": "2014-06-02", "ownership": "D"}, {"maxAge": 1, "shares": 75000, "filerUrl": "", "transactionText": "", "filerName": "Khaitan (Aditya)", "filerRelation": "Director (Non-Executive)", "moneyText": "", "startDate": "2014-03-31", "ownership": "D"}, {"maxAge": 1, "shares": 25000, "filerUrl": "", "transactionText": "", "filerName": "Khaitan (Amritanshu)", "filerRelation": "Wholetime Director", "moneyText": "", "startDate": "2014-03-31", "ownership": "D"}, {"maxAge": 1, "shares": 47000, "filerUrl": "", "transactionText": "", "filerName": "Dasgupta (Subir Ranjan)", "filerRelation": "Director (Non-Executive)", "moneyText": "", "startDate": "2014-03-06", "ownership": "D"}, {"maxAge": 1, "shares": 50000, "filerUrl": "", "transactionText": "", "filerName": "Khaitan (Aditya)", "filerRelation": "Director (Non-Executive)", "moneyText": "", "startDate": "2014-02-13", "ownership": "D"}, {"maxAge": 1, "shares": 21295, "filerUrl": "", "transactionText": "", "filerName": "Khaitan (Aditya)", "filerRelation": "Director (Non-Executive)", "moneyText": "", "startDate": "2014-01-23", "ownership": "D"}, {"maxAge": 1, "shares": 50000, "filerUrl": "", "transactionText": "", "filerName": "Khaitan (Amritanshu)", "filerRelation": "Wholetime Director", "moneyText": "", "startDate": "2014-01-22", "ownership": "D"}, {"maxAge": 1, "shares": 78705, "filerUrl": "", "transactionText": "", "filerName": "Khaitan (Aditya)", "filerRelation": "Director (Non-Executive)", "moneyText": "", "startDate": "2014-01-22", "ownership": "D"}, {"maxAge": 1, "shares": 48985, "filerUrl": "", "transactionText": "", "filerName": "United Machine Co Ltd", "filerRelation": "Promoter", "moneyText": "", "startDate": "2011-12-21", "ownership": "D"}, {"maxAge": 1, "shares": 162375, "filerUrl": "", "transactionText": "", "filerName": "ICICI Prudential FMCG Fund", "filerRelation": "Investment Management Company", "moneyText": "", "startDate": "2011-07-06", "ownership": "D"}, {"maxAge": 1, "shares": 114785, "filerUrl": "", "transactionText": "", "filerName": "Bishnauth Investments, Ltd.", "filerRelation": "Institution- Corporation", "moneyText": "", "startDate": "2010-07-13", "ownership": "D"}], "maxAge": 1}, "quoteType": {"exchange": "BSE", "quoteType": "EQUITY", "symbol": "EVEREADY.BO", "underlyingSymbol": "EVEREADY.BO", "shortName": "EVEREADY INDUSTRIES INDIA LTD.", "longName": "Eveready Industries India Limited", "firstTradeDateEpochUtc": "2002-07-01 09:15:00", "timeZoneFullName": "Asia/Kolkata", "timeZoneShortName": "IST", "uuid": "21e07d01-1138-354e-b453-749aa97b0628", "gmtOffSetMilliseconds": 19800000, "maxAge": 1}, "incomeStatementHistory": {"incomeStatementHistory": [{"maxAge": 1, "endDate": "2020-03-31", "totalRevenue": 12210931000, "costOfRevenue": 7479928000, "grossProfit": 4731003000, "researchDevelopment": {}, "sellingGeneralAdministrative": 1674775000, "nonRecurring": {}, "otherOperatingExpenses": 1776543000, "totalOperatingExpenses": 11220902000, "operatingIncome": 990029000, "totalOtherIncomeExpenseNet": 1197959000, "ebit": 990029000, "interestExpense": -681976000, "incomeBeforeTax": 2187988000, "incomeTaxExpense": 405106000, "minorityInterest": {}, "netIncomeFromContinuingOps": 1782882000, "discontinuedOperations": {}, "extraordinaryItems": {}, "effectOfAccountingCharges": {}, "otherItems": {}, "netIncome": 1782882000, "netIncomeApplicableToCommonShares": 1782882000}, {"maxAge": 1, "endDate": "2019-03-31", "totalRevenue": 15066414000, "costOfRevenue": 9826688000, "grossProfit": 5239726000, "researchDevelopment": {}, "sellingGeneralAdministrative": 1950155000, "nonRecurring": {}, "otherOperatingExpenses": 2085332000, "totalOperatingExpenses": 14080544000, "operatingIncome": 985870000, "totalOtherIncomeExpenseNet": -387962000, "ebit": 985870000, "interestExpense": -510167000, "incomeBeforeTax": 597908000, "incomeTaxExpense": 119651000, "minorityInterest": {}, "netIncomeFromContinuingOps": 478257000, "discontinuedOperations": {}, "extraordinaryItems": {}, "effectOfAccountingCharges": {}, "otherItems": {}, "netIncome": 478257000, "netIncomeApplicableToCommonShares": 478257000}, {"maxAge": 1, "endDate": "2018-03-31", "totalRevenue": 14563786000, "costOfRevenue": 9159477000, "grossProfit": 5404309000, "researchDevelopment": {}, "sellingGeneralAdministrative": 2415263000, "nonRecurring": {}, "otherOperatingExpenses": 1941196000, "totalOperatingExpenses": 13708365000, "operatingIncome": 855421000, "totalOtherIncomeExpenseNet": -99384000, "ebit": 855421000, "interestExpense": -269431000, "incomeBeforeTax": 756037000, "incomeTaxExpense": 224448000, "minorityInterest": {}, "netIncomeFromContinuingOps": 531589000, "discontinuedOperations": {}, "extraordinaryItems": {}, "effectOfAccountingCharges": {}, "otherItems": {}, "netIncome": 531589000, "netIncomeApplicableToCommonShares": 531589000}, {"maxAge": 1, "endDate": "2017-03-31", "totalRevenue": 13572411000, "costOfRevenue": 8496214000, "grossProfit": 5076197000, "researchDevelopment": {}, "sellingGeneralAdministrative": 2112598000, "nonRecurring": {}, "otherOperatingExpenses": 1623823000, "totalOperatingExpenses": 12381938000, "operatingIncome": 1190473000, "totalOtherIncomeExpenseNet": -144408000, "ebit": 1190473000, "interestExpense": -215018000, "incomeBeforeTax": 1046065000, "incomeTaxExpense": 110781000, "minorityInterest": -4000, "netIncomeFromContinuingOps": 935284000, "discontinuedOperations": {}, "extraordinaryItems": {}, "effectOfAccountingCharges": {}, "otherItems": {}, "netIncome": 935283000, "netIncomeApplicableToCommonShares": 935283000}], "maxAge": 86400}, "fundOwnership": {"ownershipList": [], "maxAge": 1}, "summaryDetail": {"maxAge": 1, "priceHint": 2, "previousClose": 298.25, "open": 291.3, "dayLow": 291.3, "dayHigh": 300.55, "regularMarketPreviousClose": 298.25, "regularMarketOpen": 291.3, "regularMarketDayLow": 291.3, "regularMarketDayHigh": 300.55, "trailingPE": 10.89772, "forwardPE": 20.945946, "volume": 32039, "regularMarketVolume": 32039, "averageVolume": 64990, "averageVolume10days": 20148, "averageDailyVolume10Day": 20148, "bid": 294.1, "ask": 297.0, "bidSize": 0, "askSize": 0, "marketCap": 21406408704, "fiftyTwoWeekLow": 45.15, "fiftyTwoWeekHigh": 300.55, "fiftyDayAverage": 198.34697, "twoHundredDayAverage": 158.86397, "trailingAnnualDividendRate": 1.5, "trailingAnnualDividendYield": 0.005029338, "currency": "INR", "fromCurrency": null, "lastMarket": null, "algorithm": null, "tradeable": false}, "sectorTrend": {"maxAge": 1, "symbol": null, "estimates": []}, "incomeStatementHistoryQuarterly": {"incomeStatementHistory": [{"maxAge": 1, "endDate": "2020-06-30", "totalRevenue": 2634453000, "costOfRevenue": 1401180000, "grossProfit": 1233273000, "researchDevelopment": {}, "sellingGeneralAdministrative": 370895000, "nonRecurring": {}, "otherOperatingExpenses": 449627000, "totalOperatingExpenses": 2291230000, "operatingIncome": 343223000, "totalOtherIncomeExpenseNet": -26561000, "ebit": 343223000, "interestExpense": -139954000, "incomeBeforeTax": 316662000, "incomeTaxExpense": 66775000, "minorityInterest": {}, "netIncomeFromContinuingOps": 249887000, "discontinuedOperations": {}, "extraordinaryItems": {}, "effectOfAccountingCharges": {}, "otherItems": {}, "netIncome": 249887000, "netIncomeApplicableToCommonShares": 249887000}, {"maxAge": 1, "endDate": "2020-03-31", "totalRevenue": 2240762000, "costOfRevenue": 1354424000, "grossProfit": 886338000, "researchDevelopment": {}, "sellingGeneralAdministrative": 503557000, "nonRecurring": {}, "otherOperatingExpenses": 33495000, "totalOperatingExpenses": 1963679000, "operatingIncome": 277083000, "totalOtherIncomeExpenseNet": 503784000, "ebit": 277083000, "interestExpense": -144037000, "incomeBeforeTax": 780867000, "incomeTaxExpense": 150212000, "minorityInterest": {}, "netIncomeFromContinuingOps": 630655000, "discontinuedOperations": {}, "extraordinaryItems": {}, "effectOfAccountingCharges": {}, "otherItems": {}, "netIncome": 630655000, "netIncomeApplicableToCommonShares": 630655000}, {"maxAge": 1, "endDate": "2019-12-31", "totalRevenue": 3173775000, "costOfRevenue": 1907185000, "grossProfit": 1266590000, "researchDevelopment": {}, "sellingGeneralAdministrative": 361246000, "nonRecurring": {}, "otherOperatingExpenses": 543916000, "totalOperatingExpenses": 2882115000, "operatingIncome": 291660000, "totalOtherIncomeExpenseNet": 815899000, "ebit": 291660000, "interestExpense": -181288000, "incomeBeforeTax": 1107559000, "incomeTaxExpense": 205555000, "minorityInterest": {}, "netIncomeFromContinuingOps": 902004000, "discontinuedOperations": {}, "extraordinaryItems": {}, "effectOfAccountingCharges": {}, "otherItems": {}, "netIncome": 902004000, "netIncomeApplicableToCommonShares": 902004000}, {"maxAge": 1, "endDate": "2019-09-30", "totalRevenue": 3484007000, "costOfRevenue": 2151600000, "grossProfit": 1332407000, "researchDevelopment": {}, "sellingGeneralAdministrative": 395354000, "nonRecurring": {}, "otherOperatingExpenses": 618745000, "totalOperatingExpenses": 3241431000, "operatingIncome": 242576000, "totalOtherIncomeExpenseNet": -34585000, "ebit": 242576000, "interestExpense": -195766000, "incomeBeforeTax": 207991000, "incomeTaxExpense": 26871000, "minorityInterest": {}, "netIncomeFromContinuingOps": 181120000, "discontinuedOperations": {}, "extraordinaryItems": {}, "effectOfAccountingCharges": {}, "otherItems": {}, "netIncome": 181120000, "netIncomeApplicableToCommonShares": 181120000}], "maxAge": 86400}, "cashflowStatementHistoryQuarterly": {"cashflowStatements": [{"maxAge": 1, "endDate": "2020-06-30", "netIncome": 249887000, "changeToLiabilities": 0}, {"maxAge": 1, "endDate": "2020-03-31", "netIncome": 630655000, "changeToLiabilities": 0}, {"maxAge": 1, "endDate": "2019-12-31", "netIncome": 902004000, "changeToLiabilities": 0}, {"maxAge": 1, "endDate": "2019-09-30", "netIncome": 181120000, "changeToLiabilities": 0}], "maxAge": 86400}, "insiderHolders": {"holders": [{"maxAge": 1, "name": "Amansa Holding Pvt Ltd", "relation": "Promoter", "url": "", "transactionDescription": "Sale", "latestTransDate": "2020-03-05", "positionDirect": 0, "positionDirectDate": "2020-03-05"}, {"maxAge": 1, "name": "Estate (Deepak Khaitan D K)", "relation": "UNREPORTED", "url": "", "transactionDescription": "Other", "latestTransDate": "2016-10-31", "positionDirect": 0, "positionDirectDate": "2016-10-31"}, {"maxAge": 1, "name": "Khaitan (Aditya)", "relation": "Director (Non-Executive)", "url": "", "transactionDescription": "Acquisition", "latestTransDate": "2014-03-31", "positionDirect": 232266, "positionDirectDate": "2014-03-31"}, {"maxAge": 1, "name": "Khaitan (Amritanshu)", "relation": "Managing Director", "url": "", "transactionDescription": "Other", "latestTransDate": "2017-04-25", "positionDirect": 0, "positionDirectDate": "2017-04-25"}, {"maxAge": 1, "name": "Khaitan (Vanya)", "relation": "UNREPORTED", "url": "", "transactionDescription": "Acquisition", "latestTransDate": "2015-08-31", "positionDirect": 5000, "positionDirectDate": "2015-08-31"}, {"maxAge": 1, "name": "Khaitan (Yashodhara)", "relation": "Promoter", "url": "", "transactionDescription": "Other", "latestTransDate": "2017-04-25", "positionDirect": 235945, "positionDirectDate": "2017-04-25"}, {"maxAge": 1, "name": "Rao (Srinivasa Y)", "relation": "Director (Executive)", "url": "", "transactionDescription": "Sale", "latestTransDate": "2015-01-23", "positionDirect": 13650, "positionDirectDate": "2015-01-23"}, {"maxAge": 1, "name": "Ravikumar (Puranam Hayagreeva)", "relation": "Director (Non-Executive)", "url": "", "transactionDescription": "Acquisition", "latestTransDate": "2014-06-06", "positionDirect": 7000, "positionDirectDate": "2014-06-06"}, {"maxAge": 1, "name": "Williamson Financial Services Ltd", "relation": "Promoter", "url": "", "transactionDescription": "Sale", "latestTransDate": "2018-06-26", "positionDirect": 6390988, "positionDirectDate": "2018-06-26"}, {"maxAge": 1, "name": "Zen Industrial Services Ltd", "relation": "Promoter", "url": "", "transactionDescription": "Sale", "latestTransDate": "2019-09-23", "positionDirect": 18366, "positionDirectDate": "2019-09-23"}], "maxAge": 1}, "earnings": {"maxAge": 86400, "earningsChart": {"quarterly": [{"date": "3Q2016", "actual": 3.52, "estimate": 2.61}, {"date": "1Q2017", "actual": 1.44, "estimate": 2.78}, {"date": "2Q2017", "actual": 1.87, "estimate": 3.48}], "currentQuarterEstimateDate": "3Q", "currentQuarterEstimateYear": 2017, "earningsDate": []}, "financialsChart": {"yearly": [{"date": 2017, "revenue": 13572411000, "earnings": 935283000}, {"date": 2018, "revenue": 14563786000, "earnings": 531589000}, {"date": 2019, "revenue": 15066414000, "earnings": 478257000}, {"date": 2020, "revenue": 12210931000, "earnings": 1782882000}], "quarterly": [{"date": "3Q2019", "revenue": 3484007000, "earnings": 181120000}, {"date": "4Q2019", "revenue": 3173775000, "earnings": 902004000}, {"date": "1Q2020", "revenue": 2240762000, "earnings": 630655000}, {"date": "2Q2020", "revenue": 2634453000, "earnings": 249887000}]}, "financialCurrency": "INR"}, "calendarEvents": {"maxAge": 1, "earnings": {"earningsDate": [], "revenueLow": 3868000000, "revenueHigh": 3868000000}}, "upgradeDowngradeHistory": {"history": [], "maxAge": 86400}, "price": {"maxAge": 1, "regularMarketChangePercent": -0.012573345, "regularMarketChange": -3.75, "regularMarketTime": "2021-04-30 15:29:51", "priceHint": 2, "regularMarketPrice": 294.5, "regularMarketDayHigh": 300.55, "regularMarketDayLow": 291.3, "regularMarketVolume": 32039, "averageDailyVolume10Day": 20148, "averageDailyVolume3Month": 64990, "regularMarketPreviousClose": 298.25, "regularMarketSource": "FREE_REALTIME", "regularMarketOpen": 291.3, "exchange": "BSE", "exchangeName": "BSE", "exchangeDataDelayedBy": 0, "marketState": "CLOSED", "quoteType": "EQUITY", "symbol": "EVEREADY.BO", "underlyingSymbol": null, "shortName": "EVEREADY INDUSTRIES INDIA LTD.", "longName": "Eveready Industries India Limited", "currency": "INR", "quoteSourceName": "Delayed Quote", "currencySymbol": "\u20b9", "fromCurrency": null, "lastMarket": null, "marketCap": 21406408704}, "balanceSheetHistory": {"balanceSheetStatements": [{"maxAge": 1, "endDate": "2020-03-31", "cash": 106059000, "shortTermInvestments": 322000, "netReceivables": 5388246000, "inventory": 2411642000, "otherCurrentAssets": 253202000, "totalCurrentAssets": 8185110000, "longTermInvestments": 54412000, "propertyPlantEquipment": 3233666000, "intangibleAssets": 81048000, "otherAssets": 1008511000, "totalAssets": 12562747000, "accountsPayable": 1806155000, "shortLongTermDebt": 946497000, "otherCurrentLiab": 931254000, "longTermDebt": 1484664000, "otherLiab": 152287000, "totalCurrentLiabilities": 5169577000, "totalLiab": 7007575000, "commonStock": 363436000, "retainedEarnings": 2251174000, "treasuryStock": 1299351000, "capitalSurplus": 1641211000, "otherStockholderEquity": 1299351000, "totalStockholderEquity": 5555172000, "netTangibleAssets": 5474124000}, {"maxAge": 1, "endDate": "2019-03-31", "cash": 66961000, "shortTermInvestments": 297000, "netReceivables": 4305229000, "inventory": 2769496000, "otherCurrentAssets": 317237000, "totalCurrentAssets": 7494607000, "longTermInvestments": 66256000, "propertyPlantEquipment": 3368576000, "intangibleAssets": 104466000, "otherAssets": 1039339000, "totalAssets": 12073244000, "accountsPayable": 2594037000, "shortLongTermDebt": 895716000, "otherCurrentLiab": 1298679000, "longTermDebt": 2099516000, "otherLiab": 146065000, "totalCurrentLiabilities": 6068674000, "totalLiab": 8314255000, "commonStock": 363436000, "retainedEarnings": 468292000, "treasuryStock": 1286050000, "capitalSurplus": 1641211000, "otherStockholderEquity": 1286050000, "totalStockholderEquity": 3758989000, "netTangibleAssets": 3654523000}, {"maxAge": 1, "endDate": "2018-03-31", "cash": 49683000, "shortTermInvestments": 291000, "netReceivables": 3000565000, "inventory": 3106354000, "otherCurrentAssets": 52469000, "totalCurrentAssets": 6244737000, "longTermInvestments": 6000, "propertyPlantEquipment": 3569770000, "intangibleAssets": 32361000, "otherAssets": 440548000, "totalAssets": 10287422000, "accountsPayable": 3079881000, "shortLongTermDebt": 572226000, "otherCurrentLiab": 798694000, "longTermDebt": 854497000, "otherLiab": 165845000, "totalCurrentLiabilities": 5839820000, "totalLiab": 6860162000, "commonStock": 363436000, "retainedEarnings": 151019000, "treasuryStock": 1271594000, "capitalSurplus": 1641211000, "otherStockholderEquity": 1271594000, "totalStockholderEquity": 3427260000, "netTangibleAssets": 3394899000}, {"maxAge": 1, "endDate": "2017-03-31", "cash": 49508000, "shortTermInvestments": 819000, "netReceivables": 1039603000, "inventory": 3021503000, "otherCurrentAssets": 78498000, "totalCurrentAssets": 4218980000, "longTermInvestments": 6000, "propertyPlantEquipment": 3343941000, "intangibleAssets": 61071000, "otherAssets": 428860000, "totalAssets": 8052858000, "accountsPayable": 2201919000, "shortLongTermDebt": 294855000, "otherCurrentLiab": 667255000, "longTermDebt": 945318000, "otherLiab": 116964000, "minorityInterest": -4000, "totalCurrentLiabilities": 4095561000, "totalLiab": 5157843000, "commonStock": 363436000, "retainedEarnings": -380566000, "treasuryStock": 1270938000, "capitalSurplus": 1641211000, "otherStockholderEquity": 1270938000, "totalStockholderEquity": 2895019000, "netTangibleAssets": 2833948000}], "maxAge": 86400}, "earningsTrend": {"trend": [{"maxAge": 1, "period": "0q", "endDate": "2017-09-30", "growth": {}, "earningsEstimate": {"avg": 0.0, "low": 0.0, "high": 0.0, "yearAgoEps": {}, "numberOfAnalysts": 0, "growth": {}}, "revenueEstimate": {"avg": 0, "low": 3868000000, "high": 3868000000, "numberOfAnalysts": 1, "yearAgoRevenue": {}, "growth": {}}, "epsTrend": {"current": 0.0, "7daysAgo": 0.0, "30daysAgo": 0.0, "60daysAgo": 0.0, "90daysAgo": 0.0}, "epsRevisions": {"upLast7days": 0, "upLast30days": 0, "downLast30days": 0, "downLast90days": {}}}, {"maxAge": 1, "period": "+1q", "endDate": "2017-12-31", "growth": {}, "earningsEstimate": {"avg": 0.0, "low": 0.0, "high": 0.0, "yearAgoEps": 3.52, "numberOfAnalysts": 0, "growth": {}}, "revenueEstimate": {"avg": 0, "low": 3525000000, "high": 3792000000, "numberOfAnalysts": 2, "yearAgoRevenue": {}, "growth": {}}, "epsTrend": {"current": 0.0, "7daysAgo": 0.0, "30daysAgo": 0.0, "60daysAgo": 0.0, "90daysAgo": 0.0}, "epsRevisions": {"upLast7days": 0, "upLast30days": 0, "downLast30days": 0, "downLast90days": {}}}, {"maxAge": 1, "period": "0y", "endDate": "2018-03-31", "growth": {}, "earningsEstimate": {"avg": 0.0, "low": 0.0, "high": 0.0, "yearAgoEps": {}, "numberOfAnalysts": 0, "growth": {}}, "revenueEstimate": {"avg": 14563800000, "low": 14247000000, "high": 14728800000, "numberOfAnalysts": 2, "yearAgoRevenue": 13572400000, "growth": 0.073}, "epsTrend": {"current": 0.0, "7daysAgo": 12.16, "30daysAgo": 12.16, "60daysAgo": 12.16, "90daysAgo": 12.16}, "epsRevisions": {"upLast7days": 0, "upLast30days": 0, "downLast30days": 0, "downLast90days": {}}}, {"maxAge": 1, "period": "+1y", "endDate": "2019-03-31", "growth": {}, "earningsEstimate": {"avg": 0.0, "low": 0.0, "high": 0.0, "yearAgoEps": {}, "numberOfAnalysts": 0, "growth": {}}, "revenueEstimate": {"avg": 16080000000, "low": 16080000000, "high": 16080000000, "numberOfAnalysts": 1, "yearAgoRevenue": 14563800000, "growth": 0.103999995}, "epsTrend": {"current": 0.0, "7daysAgo": 9.37, "30daysAgo": 9.37, "60daysAgo": 9.37, "90daysAgo": 9.37}, "epsRevisions": {"upLast7days": 0, "upLast30days": 0, "downLast30days": 0, "downLast90days": {}}}, {"maxAge": 1, "period": "+5y", "endDate": null, "growth": 0.22299999, "earningsEstimate": {"avg": {}, "low": {}, "high": {}, "yearAgoEps": {}, "numberOfAnalysts": {}, "growth": {}}, "revenueEstimate": {"avg": {}, "low": {}, "high": {}, "numberOfAnalysts": {}, "yearAgoRevenue": {}, "growth": {}}, "epsTrend": {"current": {}, "7daysAgo": {}, "30daysAgo": {}, "60daysAgo": {}, "90daysAgo": {}}, "epsRevisions": {"upLast7days": {}, "upLast30days": {}, "downLast30days": {}, "downLast90days": {}}}, {"maxAge": 1, "period": "-5y", "endDate": null, "growth": {}, "earningsEstimate": {"avg": {}, "low": {}, "high": {}, "yearAgoEps": {}, "numberOfAnalysts": {}, "growth": {}}, "revenueEstimate": {"avg": {}, "low": {}, "high": {}, "numberOfAnalysts": {}, "yearAgoRevenue": {}, "growth": {}}, "epsTrend": {"current": {}, "7daysAgo": {}, "30daysAgo": {}, "60daysAgo": {}, "90daysAgo": {}}, "epsRevisions": {"upLast7days": {}, "upLast30days": {}, "downLast30days": {}, "downLast90days": {}}}], "maxAge": 1}, "financialData": {"maxAge": 86400, "currentPrice": 294.5, "targetHighPrice": 483.0, "targetLowPrice": 458.0, "targetMeanPrice": 470.5, "targetMedianPrice": 470.5, "recommendationKey": "none", "numberOfAnalystOpinions": 2, "grossProfits": 4731003000, "financialCurrency": "INR"}}}