{"EVERESTO.BO": {"cashflowStatementHistory": {"cashflowStatements": [{"maxAge": 1, "endDate": "2020-03-31", "netIncome": 108966877, "depreciation": 32081000, "changeToNetincome": 35027123, "changeToAccountReceivables": -35868000, "changeToLiabilities": 70470000, "changeToInventory": -89455000, "changeToOperatingActivities": -29056000, "totalCashFromOperatingActivities": 97126000, "capitalExpenditures": -71947000, "otherCashflowsFromInvestingActivities": 18509000, "totalCashflowsFromInvestingActivities": -53438000, "dividendsPaid": -9644000, "netBorrowings": -490000, "otherCashflowsFromFinancingActivities": -33157000, "totalCashFromFinancingActivities": -43291000, "changeInCash": 397000}, {"maxAge": 1, "endDate": "2019-03-31", "netIncome": 75085784, "depreciation": 28358000, "changeToNetincome": 32285216, "changeToAccountReceivables": -24648000, "changeToLiabilities": 8766000, "changeToInventory": -45795000, "changeToOperatingActivities": -4785000, "totalCashFromOperatingActivities": 89767000, "capitalExpenditures": -72022000, "otherCashflowsFromInvestingActivities": 18466000, "totalCashflowsFromInvestingActivities": -53556000, "dividendsPaid": -9644000, "netBorrowings": -16196000, "otherCashflowsFromFinancingActivities": -32133000, "totalCashFromFinancingActivities": -27141000, "changeInCash": 9070000, "issuanceOfStock": 21188000}, {"maxAge": 1, "endDate": "2018-03-31", "netIncome": 17139349, "depreciation": 26758000, "changeToNetincome": 35775651, "changeToAccountReceivables": -66979000, "changeToLiabilities": 4533000, "changeToInventory": -4562000, "changeToOperatingActivities": 30425000, "totalCashFromOperatingActivities": 45290000, "capitalExpenditures": -34619000, "otherCashflowsFromInvestingActivities": -2491000, "totalCashflowsFromInvestingActivities": -37110000, "dividendsPaid": -9644000, "netBorrowings": 16874000, "otherCashflowsFromFinancingActivities": -27426000, "totalCashFromFinancingActivities": -10394000, "changeInCash": -2214000, "issuanceOfStock": 158000}, {"maxAge": 1, "endDate": "2017-03-31", "netIncome": 13519104, "depreciation": 24477000, "changeToNetincome": 30781896, "changeToAccountReceivables": 4175000, "changeToLiabilities": 78263000, "changeToInventory": -40032000, "changeToOperatingActivities": -18524000, "totalCashFromOperatingActivities": 97164000, "capitalExpenditures": -75611000, "investments": -584000, "otherCashflowsFromInvestingActivities": 484000, "totalCashflowsFromInvestingActivities": -75711000, "dividendsPaid": -9644000, "netBorrowings": -73336000, "otherCashflowsFromFinancingActivities": -27516000, "totalCashFromFinancingActivities": -17152000, "changeInCash": 4301000, "issuanceOfStock": 83700000}], "maxAge": 86400}, "institutionOwnership": {"ownershipList": [], "maxAge": 1}, "balanceSheetHistoryQuarterly": {"balanceSheetStatements": [{"maxAge": 1, "endDate": "2020-06-30", "cash": 28401038, "netReceivables": 494928119, "inventory": 289204297, "otherCurrentAssets": 36419250, "totalCurrentAssets": 848952704, "longTermInvestments": 845408, "propertyPlantEquipment": 403463734, "otherAssets": 9964360, "totalAssets": 1263226206, "accountsPayable": 568319187, "shortLongTermDebt": 22228437, "otherCurrentLiab": 24227269, "longTermDebt": 89990381, "otherLiab": 33139131, "totalCurrentLiabilities": 762307616, "totalLiab": 885437128, "commonStock": 80000000, "treasuryStock": 297789078, "otherStockholderEquity": 297789078, "totalStockholderEquity": 377789078, "netTangibleAssets": 377789078}, {"maxAge": 1, "endDate": "2020-03-31", "cash": 20012283, "netReceivables": 453265614, "inventory": 294244383, "otherCurrentAssets": 23828291, "totalCurrentAssets": 791350571, "longTermInvestments": 845408, "propertyPlantEquipment": 401669268, "otherAssets": 9051761, "totalAssets": 1202917008, "accountsPayable": 444335887, "shortLongTermDebt": 24321293, "otherCurrentLiab": 99926068, "longTermDebt": 90393858, "otherLiab": 30447983, "totalCurrentLiabilities": 740053623, "totalLiab": 860895464, "commonStock": 80000000, "retainedEarnings": 224727784, "capitalSurplus": 37293760, "totalStockholderEquity": 342021544, "netTangibleAssets": 342021544}, {"maxAge": 1, "endDate": "2019-12-31", "totalStockholderEquity": 300411108, "netTangibleAssets": 300411108}, {"maxAge": 1, "endDate": "2019-09-30", "cash": 11763707, "netReceivables": 411834750, "inventory": 247853367, "otherCurrentAssets": 39673715, "totalCurrentAssets": 711125539, "longTermInvestments": 845408, "propertyPlantEquipment": 420510225, "otherAssets": 7233223, "totalAssets": 1139714395, "accountsPayable": 550905435, "shortLongTermDebt": 24862135, "otherCurrentLiab": 37568117, "longTermDebt": 87258309, "otherLiab": 24351969, "totalCurrentLiabilities": 727693009, "totalLiab": 839303287, "commonStock": 80000000, "treasuryStock": 220411108, "otherStockholderEquity": 220411108, "totalStockholderEquity": 300411108, "netTangibleAssets": 300411108}], "maxAge": 86400}, "indexTrend": {"maxAge": 1, "symbol": "SP5", "peRatio": 19.7411, "pegRatio": 1.34172, "estimates": [{"period": "0q", "growth": 0.549}, {"period": "+1q", "growth": 0.431}, {"period": "0y", "growth": 0.305}, {"period": "+1y", "growth": 0.109}, {"period": "+5y", "growth": 0.120859005}, {"period": "-5y"}]}, "insiderTransactions": {"transactions": [{"maxAge": 1, "shares": 2000, "value": 5629, "filerUrl": "", "transactionText": "Acquisition at price 2.81 per share.", "filerName": "BK Advance Research L.L.P", "filerRelation": "Promoter", "moneyText": "", "startDate": "2020-11-12", "ownership": "D"}, {"maxAge": 1, "shares": 160000, "value": 127072, "filerUrl": "", "transactionText": "Other at price 0.79 per share.", "filerName": "Veerat Finance & Investment, Ltd.", "filerRelation": "Promoter", "moneyText": "", "startDate": "2020-06-30", "ownership": "D"}, {"maxAge": 1, "shares": 160000, "value": 127072, "filerUrl": "", "transactionText": "Other at price 0.79 per share.", "filerName": "BK Advance Research L.L.P", "filerRelation": "Promoter", "moneyText": "", "startDate": "2020-06-30", "ownership": "D"}, {"maxAge": 1, "shares": 1000, "filerUrl": "", "transactionText": "", "filerName": "BK Advance Research L.L.P", "filerRelation": "Promoter", "moneyText": "", "startDate": "2020-02-20", "ownership": "D"}, {"maxAge": 1, "shares": 1000, "filerUrl": "", "transactionText": "", "filerName": "BK Advance Research L.L.P", "filerRelation": "Promoter", "moneyText": "", "startDate": "2020-02-13", "ownership": "D"}, {"maxAge": 1, "shares": 2000, "filerUrl": "", "transactionText": "", "filerName": "BK Advance Research L.L.P", "filerRelation": "Promoter", "moneyText": "", "startDate": "2020-02-12", "ownership": "D"}, {"maxAge": 1, "shares": 10000, "filerUrl": "", "transactionText": "", "filerName": "BK Advance Research L.L.P", "filerRelation": "Promoter", "moneyText": "", "startDate": "2020-02-10", "ownership": "D"}, {"maxAge": 1, "shares": 1000, "filerUrl": "", "transactionText": "", "filerName": "BK Advance Research L.L.P", "filerRelation": "Promoter", "moneyText": "", "startDate": "2019-12-27", "ownership": "D"}, {"maxAge": 1, "shares": 500, "filerUrl": "", "transactionText": "", "filerName": "BK Advance Research L.L.P", "filerRelation": "Promoter", "moneyText": "", "startDate": "2019-12-26", "ownership": "D"}, {"maxAge": 1, "shares": 2500, "filerUrl": "", "transactionText": "", "filerName": "BK Advance Research L.L.P", "filerRelation": "Promoter", "moneyText": "", "startDate": "2019-12-19", "ownership": "D"}, {"maxAge": 1, "shares": 1332, "filerUrl": "", "transactionText": "", "filerName": "BK Advance Research L.L.P", "filerRelation": "Promoter", "moneyText": "", "startDate": "2019-12-17", "ownership": "D"}, {"maxAge": 1, "shares": 1106, "filerUrl": "", "transactionText": "", "filerName": "BK Advance Research L.L.P", "filerRelation": "Promoter", "moneyText": "", "startDate": "2019-12-06", "ownership": "D"}, {"maxAge": 1, "shares": 315, "filerUrl": "", "transactionText": "", "filerName": "BK Advance Research L.L.P", "filerRelation": "Promoter", "moneyText": "", "startDate": "2019-11-21", "ownership": "D"}, {"maxAge": 1, "shares": 5000, "filerUrl": "", "transactionText": "", "filerName": "BK Advance Research L.L.P", "filerRelation": "Promoter", "moneyText": "", "startDate": "2019-11-19", "ownership": "D"}, {"maxAge": 1, "shares": 1100, "filerUrl": "", "transactionText": "", "filerName": "BK Advance Research L.L.P", "filerRelation": "Promoter", "moneyText": "", "startDate": "2019-08-20", "ownership": "D"}, {"maxAge": 1, "shares": 4700, "filerUrl": "", "transactionText": "", "filerName": "BK Advance Research L.L.P", "filerRelation": "Institution- Corporation", "moneyText": "", "startDate": "2019-06-28", "ownership": "D"}, {"maxAge": 1, "shares": 3215, "filerUrl": "", "transactionText": "", "filerName": "BK Advance Research L.L.P", "filerRelation": "Institution- Corporation", "moneyText": "", "startDate": "2019-06-26", "ownership": "D"}, {"maxAge": 1, "shares": 44552, "filerUrl": "", "transactionText": "", "filerName": "Kakarlapudi (Hari Raju)", "filerRelation": "Promoter", "moneyText": "", "startDate": "2018-10-17", "ownership": "D"}, {"maxAge": 1, "shares": 701828, "filerUrl": "", "transactionText": "", "filerName": "Veerat Finance & Investment, Ltd.", "filerRelation": "Promoter", "moneyText": "", "startDate": "2018-03-29", "ownership": "D"}, {"maxAge": 1, "shares": 2284, "filerUrl": "", "transactionText": "", "filerName": "Hari Krishna (Sri Kakarlapudi)", "filerRelation": "Director (Executive)", "moneyText": "", "startDate": "2018-01-25", "ownership": "D"}, {"maxAge": 1, "shares": 0, "filerUrl": "", "transactionText": "", "filerName": "Hari Krishna (Sri Kakarlapudi)", "filerRelation": "Director (Executive)", "moneyText": "", "startDate": "2018-01-25", "ownership": "I"}, {"maxAge": 1, "shares": 18750, "filerUrl": "", "transactionText": "", "filerName": "Sanghi (Manish)", "filerRelation": "UNREPORTED", "moneyText": "", "startDate": "2017-07-17", "ownership": "D"}, {"maxAge": 1, "shares": 1238890, "filerUrl": "", "transactionText": "", "filerName": "Kakarlapudi (Hari Raju)", "filerRelation": "Managing Director", "moneyText": "", "startDate": "2016-09-08", "ownership": "D"}, {"maxAge": 1, "shares": 2711110, "filerUrl": "", "transactionText": "", "filerName": "Veerat Finance & Investment, Ltd.", "filerRelation": "Promoter", "moneyText": "", "startDate": "2016-09-08", "ownership": "D"}], "maxAge": 1}, "quoteType": {"exchange": "BSE", "quoteType": "EQUITY", "symbol": "EVERESTO.BO", "underlyingSymbol": "EVERESTO.BO", "shortName": "EVEREST ORGANICS LTD.", "longName": "Everest Organics Limited", "firstTradeDateEpochUtc": "2001-12-31 09:15:00", "timeZoneFullName": "Asia/Kolkata", "timeZoneShortName": "IST", "uuid": "914d62eb-59c7-3373-a468-d2812222a4a4", "gmtOffSetMilliseconds": 19800000, "maxAge": 1}, "incomeStatementHistory": {"incomeStatementHistory": [{"maxAge": 1, "endDate": "2020-03-31", "totalRevenue": 1679115399, "costOfRevenue": 1019572698, "grossProfit": 659542701, "researchDevelopment": {}, "sellingGeneralAdministrative": 144259633, "nonRecurring": {}, "otherOperatingExpenses": 287928592, "totalOperatingExpenses": 1483842368, "operatingIncome": 195273031, "totalOtherIncomeExpenseNet": -54345989, "ebit": 195273031, "interestExpense": -18843883, "incomeBeforeTax": 140927042, "incomeTaxExpense": 31960165, "minorityInterest": {}, "netIncomeFromContinuingOps": 108966877, "discontinuedOperations": {}, "extraordinaryItems": {}, "effectOfAccountingCharges": {}, "otherItems": {}, "netIncome": 108966877, "netIncomeApplicableToCommonShares": 108966877}, {"maxAge": 1, "endDate": "2019-03-31", "totalRevenue": 1562597168, "costOfRevenue": 979217460, "grossProfit": 583379708, "researchDevelopment": {}, "sellingGeneralAdministrative": 128952182, "nonRecurring": {}, "otherOperatingExpenses": 271995842, "totalOperatingExpenses": 1408523910, "operatingIncome": 154073258, "totalOtherIncomeExpenseNet": -30799656, "ebit": 154073258, "interestExpense": -21025054, "incomeBeforeTax": 123273602, "incomeTaxExpense": 48187818, "minorityInterest": {}, "netIncomeFromContinuingOps": 75085784, "discontinuedOperations": {}, "extraordinaryItems": {}, "effectOfAccountingCharges": {}, "otherItems": {}, "netIncome": 75085784, "netIncomeApplicableToCommonShares": 75085784}, {"maxAge": 1, "endDate": "2018-03-31", "totalRevenue": 1125466223, "costOfRevenue": 726147464, "grossProfit": 399318759, "researchDevelopment": {}, "sellingGeneralAdministrative": 104246942, "nonRecurring": {}, "otherOperatingExpenses": 218243326, "totalOperatingExpenses": 1077665393, "operatingIncome": 47800830, "totalOtherIncomeExpenseNet": -24161481, "ebit": 47800830, "interestExpense": -16355833, "incomeBeforeTax": 23639349, "incomeTaxExpense": 6500000, "minorityInterest": {}, "netIncomeFromContinuingOps": 17139349, "discontinuedOperations": {}, "extraordinaryItems": {}, "effectOfAccountingCharges": {}, "otherItems": {}, "netIncome": 17139349, "netIncomeApplicableToCommonShares": 17139349}, {"maxAge": 1, "endDate": "2017-03-31", "totalRevenue": 1073795849, "costOfRevenue": 710237169, "grossProfit": 363558680, "researchDevelopment": {}, "sellingGeneralAdministrative": 94080914, "nonRecurring": {}, "otherOperatingExpenses": 204173597, "totalOperatingExpenses": 1033337286, "operatingIncome": 40458563, "totalOtherIncomeExpenseNet": -22639459, "ebit": 40458563, "interestExpense": -17364345, "incomeBeforeTax": 17819104, "incomeTaxExpense": 4300000, "minorityInterest": {}, "netIncomeFromContinuingOps": 13519104, "discontinuedOperations": {}, "extraordinaryItems": {}, "effectOfAccountingCharges": {}, "otherItems": {}, "netIncome": 13519104, "netIncomeApplicableToCommonShares": 13519104}], "maxAge": 86400}, "fundOwnership": {"ownershipList": [], "maxAge": 1}, "summaryDetail": {"maxAge": 1, "priceHint": 2, "previousClose": 343.85, "open": 345.0, "dayLow": 336.0, "dayHigh": 359.0, "regularMarketPreviousClose": 343.85, "regularMarketOpen": 345.0, "regularMarketDayLow": 336.0, "regularMarketDayHigh": 359.0, "trailingPE": 24.642118, "volume": 23513, "regularMarketVolume": 23513, "averageVolume": 6067, "averageVolume10days": 2213, "averageDailyVolume10Day": 2213, "bid": 346.1, "ask": 350.0, "bidSize": 0, "askSize": 0, "marketCap": 2768000000, "fiftyTwoWeekLow": 80.0, "fiftyTwoWeekHigh": 359.0, "fiftyDayAverage": 266.41818, "twoHundredDayAverage": 258.27795, "trailingAnnualDividendRate": 1.0, "trailingAnnualDividendYield": 0.0029082447, "currency": "INR", "fromCurrency": null, "lastMarket": null, "algorithm": null, "tradeable": false}, "incomeStatementHistoryQuarterly": {"incomeStatementHistory": [{"maxAge": 1, "endDate": "2020-06-30", "totalRevenue": 433847000, "costOfRevenue": 263159000, "grossProfit": 170688000, "researchDevelopment": {}, "sellingGeneralAdministrative": 33710000, "nonRecurring": {}, "otherOperatingExpenses": 75284000, "totalOperatingExpenses": 379856000, "operatingIncome": 53991000, "totalOtherIncomeExpenseNet": -7410000, "ebit": 53991000, "interestExpense": -7409000, "incomeBeforeTax": 46581000, "incomeTaxExpense": 10791000, "minorityInterest": {}, "netIncomeFromContinuingOps": 35790000, "discontinuedOperations": {}, "extraordinaryItems": {}, "effectOfAccountingCharges": {}, "otherItems": {}, "netIncome": 35790000, "netIncomeApplicableToCommonShares": 35790000}, {"maxAge": 1, "endDate": "2020-03-31", "totalRevenue": 461590399, "costOfRevenue": 315011698, "grossProfit": 146578701, "researchDevelopment": {}, "sellingGeneralAdministrative": 49257633, "nonRecurring": {}, "otherOperatingExpenses": 22860592, "totalOperatingExpenses": 395630368, "operatingIncome": 65960031, "totalOtherIncomeExpenseNet": -30251989, "ebit": 65960031, "interestExpense": -7409000, "incomeBeforeTax": 35708042, "incomeTaxExpense": -3896835, "minorityInterest": {}, "netIncomeFromContinuingOps": 39604877, "discontinuedOperations": {}, "extraordinaryItems": {}, "effectOfAccountingCharges": {}, "otherItems": {}, "netIncome": 39604877, "netIncomeApplicableToCommonShares": 39604877}, {"maxAge": 1, "endDate": "2019-12-31", "totalRevenue": 400935000, "costOfRevenue": 231355000, "grossProfit": 169580000, "researchDevelopment": {}, "sellingGeneralAdministrative": 33134000, "nonRecurring": {}, "otherOperatingExpenses": 92188000, "totalOperatingExpenses": 364833000, "operatingIncome": 36102000, "totalOtherIncomeExpenseNet": -8060000, "ebit": 36102000, "interestExpense": -8059000, "incomeBeforeTax": 28042000, "incomeTaxExpense": 9980000, "minorityInterest": {}, "netIncomeFromContinuingOps": 18062000, "discontinuedOperations": {}, "extraordinaryItems": {}, "effectOfAccountingCharges": {}, "otherItems": {}, "netIncome": 18062000, "netIncomeApplicableToCommonShares": 18062000}, {"maxAge": 1, "endDate": "2019-09-30", "totalRevenue": 401948000, "costOfRevenue": 242822000, "grossProfit": 159126000, "researchDevelopment": {}, "sellingGeneralAdministrative": 31461000, "nonRecurring": {}, "otherOperatingExpenses": 82299000, "totalOperatingExpenses": 364405000, "operatingIncome": 37543000, "totalOtherIncomeExpenseNet": -7452000, "ebit": 37543000, "interestExpense": -7452000, "incomeBeforeTax": 30091000, "incomeTaxExpense": 11204000, "minorityInterest": {}, "netIncomeFromContinuingOps": 18887000, "discontinuedOperations": {}, "extraordinaryItems": {}, "effectOfAccountingCharges": {}, "otherItems": {}, "netIncome": 18887000, "netIncomeApplicableToCommonShares": 18887000}], "maxAge": 86400}, "cashflowStatementHistoryQuarterly": {"cashflowStatements": [{"maxAge": 1, "endDate": "2020-06-30", "netIncome": 35790000, "changeToLiabilities": 0}, {"maxAge": 1, "endDate": "2020-03-31", "netIncome": 39604877, "changeToLiabilities": 0}, {"maxAge": 1, "endDate": "2019-12-31", "netIncome": 18062000, "changeToLiabilities": 0}, {"maxAge": 1, "endDate": "2019-09-30", "netIncome": 18887000, "changeToLiabilities": 0}], "maxAge": 86400}, "insiderHolders": {"holders": [{"maxAge": 1, "name": "BK Advance Research L.L.P", "relation": "Promoter", "url": "", "transactionDescription": "Acquisition", "latestTransDate": "2020-11-12", "positionDirect": 196768, "positionDirectDate": "2020-11-12"}, {"maxAge": 1, "name": "Hari Krishna (Sri Kakarlapudi)", "relation": "Director (Executive)", "url": "", "transactionDescription": "Sale", "latestTransDate": "2018-01-25", "positionDirect": 5996, "positionDirectDate": "2018-01-25"}, {"maxAge": 1, "name": "Kakarlapudi (Hari Raju)", "relation": "Promoter", "url": "", "transactionDescription": "Acquisition", "latestTransDate": "2018-10-17", "positionDirect": 1544334, "positionDirectDate": "2018-10-17"}, {"maxAge": 1, "name": "Sanghi (Manish)", "relation": "UNREPORTED", "url": "", "transactionDescription": "Acquisition", "latestTransDate": "2017-07-17", "positionDirect": 75586, "positionDirectDate": "2017-07-17"}, {"maxAge": 1, "name": "Veerat Finance & Investment, Ltd.", "relation": "Promoter", "url": "", "transactionDescription": "Other", "latestTransDate": "2020-06-30", "positionDirect": 3725546, "positionDirectDate": "2020-06-30"}], "maxAge": 1}, "calendarEvents": {"maxAge": 1, "earnings": {"earningsDate": []}}, "upgradeDowngradeHistory": {"history": [], "maxAge": 86400}, "price": {"maxAge": 1, "regularMarketChangePercent": 0.006252709, "regularMarketChange": 2.149994, "regularMarketTime": "2021-04-30 15:41:24", "priceHint": 2, "regularMarketPrice": 346.0, "regularMarketDayHigh": 359.0, "regularMarketDayLow": 336.0, "regularMarketVolume": 23513, "averageDailyVolume10Day": 2213, "averageDailyVolume3Month": 6067, "regularMarketPreviousClose": 343.85, "regularMarketSource": "FREE_REALTIME", "regularMarketOpen": 345.0, "exchange": "BSE", "exchangeName": "BSE", "exchangeDataDelayedBy": 0, "marketState": "CLOSED", "quoteType": "EQUITY", "symbol": "EVERESTO.BO", "underlyingSymbol": null, "shortName": "EVEREST ORGANICS LTD.", "longName": "Everest Organics Limited", "currency": "INR", "quoteSourceName": "Delayed Quote", "currencySymbol": "\u20b9", "fromCurrency": null, "lastMarket": null, "marketCap": 2768000000}, "balanceSheetHistory": {"balanceSheetStatements": [{"maxAge": 1, "endDate": "2020-03-31", "cash": 20012283, "netReceivables": 453265614, "inventory": 294244383, "otherCurrentAssets": 23828291, "totalCurrentAssets": 791350571, "longTermInvestments": 845408, "propertyPlantEquipment": 401669268, "otherAssets": 9051761, "totalAssets": 1202917008, "accountsPayable": 444335887, "shortLongTermDebt": 24321293, "otherCurrentLiab": 99926068, "longTermDebt": 90393858, "otherLiab": 30447983, "totalCurrentLiabilities": 740053623, "totalLiab": 860895464, "commonStock": 80000000, "retainedEarnings": 224727784, "capitalSurplus": 37293760, "totalStockholderEquity": 342021544, "netTangibleAssets": 342021544}, {"maxAge": 1, "endDate": "2019-03-31", "cash": 19615884, "netReceivables": 432230711, "inventory": 195410347, "otherCurrentAssets": 21246255, "totalCurrentAssets": 668503197, "longTermInvestments": 845408, "propertyPlantEquipment": 387092487, "otherAssets": 16336682, "totalAssets": 1072777774, "accountsPayable": 382507765, "shortLongTermDebt": 23338899, "otherCurrentLiab": 97763883, "longTermDebt": 80805944, "otherLiab": 21187818, "totalCurrentLiabilities": 711028243, "totalLiab": 813022005, "commonStock": 80000000, "retainedEarnings": 142462009, "capitalSurplus": 37293760, "totalStockholderEquity": 259755769, "netTangibleAssets": 259755769}, {"maxAge": 1, "endDate": "2018-03-31", "cash": 12697402, "netReceivables": 394958538, "inventory": 158693995, "otherCurrentAssets": 15334090, "totalCurrentAssets": 581684025, "longTermInvestments": 845408, "propertyPlantEquipment": 343428502, "otherAssets": 16916775, "totalAssets": 942874710, "accountsPayable": 389254049, "shortLongTermDebt": 26716311, "otherCurrentLiab": 75231261, "longTermDebt": 81853692, "totalCurrentLiabilities": 674199024, "totalLiab": 756052716, "commonStock": 80000000, "retainedEarnings": 69528234, "capitalSurplus": 37293760, "totalStockholderEquity": 186821994, "netTangibleAssets": 186821994}, {"maxAge": 1, "endDate": "2017-03-31", "cash": 5919879, "netReceivables": 316881312, "inventory": 153327834, "otherCurrentAssets": 16298508, "totalCurrentAssets": 492427533, "longTermInvestments": 845408, "propertyPlantEquipment": 335567217, "otherAssets": 31544233, "totalAssets": 860384391, "accountsPayable": 373003203, "shortLongTermDebt": 21375302, "otherCurrentLiab": 70948688, "longTermDebt": 65829793, "otherLiab": 1, "totalCurrentLiabilities": 633735072, "totalLiab": 699564866, "commonStock": 79882800, "retainedEarnings": 43683985, "treasuryStock": 52740, "capitalSurplus": 37200000, "otherStockholderEquity": 52740, "totalStockholderEquity": 160819525, "netTangibleAssets": 160819525}], "maxAge": 86400}, "financialData": {"maxAge": 86400, "currentPrice": 346.0, "recommendationKey": "none", "grossProfits": 659542701, "financialCurrency": "INR"}}}