{"EXCELINDUS.BO": {"recommendationTrend": {"trend": [{"period": "0m", "strongBuy": 0, "buy": 0, "hold": 0, "sell": 0, "strongSell": 0}, {"period": "-1m", "strongBuy": 0, "buy": 0, "hold": 0, "sell": 0, "strongSell": 0}, {"period": "-2m", "strongBuy": 0, "buy": 0, "hold": 0, "sell": 0, "strongSell": 0}, {"period": "-3m", "strongBuy": 0, "buy": 0, "hold": 0, "sell": 0, "strongSell": 0}], "maxAge": 86400}, "cashflowStatementHistory": {"cashflowStatements": [{"maxAge": 1, "endDate": "2020-03-31", "netIncome": 960725000, "depreciation": 224972000, "changeToNetincome": -157252000, "changeToAccountReceivables": 108956000, "changeToLiabilities": 36992000, "changeToInventory": -89729000, "changeToOperatingActivities": 14282000, "totalCashFromOperatingActivities": 1101779000, "capitalExpenditures": -652327000, "investments": 600565000, "otherCashflowsFromInvestingActivities": 117690000, "totalCashflowsFromInvestingActivities": -613842000, "dividendsPaid": -361407000, "netBorrowings": 140203000, "otherCashflowsFromFinancingActivities": -93390000, "totalCashFromFinancingActivities": -314594000, "changeInCash": 173343000}, {"maxAge": 1, "endDate": "2019-03-31", "netIncome": 1534543000, "depreciation": 175504000, "changeToNetincome": 31664000, "changeToAccountReceivables": -351791000, "changeToLiabilities": 130891000, "changeToInventory": -129025000, "changeToOperatingActivities": -42683000, "totalCashFromOperatingActivities": 1351551000, "capitalExpenditures": -462066000, "investments": -684553000, "otherCashflowsFromInvestingActivities": 22917000, "totalCashflowsFromInvestingActivities": -1112145000, "dividendsPaid": -157134000, "netBorrowings": -30081000, "otherCashflowsFromFinancingActivities": -56646000, "totalCashFromFinancingActivities": -243861000, "changeInCash": -4455000}, {"maxAge": 1, "endDate": "2018-03-31", "netIncome": 738935000, "depreciation": 148973000, "changeToNetincome": 109751000, "changeToAccountReceivables": -64479000, "changeToLiabilities": 249554000, "changeToInventory": -7333000, "changeToOperatingActivities": 12162000, "totalCashFromOperatingActivities": 1190909000, "capitalExpenditures": -519657000, "investments": 23355000, "otherCashflowsFromInvestingActivities": 44721000, "totalCashflowsFromInvestingActivities": -452369000, "dividendsPaid": -75424000, "netBorrowings": -580580000, "otherCashflowsFromFinancingActivities": -74594000, "totalCashFromFinancingActivities": -730598000, "changeInCash": 7931000}, {"maxAge": 1, "endDate": "2017-03-31", "netIncome": 200312000, "depreciation": 136345000, "changeToNetincome": -53520000, "changeToAccountReceivables": 41784000, "changeToLiabilities": -78433000, "changeToInventory": 77830000, "changeToOperatingActivities": -22806000, "totalCashFromOperatingActivities": 308269000, "capitalExpenditures": -370560000, "investments": 434472000, "otherCashflowsFromInvestingActivities": 91026000, "totalCashflowsFromInvestingActivities": 162562000, "dividendsPaid": -56568000, "netBorrowings": -212787000, "otherCashflowsFromFinancingActivities": -116119000, "totalCashFromFinancingActivities": -479820000, "changeInCash": -8989000, "repurchaseOfStock": -94346000}], "maxAge": 86400}, "institutionOwnership": {"ownershipList": [], "maxAge": 1}, "balanceSheetHistoryQuarterly": {"balanceSheetStatements": [{"maxAge": 1, "endDate": "2020-06-30", "totalStockholderEquity": 7008896000, "netTangibleAssets": 6812706000}, {"maxAge": 1, "endDate": "2020-03-31", "cash": 209237000, "shortTermInvestments": 3149000, "netReceivables": 1562658000, "inventory": 777197000, "otherCurrentAssets": 81349000, "totalCurrentAssets": 2802134000, "longTermInvestments": 2496074000, "propertyPlantEquipment": 3649156000, "goodWill": 188528000, "intangibleAssets": 7662000, "otherAssets": 229902000, "totalAssets": 9373456000, "accountsPayable": 1049077000, "shortLongTermDebt": 413000, "otherCurrentLiab": 137639000, "longTermDebt": 212000, "otherLiab": 858160000, "totalCurrentLiabilities": 1481083000, "totalLiab": 2364560000, "commonStock": 62853000, "retainedEarnings": 5088619000, "treasuryStock": 1803987000, "capitalSurplus": 53437000, "otherStockholderEquity": 1803987000, "totalStockholderEquity": 7008896000, "netTangibleAssets": 6812706000}, {"maxAge": 1, "endDate": "2019-12-31", "totalStockholderEquity": 7214014000, "netTangibleAssets": 7207234000}, {"maxAge": 1, "endDate": "2019-09-30", "cash": 46723000, "shortTermInvestments": 1063872000, "netReceivables": 1415215000, "inventory": 703397000, "otherCurrentAssets": 156828000, "totalCurrentAssets": 3386035000, "longTermInvestments": 2891222000, "propertyPlantEquipment": 2760127000, "intangibleAssets": 6780000, "otherAssets": 262251000, "totalAssets": 9306415000, "accountsPayable": 1020986000, "otherCurrentLiab": 89266000, "longTermDebt": 1568000, "otherLiab": 779923000, "totalCurrentLiabilities": 1310910000, "totalLiab": 2092401000, "commonStock": 62853000, "treasuryStock": 7151161000, "otherStockholderEquity": 7151161000, "totalStockholderEquity": 7214014000, "netTangibleAssets": 7207234000}], "maxAge": 86400}, "earningsHistory": {"history": [{"maxAge": 1, "epsActual": {}, "epsEstimate": {}, "epsDifference": {}, "surprisePercent": {}, "quarter": {}, "period": "-4q"}, {"maxAge": 1, "epsActual": 8.75, "epsEstimate": 6.85, "epsDifference": 1.9, "surprisePercent": 0.277, "quarter": "2017-09-30", "period": "-3q"}, {"maxAge": 1, "epsActual": 30.91, "epsEstimate": 18.92, "epsDifference": 11.99, "surprisePercent": 0.634, "quarter": "2018-06-30", "period": "-2q"}, {"maxAge": 1, "epsActual": 34.31, "epsEstimate": 27.32, "epsDifference": 6.99, "surprisePercent": 0.256, "quarter": "2018-09-30", "period": "-1q"}], "maxAge": 86400}, "indexTrend": {"maxAge": 1, "symbol": "SP5", "peRatio": 19.7411, "pegRatio": 1.34172, "estimates": [{"period": "0q", "growth": 0.549}, {"period": "+1q", "growth": 0.431}, {"period": "0y", "growth": 0.305}, {"period": "+1y", "growth": 0.109}, {"period": "+5y", "growth": 0.120865}, {"period": "-5y"}]}, "industryTrend": {"maxAge": 1, "symbol": null, "estimates": []}, "insiderTransactions": {"transactions": [{"maxAge": 1, "shares": 926, "filerUrl": "", "transactionText": "", "filerName": "Dayal (Hiral Tushar)", "filerRelation": "Promoter", "moneyText": "", "startDate": "2018-10-17", "ownership": "D"}, {"maxAge": 1, "shares": 202500, "filerUrl": "", "transactionText": "", "filerName": "Utkarsh Global Holdings Pvt Ltd", "filerRelation": "Promoter", "moneyText": "", "startDate": "2017-02-06", "ownership": "D"}, {"maxAge": 1, "shares": 27500, "filerUrl": "", "transactionText": "", "filerName": "Anshul Speciality Molecules Ltd", "filerRelation": "Promoter", "moneyText": "", "startDate": "2017-02-06", "ownership": "D"}, {"maxAge": 1, "shares": 145760, "filerUrl": "", "transactionText": "", "filerName": "Dipkanti Investments & Financing Pvt Ltd.", "filerRelation": "Promoter", "moneyText": "", "startDate": "2016-06-02", "ownership": "D"}, {"maxAge": 1, "shares": 145760, "filerUrl": "", "transactionText": "", "filerName": "Excel Crop Care Ltd", "filerRelation": "Promoter", "moneyText": "", "startDate": "2016-06-02", "ownership": "D"}, {"maxAge": 1, "shares": 825000, "filerUrl": "", "transactionText": "", "filerName": "Utkarsh Global Holdings Pvt Ltd", "filerRelation": "Promoter", "moneyText": "", "startDate": "2015-07-24", "ownership": "D"}, {"maxAge": 1, "shares": 1007331, "filerUrl": "", "transactionText": "", "filerName": "Utkarsh Global Holdings Pvt Ltd", "filerRelation": "Promoter", "moneyText": "", "startDate": "2014-12-16", "ownership": "D"}, {"maxAge": 1, "shares": 8213, "filerUrl": "", "transactionText": "", "filerName": "Utkarsh Chemicals Pvt. Ltd.", "filerRelation": "Promoter", "moneyText": "", "startDate": "2013-10-10", "ownership": "D"}, {"maxAge": 1, "shares": 14310, "filerUrl": "", "transactionText": "", "filerName": "Utkarsh Chemicals Pvt. Ltd.", "filerRelation": "Promoter", "moneyText": "", "startDate": "2013-08-08", "ownership": "D"}, {"maxAge": 1, "shares": 10750, "filerUrl": "", "transactionText": "", "filerName": "Utkarsh Chemicals Pvt. Ltd.", "filerRelation": "Promoter", "moneyText": "", "startDate": "2013-08-05", "ownership": "D"}, {"maxAge": 1, "shares": 7832, "filerUrl": "", "transactionText": "", "filerName": "Utkarsh Chemicals Pvt. Ltd.", "filerRelation": "Promoter", "moneyText": "", "startDate": "2013-07-03", "ownership": "D"}, {"maxAge": 1, "shares": 8931, "filerUrl": "", "transactionText": "", "filerName": "Utkarsh Chemicals Pvt. Ltd.", "filerRelation": "Promoter", "moneyText": "", "startDate": "2013-06-25", "ownership": "D"}, {"maxAge": 1, "shares": 8268, "filerUrl": "", "transactionText": "", "filerName": "Utkarsh Chemicals Pvt. Ltd.", "filerRelation": "Promoter", "moneyText": "", "startDate": "2013-05-08", "ownership": "D"}, {"maxAge": 1, "shares": 8214, "filerUrl": "", "transactionText": "", "filerName": "Utkarsh Chemicals Pvt. Ltd.", "filerRelation": "Promoter", "moneyText": "", "startDate": "2013-05-08", "ownership": "D"}, {"maxAge": 1, "shares": 9014, "filerUrl": "", "transactionText": "", "filerName": "Utkarsh Chemicals Pvt. Ltd.", "filerRelation": "Promoter", "moneyText": "", "startDate": "2013-04-12", "ownership": "D"}, {"maxAge": 1, "shares": 6670, "filerUrl": "", "transactionText": "", "filerName": "Utkarsh Chemicals Pvt. Ltd.", "filerRelation": "Promoter", "moneyText": "", "startDate": "2012-12-19", "ownership": "D"}, {"maxAge": 1, "shares": 1862705, "filerUrl": "", "transactionText": "", "filerName": "Utkarsh Chemicals Pvt. Ltd.", "filerRelation": "Promoter", "moneyText": "", "startDate": "2012-10-04", "ownership": "D"}, {"maxAge": 1, "shares": 1862705, "filerUrl": "", "transactionText": "", "filerName": "Anshul Speciality Molecules Ltd", "filerRelation": "Promoter", "moneyText": "", "startDate": "2012-10-04", "ownership": "D"}, {"maxAge": 1, "shares": 7691, "filerUrl": "", "transactionText": "", "filerName": "Utkarsh Chemicals Pvt. Ltd.", "filerRelation": "Promoter", "moneyText": "", "startDate": "2012-03-14", "ownership": "D"}, {"maxAge": 1, "shares": 18270, "filerUrl": "", "transactionText": "", "filerName": "Utkarsh Chemicals Pvt. Ltd.", "filerRelation": "Promoter", "moneyText": "", "startDate": "2012-02-28", "ownership": "D"}, {"maxAge": 1, "shares": 8668, "filerUrl": "", "transactionText": "", "filerName": "Utkarsh Chemicals Pvt. Ltd.", "filerRelation": "Promoter", "moneyText": "", "startDate": "2011-12-16", "ownership": "D"}, {"maxAge": 1, "shares": 11758, "filerUrl": "", "transactionText": "", "filerName": "Utkarsh Chemicals Pvt. Ltd.", "filerRelation": "Promoter", "moneyText": "", "startDate": "2011-09-30", "ownership": "D"}, {"maxAge": 1, "shares": 20587, "filerUrl": "", "transactionText": "", "filerName": "Utkarsh Chemicals Pvt. Ltd.", "filerRelation": "Promoter", "moneyText": "", "startDate": "2011-09-19", "ownership": "D"}, {"maxAge": 1, "shares": 5890, "filerUrl": "", "transactionText": "", "filerName": "Utkarsh Chemicals Pvt. Ltd.", "filerRelation": "Promoter", "moneyText": "", "startDate": "2011-09-16", "ownership": "D"}, {"maxAge": 1, "shares": 26995, "filerUrl": "", "transactionText": "", "filerName": "Utkarsh Chemicals Pvt. Ltd.", "filerRelation": "Promoter", "moneyText": "", "startDate": "2011-09-07", "ownership": "D"}], "maxAge": 1}, "quoteType": {"exchange": "BSE", "quoteType": "EQUITY", "symbol": "EXCELINDUS.BO", "underlyingSymbol": "EXCELINDUS.BO", "shortName": "EXCEL INDUSTRIES LTD.", "longName": "Excel Industries Limited", "firstTradeDateEpochUtc": "2002-07-01 09:15:00", "timeZoneFullName": "Asia/Kolkata", "timeZoneShortName": "IST", "uuid": "ba23a68a-df2a-3e59-b486-e741145c0b68", "gmtOffSetMilliseconds": 19800000, "maxAge": 1}, "incomeStatementHistory": {"incomeStatementHistory": [{"maxAge": 1, "endDate": "2020-03-31", "totalRevenue": 7030592000, "costOfRevenue": 3505331000, "grossProfit": 3525261000, "researchDevelopment": {}, "sellingGeneralAdministrative": 875623000, "nonRecurring": {}, "otherOperatingExpenses": 1337774000, "totalOperatingExpenses": 5947326000, "operatingIncome": 1083266000, "totalOtherIncomeExpenseNet": 65793000, "ebit": 1083266000, "interestExpense": -22252000, "incomeBeforeTax": 1149059000, "incomeTaxExpense": 188334000, "minorityInterest": {}, "netIncomeFromContinuingOps": 960725000, "discontinuedOperations": {}, "extraordinaryItems": {}, "effectOfAccountingCharges": {}, "otherItems": {}, "netIncome": 960725000, "netIncomeApplicableToCommonShares": 960725000}, {"maxAge": 1, "endDate": "2019-03-31", "totalRevenue": 8252451000, "costOfRevenue": 3732689000, "grossProfit": 4519762000, "researchDevelopment": {}, "sellingGeneralAdministrative": 793841000, "nonRecurring": {}, "otherOperatingExpenses": 1197677000, "totalOperatingExpenses": 5913256000, "operatingIncome": 2339195000, "totalOtherIncomeExpenseNet": 2885000, "ebit": 2339195000, "interestExpense": -19587000, "incomeBeforeTax": 2342080000, "incomeTaxExpense": 807537000, "minorityInterest": {}, "netIncomeFromContinuingOps": 1534543000, "discontinuedOperations": {}, "extraordinaryItems": {}, "effectOfAccountingCharges": {}, "otherItems": {}, "netIncome": 1534543000, "netIncomeApplicableToCommonShares": 1534543000}, {"maxAge": 1, "endDate": "2018-03-31", "totalRevenue": 5987690000, "costOfRevenue": 2959487000, "grossProfit": 3028203000, "researchDevelopment": {}, "sellingGeneralAdministrative": 766403000, "nonRecurring": {}, "otherOperatingExpenses": 997526000, "totalOperatingExpenses": 4889475000, "operatingIncome": 1098215000, "totalOtherIncomeExpenseNet": -28955000, "ebit": 1098215000, "interestExpense": -53302000, "incomeBeforeTax": 1069260000, "incomeTaxExpense": 330325000, "minorityInterest": {}, "netIncomeFromContinuingOps": 738935000, "discontinuedOperations": {}, "extraordinaryItems": {}, "effectOfAccountingCharges": {}, "otherItems": {}, "netIncome": 738935000, "netIncomeApplicableToCommonShares": 738935000}, {"maxAge": 1, "endDate": "2017-03-31", "totalRevenue": 4623656000, "costOfRevenue": 2661140000, "grossProfit": 1962516000, "researchDevelopment": {}, "sellingGeneralAdministrative": 665369000, "nonRecurring": {}, "otherOperatingExpenses": 850163000, "totalOperatingExpenses": 4319405000, "operatingIncome": 304251000, "totalOtherIncomeExpenseNet": -34914000, "ebit": 304251000, "interestExpense": -96436000, "incomeBeforeTax": 269337000, "incomeTaxExpense": 69025000, "minorityInterest": {}, "netIncomeFromContinuingOps": 200312000, "discontinuedOperations": {}, "extraordinaryItems": {}, "effectOfAccountingCharges": {}, "otherItems": {}, "netIncome": 200312000, "netIncomeApplicableToCommonShares": 200312000}], "maxAge": 86400}, "fundOwnership": {"ownershipList": [{"maxAge": 1, "reportDate": "2020-07-31", "organization": "DFA Emerging Markets Core Equity Portfolio", "pctHeld": 0.0005, "position": 6518, "value": 4832445}, {"maxAge": 1, "reportDate": "2020-07-31", "organization": "DFA Emerging Markets Small Cap Series", "pctHeld": 0.00029999999, "position": 3403, "value": 2522984}, {"maxAge": 1, "reportDate": "2020-07-31", "organization": "DFA T.A. World Ex U.S. Core Equity Portfolio", "pctHeld": 0.0001, "position": 1374, "value": 1018683}, {"maxAge": 1, "reportDate": "2020-07-31", "organization": "DFA Investment Dimensions-DFA Emerging Mkts Value", "pctHeld": 0.0001, "position": 1169, "value": 866696}, {"maxAge": 1, "reportDate": "2020-07-31", "organization": "DFA Emerging Markets Sustainability Core 1 Portfolio", "pctHeld": 0.0001, "position": 907, "value": 672449}, {"maxAge": 1, "reportDate": "2020-07-31", "organization": "DFA Investment Dimensions-World Ex U.S. Core Equity Port", "pctHeld": 0.0001, "position": 767, "value": 568653}, {"maxAge": 1, "reportDate": "2020-07-31", "organization": "DFA Investment Dimensions-Emerging Markets Social Core Equity", "pctHeld": 0.0001, "position": 733, "value": 543446}], "maxAge": 1}, "summaryDetail": {"maxAge": 1, "priceHint": 2, "previousClose": 885.1, "open": 890.0, "dayLow": 860.65, "dayHigh": 900.8, "regularMarketPreviousClose": 885.1, "regularMarketOpen": 890.0, "regularMarketDayLow": 860.65, "regularMarketDayHigh": 900.8, "trailingPE": 14.489471, "forwardPE": 30.178753, "volume": 7219, "regularMarketVolume": 7219, "averageVolume": 2072, "averageVolume10days": 1625, "averageDailyVolume10Day": 1625, "bid": 880.0, "ask": 888.0, "bidSize": 0, "askSize": 0, "marketCap": 11438878720, "fiftyTwoWeekLow": 374.5, "fiftyTwoWeekHigh": 1024.5, "fiftyDayAverage": 853.46063, "twoHundredDayAverage": 859.77167, "trailingAnnualDividendRate": 10.0, "trailingAnnualDividendYield": 0.011298159, "currency": "INR", "fromCurrency": null, "lastMarket": null, "algorithm": null, "tradeable": false}, "sectorTrend": {"maxAge": 1, "symbol": null, "estimates": []}, "incomeStatementHistoryQuarterly": {"incomeStatementHistory": [{"maxAge": 1, "endDate": "2020-06-30", "totalRevenue": 1334603000, "costOfRevenue": 694188000, "grossProfit": 640415000, "researchDevelopment": {}, "sellingGeneralAdministrative": 196777000, "nonRecurring": {}, "otherOperatingExpenses": 306380000, "totalOperatingExpenses": 1263540000, "operatingIncome": 71063000, "totalOtherIncomeExpenseNet": 38712000, "ebit": 71063000, "interestExpense": -5564000, "incomeBeforeTax": 109775000, "incomeTaxExpense": 27590000, "minorityInterest": {}, "netIncomeFromContinuingOps": 82185000, "discontinuedOperations": {}, "extraordinaryItems": {}, "effectOfAccountingCharges": {}, "otherItems": {}, "netIncome": 82185000, "netIncomeApplicableToCommonShares": 82185000}, {"maxAge": 1, "endDate": "2020-03-31", "totalRevenue": 1683771000, "costOfRevenue": 1019169000, "grossProfit": 664602000, "researchDevelopment": {}, "sellingGeneralAdministrative": 249437000, "nonRecurring": {}, "otherOperatingExpenses": 182639000, "totalOperatingExpenses": 1522223000, "operatingIncome": 161548000, "totalOtherIncomeExpenseNet": -10249000, "ebit": 161548000, "interestExpense": -4639000, "incomeBeforeTax": 151299000, "incomeTaxExpense": 25876000, "minorityInterest": {}, "netIncomeFromContinuingOps": 125423000, "discontinuedOperations": {}, "extraordinaryItems": {}, "effectOfAccountingCharges": {}, "otherItems": {}, "netIncome": 125423000, "netIncomeApplicableToCommonShares": 125423000}, {"maxAge": 1, "endDate": "2019-12-31", "totalRevenue": 1643542000, "costOfRevenue": 766077000, "grossProfit": 877465000, "researchDevelopment": {}, "sellingGeneralAdministrative": 212955000, "nonRecurring": {}, "otherOperatingExpenses": 397304000, "totalOperatingExpenses": 1435973000, "operatingIncome": 207569000, "totalOtherIncomeExpenseNet": 6912000, "ebit": 207569000, "interestExpense": -6363000, "incomeBeforeTax": 214481000, "incomeTaxExpense": 52184000, "minorityInterest": {}, "netIncomeFromContinuingOps": 162297000, "discontinuedOperations": {}, "extraordinaryItems": {}, "effectOfAccountingCharges": {}, "otherItems": {}, "netIncome": 162297000, "netIncomeApplicableToCommonShares": 162297000}, {"maxAge": 1, "endDate": "2019-09-30", "totalRevenue": 1808754000, "costOfRevenue": 822676000, "grossProfit": 986078000, "researchDevelopment": {}, "sellingGeneralAdministrative": 211068000, "nonRecurring": {}, "otherOperatingExpenses": 383322000, "totalOperatingExpenses": 1465111000, "operatingIncome": 343643000, "totalOtherIncomeExpenseNet": 27967000, "ebit": 343643000, "interestExpense": -5594000, "incomeBeforeTax": 371610000, "incomeTaxExpense": -27350000, "minorityInterest": {}, "netIncomeFromContinuingOps": 398960000, "discontinuedOperations": {}, "extraordinaryItems": {}, "effectOfAccountingCharges": {}, "otherItems": {}, "netIncome": 398960000, "netIncomeApplicableToCommonShares": 398960000}], "maxAge": 86400}, "cashflowStatementHistoryQuarterly": {"cashflowStatements": [{"maxAge": 1, "endDate": "2020-06-30", "netIncome": 82185000, "changeToLiabilities": 0}, {"maxAge": 1, "endDate": "2020-03-31", "netIncome": 125423000, "changeToLiabilities": 0}, {"maxAge": 1, "endDate": "2019-12-31", "netIncome": 162297000, "changeToLiabilities": 0}, {"maxAge": 1, "endDate": "2019-09-30", "netIncome": 398960000, "changeToLiabilities": 0}], "maxAge": 86400}, "insiderHolders": {"holders": [{"maxAge": 1, "name": "Anshul Speciality Molecules Ltd", "relation": "Promoter", "url": "", "transactionDescription": "Sale", "latestTransDate": "2017-02-06", "positionDirect": 0, "positionDirectDate": "2017-02-06"}, {"maxAge": 1, "name": "Dayal (Hiral Tushar)", "relation": "Promoter", "url": "", "transactionDescription": "Sale", "latestTransDate": "2018-10-17", "positionDirect": 10034, "positionDirectDate": "2018-10-17"}, {"maxAge": 1, "name": "Dipkanti Investments & Financing Pvt Ltd.", "relation": "Promoter", "url": "", "transactionDescription": "Purchase", "latestTransDate": "2016-06-02", "positionDirect": 235732, "positionDirectDate": "2016-06-02"}, {"maxAge": 1, "name": "Excel Crop Care Ltd", "relation": "Promoter", "url": "", "transactionDescription": "Sale", "latestTransDate": "2016-06-02", "positionDirect": 0, "positionDirectDate": "2016-06-02"}, {"maxAge": 1, "name": "Utkarsh Chemicals Pvt. Ltd.", "relation": "Promoter", "url": "", "transactionDescription": "Acquisition", "latestTransDate": "2013-10-10", "positionDirect": 3323851, "positionDirectDate": "2013-10-10"}, {"maxAge": 1, "name": "Utkarsh Global Holdings Pvt Ltd", "relation": "Promoter", "url": "", "transactionDescription": "Purchase", "latestTransDate": "2017-02-06", "positionDirect": 5358682, "positionDirectDate": "2017-02-06"}], "maxAge": 1}, "earnings": {"maxAge": 86400, "earningsChart": {"quarterly": [{"date": "3Q2017", "actual": 8.75, "estimate": 6.85}, {"date": "2Q2018", "actual": 30.91, "estimate": 18.92}, {"date": "3Q2018", "actual": 34.31, "estimate": 27.32}], "currentQuarterEstimateDate": "4Q", "currentQuarterEstimateYear": 2018, "earningsDate": []}, "financialsChart": {"yearly": [{"date": 2017, "revenue": 4623656000, "earnings": 200312000}, {"date": 2018, "revenue": 5987690000, "earnings": 738935000}, {"date": 2019, "revenue": 8252451000, "earnings": 1534543000}, {"date": 2020, "revenue": 7030592000, "earnings": 960725000}], "quarterly": [{"date": "3Q2019", "revenue": 1808754000, "earnings": 398960000}, {"date": "4Q2019", "revenue": 1643542000, "earnings": 162297000}, {"date": "1Q2020", "revenue": 1683771000, "earnings": 125423000}, {"date": "2Q2020", "revenue": 1334603000, "earnings": 82185000}]}, "financialCurrency": "INR"}, "calendarEvents": {"maxAge": 1, "earnings": {"earningsDate": []}}, "upgradeDowngradeHistory": {"history": [], "maxAge": 86400}, "price": {"maxAge": 1, "regularMarketChangePercent": 0.0014122699, "regularMarketChange": 1.25, "regularMarketTime": "2021-04-30 15:29:42", "priceHint": 2, "regularMarketPrice": 886.35, "regularMarketDayHigh": 900.8, "regularMarketDayLow": 860.65, "regularMarketVolume": 7219, "averageDailyVolume10Day": 1625, "averageDailyVolume3Month": 2072, "regularMarketPreviousClose": 885.1, "regularMarketSource": "FREE_REALTIME", "regularMarketOpen": 890.0, "exchange": "BSE", "exchangeName": "BSE", "exchangeDataDelayedBy": 0, "marketState": "CLOSED", "quoteType": "EQUITY", "symbol": "EXCELINDUS.BO", "underlyingSymbol": null, "shortName": "EXCEL INDUSTRIES LTD.", "longName": "Excel Industries Limited", "currency": "INR", "quoteSourceName": "Delayed Quote", "currencySymbol": "\u20b9", "fromCurrency": null, "lastMarket": null, "marketCap": 11438878720}, "balanceSheetHistory": {"balanceSheetStatements": [{"maxAge": 1, "endDate": "2020-03-31", "cash": 209237000, "shortTermInvestments": 3149000, "netReceivables": 1562658000, "inventory": 777197000, "otherCurrentAssets": 81349000, "totalCurrentAssets": 2802134000, "longTermInvestments": 2496074000, "propertyPlantEquipment": 3649156000, "goodWill": 188528000, "intangibleAssets": 7662000, "otherAssets": 229902000, "totalAssets": 9373456000, "accountsPayable": 1049077000, "shortLongTermDebt": 413000, "otherCurrentLiab": 137639000, "longTermDebt": 212000, "otherLiab": 858160000, "totalCurrentLiabilities": 1481083000, "totalLiab": 2364560000, "commonStock": 62853000, "retainedEarnings": 5088619000, "treasuryStock": 1803987000, "capitalSurplus": 53437000, "otherStockholderEquity": 1803987000, "totalStockholderEquity": 7008896000, "netTangibleAssets": 6812706000}, {"maxAge": 1, "endDate": "2019-03-31", "cash": 35894000, "shortTermInvestments": 11929000, "netReceivables": 1680806000, "inventory": 687468000, "otherCurrentAssets": 64298000, "totalCurrentAssets": 3267288000, "longTermInvestments": 3170431000, "propertyPlantEquipment": 2482576000, "intangibleAssets": 5317000, "otherAssets": 231358000, "totalAssets": 9156970000, "accountsPayable": 998171000, "shortLongTermDebt": 1627000, "otherCurrentLiab": 65215000, "longTermDebt": 625000, "otherLiab": 991793000, "totalCurrentLiabilities": 1168912000, "totalLiab": 2161330000, "commonStock": 62853000, "retainedEarnings": 4580400000, "treasuryStock": 2298950000, "capitalSurplus": 53437000, "otherStockholderEquity": 2298950000, "totalStockholderEquity": 6995640000, "netTangibleAssets": 6990323000}, {"maxAge": 1, "endDate": "2018-03-31", "cash": 40349000, "shortTermInvestments": 18924000, "netReceivables": 1312273000, "inventory": 558443000, "otherCurrentAssets": 37388000, "totalCurrentAssets": 2090652000, "longTermInvestments": 2712506000, "propertyPlantEquipment": 2249227000, "intangibleAssets": 4817000, "otherAssets": 224527000, "totalAssets": 7281729000, "accountsPayable": 873478000, "shortLongTermDebt": 1902000, "otherCurrentLiab": 87034000, "longTermDebt": 2252000, "otherLiab": 831522000, "totalCurrentLiabilities": 1116525000, "totalLiab": 1956998000, "commonStock": 62853000, "retainedEarnings": 3225704000, "treasuryStock": 1982737000, "capitalSurplus": 53437000, "otherStockholderEquity": 1982737000, "totalStockholderEquity": 5324731000, "netTangibleAssets": 5319914000}, {"maxAge": 1, "endDate": "2017-03-31", "cash": 32418000, "shortTermInvestments": 5064000, "netReceivables": 1244317000, "inventory": 551110000, "otherCurrentAssets": 106744000, "totalCurrentAssets": 2073542000, "longTermInvestments": 2015698000, "propertyPlantEquipment": 1902192000, "intangibleAssets": 5051000, "otherAssets": 193340000, "totalAssets": 6189823000, "accountsPayable": 625716000, "shortLongTermDebt": 50728000, "otherCurrentLiab": 73630000, "longTermDebt": 61576000, "otherLiab": 614092000, "totalCurrentLiabilities": 1385072000, "totalLiab": 2090644000, "commonStock": 62853000, "retainedEarnings": 2572744000, "treasuryStock": 1410145000, "capitalSurplus": 53437000, "otherStockholderEquity": 1410145000, "totalStockholderEquity": 4099179000, "netTangibleAssets": 4094128000}], "maxAge": 86400}, "earningsTrend": {"trend": [{"maxAge": 1, "period": "0q", "endDate": "2018-12-31", "growth": {}, "earningsEstimate": {"avg": 0.0, "low": 0.0, "high": 0.0, "yearAgoEps": {}, "numberOfAnalysts": 0, "growth": {}}, "revenueEstimate": {"avg": 0, "low": 0, "high": 0, "numberOfAnalysts": 0, "yearAgoRevenue": {}, "growth": {}}, "epsTrend": {"current": 0.0, "7daysAgo": 0.0, "30daysAgo": 0.0, "60daysAgo": 0.0, "90daysAgo": 0.0}, "epsRevisions": {"upLast7days": 0, "upLast30days": 0, "downLast30days": 0, "downLast90days": {}}}, {"maxAge": 1, "period": "+1q", "endDate": "2019-03-31", "growth": {}, "earningsEstimate": {"avg": 0.0, "low": 0.0, "high": 0.0, "yearAgoEps": 8.75, "numberOfAnalysts": 0, "growth": {}}, "revenueEstimate": {"avg": 0, "low": 0, "high": 0, "numberOfAnalysts": 0, "yearAgoRevenue": {}, "growth": {}}, "epsTrend": {"current": 0.0, "7daysAgo": 0.0, "30daysAgo": 0.0, "60daysAgo": 0.0, "90daysAgo": 0.0}, "epsRevisions": {"upLast7days": 0, "upLast30days": 0, "downLast30days": 0, "downLast90days": {}}}, {"maxAge": 1, "period": "0y", "endDate": "2019-03-31", "growth": {}, "earningsEstimate": {"avg": 0.0, "low": 0.0, "high": 0.0, "yearAgoEps": {}, "numberOfAnalysts": 0, "growth": {}}, "revenueEstimate": {"avg": 7902130000, "low": 7902130000, "high": 7902130000, "numberOfAnalysts": 1, "yearAgoRevenue": 5817860000, "growth": 0.35799998}, "epsTrend": {"current": 0.0, "7daysAgo": 126.14, "30daysAgo": 126.14, "60daysAgo": 126.14, "90daysAgo": 126.14}, "epsRevisions": {"upLast7days": 1, "upLast30days": 1, "downLast30days": 0, "downLast90days": {}}}, {"maxAge": 1, "period": "+1y", "endDate": "2020-03-31", "growth": {}, "earningsEstimate": {"avg": 0.0, "low": 0.0, "high": 0.0, "yearAgoEps": {}, "numberOfAnalysts": 0, "growth": {}}, "revenueEstimate": {"avg": 9324510000, "low": 9324510000, "high": 9324510000, "numberOfAnalysts": 1, "yearAgoRevenue": 7902130000, "growth": 0.18}, "epsTrend": {"current": 0.0, "7daysAgo": 148.88, "30daysAgo": 148.88, "60daysAgo": 148.88, "90daysAgo": 148.88}, "epsRevisions": {"upLast7days": 1, "upLast30days": 1, "downLast30days": 0, "downLast90days": {}}}, {"maxAge": 1, "period": "+5y", "endDate": null, "growth": {}, "earningsEstimate": {"avg": {}, "low": {}, "high": {}, "yearAgoEps": {}, "numberOfAnalysts": {}, "growth": {}}, "revenueEstimate": {"avg": {}, "low": {}, "high": {}, "numberOfAnalysts": {}, "yearAgoRevenue": {}, "growth": {}}, "epsTrend": {"current": {}, "7daysAgo": {}, "30daysAgo": {}, "60daysAgo": {}, "90daysAgo": {}}, "epsRevisions": {"upLast7days": {}, "upLast30days": {}, "downLast30days": {}, "downLast90days": {}}}, {"maxAge": 1, "period": "-5y", "endDate": null, "growth": {}, "earningsEstimate": {"avg": {}, "low": {}, "high": {}, "yearAgoEps": {}, "numberOfAnalysts": {}, "growth": {}}, "revenueEstimate": {"avg": {}, "low": {}, "high": {}, "numberOfAnalysts": {}, "yearAgoRevenue": {}, "growth": {}}, "epsTrend": {"current": {}, "7daysAgo": {}, "30daysAgo": {}, "60daysAgo": {}, "90daysAgo": {}}, "epsRevisions": {"upLast7days": {}, "upLast30days": {}, "downLast30days": {}, "downLast90days": {}}}], "maxAge": 1}, "financialData": {"maxAge": 86400, "currentPrice": 886.35, "targetHighPrice": 300.0, "targetLowPrice": 300.0, "targetMeanPrice": 300.0, "targetMedianPrice": 300.0, "recommendationKey": "none", "numberOfAnalystOpinions": 1, "grossProfits": 3525261000, "financialCurrency": "INR"}}}