{"EXIDEIND.NS": {"assetProfile": {"address1": "Exide House", "address2": "59E Chowringhee Road", "city": "Kolkata", "zip": "700020", "country": "India", "phone": "91 33 2302 3400", "fax": "91 33 2283 2637", "website": "http://www.exideindustries.com", "industry": "Auto Parts", "sector": "Consumer Cyclical", "longBusinessSummary": "Exide Industries Limited designs, manufactures, markets, and sells lead acid storage batteries and allied products in India and internationally. It operates in two segments, Automotive and Industrial. The company offers automotive, industrial, genset, solar, inverter, and submarine batteries, as well as home UPS systems and e-rickshaws. The company also provides life insurance products through individual agents, corporate agents, banks, etc.; manufactures and supplies recycled lead and lead alloys; manufactures lead acid automotive and motorcycle batteries; provides energy storage solutions and technical support for manufacturing of lithium ion batteries; and produces and distributes industrial battery chargers, rectifiers, and parts, as well as engages in the non-conventional energy business activities. In addition, it offers solutions in the areas of equipment selection, battery sizing, optimum room layout, installation, operation, and maintenance. Exide Industries Limited sells its batteries under the EXIDE, INDEX, DYNEX, SF SONIC, CHLORIDE, and CEIL brand names through a distribution network of approximately 48,000 direct and indirect dealers. Its products are used in power, solar, railways, telecom, UPS, projects, traction, and other industries. The company was formerly known as Chloride Industries Ltd. and changed its name to Exide Industries Limited in August 1995. Exide Industries Limited was founded in 1916 and is headquartered in Kolkata, India.", "fullTimeEmployees": 5822, "companyOfficers": [{"maxAge": 1, "name": "Mr. Gautam  Chatterjee", "age": 70, "title": "CEO, MD & Exec. Director", "yearBorn": 1950, "fiscalYear": 2020, "totalPay": 45771668, "exercisedValue": 0, "unexercisedValue": 0}, {"maxAge": 1, "name": "Mr. Asish Kumar Mukherjee", "age": 59, "title": "Director of Fin., CFO & Whole-Time Director", "yearBorn": 1961, "fiscalYear": 2020, "totalPay": 25994538, "exercisedValue": 0, "unexercisedValue": 0}, {"maxAge": 1, "name": "Mr. Jitendra  Kumar", "title": "Company Sec., Exec. VP of Legal & Admin. and Compliance Officer", "fiscalYear": 2020, "totalPay": 9023460, "exercisedValue": 0, "unexercisedValue": 0}, {"maxAge": 1, "name": "Mr. Subir  Chakraborty", "age": 63, "title": "Deputy MD & Exec. Director", "yearBorn": 1957, "fiscalYear": 2020, "totalPay": 19984364, "exercisedValue": 0, "unexercisedValue": 0}, {"maxAge": 1, "name": "Mr. Arun  Mittal", "age": 54, "title": "Director of Automotive & Whole-Time Director", "yearBorn": 1966, "fiscalYear": 2020, "totalPay": 16232593, "exercisedValue": 0, "unexercisedValue": 0}, {"maxAge": 1, "name": "Mr. Amit  Banerjee", "title": "Gen. Mang. of Operations", "exercisedValue": 0, "unexercisedValue": 0}, {"maxAge": 1, "name": "Mr. Ranjan  Sarkar", "title": "Exec. VP of HR", "exercisedValue": 0, "unexercisedValue": 0}, {"maxAge": 1, "name": "Mr. S. K. Mookherjee", "title": "MD & Director of Caldyne Automatics Ltd (Caldyne)", "exercisedValue": 0, "unexercisedValue": 0}, {"maxAge": 1, "name": "Mr. Arnab  Saha", "title": "Pres of Industrial Sales & Marketing", "exercisedValue": 0, "unexercisedValue": 0}, {"maxAge": 1, "name": "Ms. Nupur Roy Choudhury", "title": "Pres of Fin. & Strategy", "exercisedValue": 0, "unexercisedValue": 0}], "compensationAsOfEpochDate": "2020-12-31 05:30:00", "maxAge": 86400}, "cashflowStatementHistory": {"cashflowStatements": [{"maxAge": 1, "endDate": "2020-03-31", "netIncome": 7767500000, "depreciation": 4022200000, "changeToNetincome": 6723900000, "changeToAccountReceivables": 1672400000, "changeToLiabilities": 0, "changeToInventory": -3492500000, "changeToOperatingActivities": -655200000, "totalCashFromOperatingActivities": 16191900000, "capitalExpenditures": -6080900000, "investments": -15002900000, "otherCashflowsFromInvestingActivities": 9985000000, "totalCashflowsFromInvestingActivities": -10969100000, "dividendsPaid": -5021100000, "netBorrowings": -535000000, "otherCashflowsFromFinancingActivities": 238000000, "totalCashFromFinancingActivities": -5318100000, "effectOfExchangeRate": 600000, "changeInCash": -94700000}, {"maxAge": 1, "endDate": "2019-03-31", "netIncome": 8455500000, "depreciation": 3290200000, "changeToNetincome": 6074100000, "changeToAccountReceivables": -1501800000, "changeToLiabilities": 0, "changeToInventory": -604600000, "changeToOperatingActivities": 1009100000, "totalCashFromOperatingActivities": 16867700000, "capitalExpenditures": -8112100000, "investments": -15898300000, "otherCashflowsFromInvestingActivities": 8381800000, "totalCashflowsFromInvestingActivities": -14374200000, "dividendsPaid": -2040000000, "netBorrowings": 283600000, "otherCashflowsFromFinancingActivities": -410200000, "totalCashFromFinancingActivities": -2166600000, "effectOfExchangeRate": -3500000, "changeInCash": 323400000}, {"maxAge": 1, "endDate": "2018-03-31", "netIncome": 6909600000, "depreciation": 2563300000, "changeToNetincome": 4038800000, "changeToAccountReceivables": -3546500000, "changeToLiabilities": 0, "changeToInventory": -3028400000, "changeToOperatingActivities": 2097900000, "totalCashFromOperatingActivities": 9143500000, "capitalExpenditures": -8076800000, "investments": -4348800000, "otherCashflowsFromInvestingActivities": 7048100000, "totalCashflowsFromInvestingActivities": -5365600000, "dividendsPaid": -2485400000, "netBorrowings": -1269300000, "otherCashflowsFromFinancingActivities": -106300000, "totalCashFromFinancingActivities": -3861000000, "effectOfExchangeRate": 19300000, "changeInCash": -63800000}, {"maxAge": 1, "endDate": "2017-03-31", "netIncome": 8010500000, "depreciation": 2134400000, "changeToNetincome": 4216100000, "changeToAccountReceivables": -262100000, "changeToLiabilities": 0, "changeToInventory": -4555300000, "changeToOperatingActivities": -257000000, "totalCashFromOperatingActivities": 9372600000, "capitalExpenditures": -4412100000, "investments": -9903300000, "otherCashflowsFromInvestingActivities": 7026200000, "totalCashflowsFromInvestingActivities": -7284500000, "dividendsPaid": -2032300000, "netBorrowings": 681900000, "otherCashflowsFromFinancingActivities": -468600000, "totalCashFromFinancingActivities": -1819000000, "effectOfExchangeRate": 14200000, "changeInCash": 283300000}], "maxAge": 86400}, "institutionOwnership": {"ownershipList": [], "maxAge": 1}, "majorHoldersBreakdown": {"maxAge": 1, "insidersPercentHeld": 0.50848, "institutionsPercentHeld": 0.2976, "institutionsFloatPercentHeld": 0.60547, "institutionsCount": 77}, "balanceSheetHistoryQuarterly": {"balanceSheetStatements": [{"maxAge": 1, "endDate": "2020-12-31", "totalStockholderEquity": 68141100000, "netTangibleAssets": 61403700000}, {"maxAge": 1, "endDate": "2020-09-30", "cash": 1443900000, "shortTermInvestments": 24984700000, "netReceivables": 10280200000, "inventory": 19396400000, "otherCurrentAssets": 1926500000, "totalCurrentAssets": 58031700000, "longTermInvestments": 163684500000, "propertyPlantEquipment": 31978100000, "goodWill": 5819000000, "intangibleAssets": 918400000, "otherAssets": 5021600000, "deferredLongTermAssetCharges": 165900000, "totalAssets": 265453300000, "accountsPayable": 19207100000, "otherCurrentLiab": 22909100000, "longTermDebt": 101800000, "otherLiab": 149720500000, "minorityInterest": 467400000, "totalCurrentLiabilities": 43508300000, "totalLiab": 196844800000, "commonStock": 850000000, "treasuryStock": 67291100000, "otherStockholderEquity": 67291100000, "totalStockholderEquity": 68141100000, "netTangibleAssets": 61403700000}, {"maxAge": 1, "endDate": "2020-06-30", "totalStockholderEquity": 64673200000, "netTangibleAssets": 57946700000}, {"maxAge": 1, "endDate": "2020-03-31", "cash": 3314700000, "shortTermInvestments": 2236000000, "netReceivables": 14828000000, "inventory": 24145600000, "otherCurrentAssets": 1530200000, "totalCurrentAssets": 54099500000, "longTermInvestments": 148204900000, "propertyPlantEquipment": 29807200000, "goodWill": 5819000000, "intangibleAssets": 907500000, "otherAssets": 4837800000, "deferredLongTermAssetCharges": 161000000, "totalAssets": 243675900000, "accountsPayable": 16055700000, "shortLongTermDebt": 32700000, "otherCurrentLiab": 12341200000, "longTermDebt": 88500000, "otherLiab": 144913700000, "minorityInterest": 469400000, "totalCurrentLiabilities": 32515500000, "totalLiab": 178533300000, "commonStock": 850000000, "retainedEarnings": 53836800000, "treasuryStock": 2607600000, "capitalSurplus": 7378800000, "otherStockholderEquity": 2607600000, "totalStockholderEquity": 64673200000, "netTangibleAssets": 57946700000}], "maxAge": 86400}, "indexTrend": {"maxAge": 1, "symbol": "SP5", "peRatio": 19.7411, "pegRatio": 1.34172, "estimates": [{"period": "0q", "growth": 0.549}, {"period": "+1q", "growth": 0.431}, {"period": "0y", "growth": 0.305}, {"period": "+1y", "growth": 0.109}, {"period": "+5y", "growth": 0.120865}, {"period": "-5y"}]}, "defaultKeyStatistics": {"maxAge": 1, "priceHint": 2, "enterpriseValue": 130548277248, "profitMargins": 0.05183, "floatShares": 417699998, "sharesOutstanding": 850000000, "heldPercentInsiders": 0.50848, "heldPercentInstitutions": 0.2976, "beta": 0.527181, "category": null, "bookValue": 80.256, "priceToBook": 2.2172797, "fundFamily": null, "legalType": null, "lastFiscalYearEnd": "2020-03-31 05:30:00", "nextFiscalYearEnd": "2022-03-31 05:30:00", "mostRecentQuarter": "2020-12-31 05:30:00", "earningsQuarterlyGrowth": 1.031, "netIncomeToCommon": 7365000192, "trailingEps": 8.658, "lastSplitFactor": "10:1", "lastSplitDate": "2006-09-08 05:30:00", "enterpriseToRevenue": 0.919, "enterpriseToEbitda": 3.936}, "summaryProfile": {"address1": "Exide House", "address2": "59E Chowringhee Road", "city": "Kolkata", "zip": "700020", "country": "India", "phone": "91 33 2302 3400", "fax": "91 33 2283 2637", "website": "http://www.exideindustries.com", "industry": "Auto Parts", "sector": "Consumer Cyclical", "longBusinessSummary": "Exide Industries Limited designs, manufactures, markets, and sells lead acid storage batteries and allied products in India and internationally. It operates in two segments, Automotive and Industrial. The company offers automotive, industrial, genset, solar, inverter, and submarine batteries, as well as home UPS systems and e-rickshaws. The company also provides life insurance products through individual agents, corporate agents, banks, etc.; manufactures and supplies recycled lead and lead alloys; manufactures lead acid automotive and motorcycle batteries; provides energy storage solutions and technical support for manufacturing of lithium ion batteries; and produces and distributes industrial battery chargers, rectifiers, and parts, as well as engages in the non-conventional energy business activities. In addition, it offers solutions in the areas of equipment selection, battery sizing, optimum room layout, installation, operation, and maintenance. Exide Industries Limited sells its batteries under the EXIDE, INDEX, DYNEX, SF SONIC, CHLORIDE, and CEIL brand names through a distribution network of approximately 48,000 direct and indirect dealers. Its products are used in power, solar, railways, telecom, UPS, projects, traction, and other industries. The company was formerly known as Chloride Industries Ltd. and changed its name to Exide Industries Limited in August 1995. Exide Industries Limited was founded in 1916 and is headquartered in Kolkata, India.", "fullTimeEmployees": 5822, "companyOfficers": [], "maxAge": 86400}, "netSharePurchaseActivity": {"maxAge": 1, "period": "6m", "buyInfoCount": 0, "buyInfoShares": 0, "sellInfoCount": 0, "netInfoCount": 0, "netInfoShares": 0, "netPercentInsiderShares": 0.0, "totalInsiderShares": 432297536}, "insiderTransactions": {"transactions": [{"maxAge": 1, "shares": 17328159, "value": 479990, "filerUrl": "", "transactionText": "Acquisition at price 0.03 per share.", "filerName": "Life Insurance Corporation of India", "filerRelation": "Institution- Corporation", "moneyText": "", "startDate": "2020-12-17", "ownership": "D"}, {"maxAge": 1, "shares": 5000, "filerUrl": "", "transactionText": "", "filerName": "Chatterjee (Gautam)", "filerRelation": "Chief Executive Director", "moneyText": "", "startDate": "2017-08-28", "ownership": "D"}, {"maxAge": 1, "shares": 5000, "filerUrl": "", "transactionText": "", "filerName": "Chatterjee (Gautam)", "filerRelation": "Chief Executive Director", "moneyText": "", "startDate": "2017-08-18", "ownership": "D"}], "maxAge": 1}, "quoteType": {"exchange": "NSI", "quoteType": "EQUITY", "symbol": "EXIDEIND.NS", "underlyingSymbol": "EXIDEIND.NS", "shortName": "EXIDE INDUSTRIES", "longName": "Exide Industries Limited", "firstTradeDateEpochUtc": "2002-07-01 09:15:00", "timeZoneFullName": "Asia/Kolkata", "timeZoneShortName": "IST", "uuid": "34de92aa-565e-3023-ba09-7da2e49f5ed5", "gmtOffSetMilliseconds": 19800000, "maxAge": 1}, "incomeStatementHistory": {"incomeStatementHistory": [{"maxAge": 1, "endDate": "2020-03-31", "totalRevenue": 144710100000, "costOfRevenue": 64853000000, "grossProfit": 79857100000, "researchDevelopment": {}, "sellingGeneralAdministrative": 14485600000, "nonRecurring": {}, "otherOperatingExpenses": 34682300000, "totalOperatingExpenses": 118196700000, "operatingIncome": 26513400000, "totalOtherIncomeExpenseNet": -16794600000, "ebit": 26513400000, "interestExpense": -965900000, "incomeBeforeTax": 9718800000, "incomeTaxExpense": 2094000000, "minorityInterest": 469400000, "netIncomeFromContinuingOps": 7624800000, "discontinuedOperations": {}, "extraordinaryItems": {}, "effectOfAccountingCharges": {}, "otherItems": {}, "netIncome": 7767500000, "netIncomeApplicableToCommonShares": 7767500000}, {"maxAge": 1, "endDate": "2019-03-31", "totalRevenue": 147208800000, "costOfRevenue": 71594600000, "grossProfit": 75614200000, "researchDevelopment": {}, "sellingGeneralAdministrative": 14090200000, "nonRecurring": {}, "otherOperatingExpenses": 28660900000, "totalOperatingExpenses": 117781100000, "operatingIncome": 29427700000, "totalOtherIncomeExpenseNet": -16937600000, "ebit": 29427700000, "interestExpense": -1070800000, "incomeBeforeTax": 12490100000, "incomeTaxExpense": 4016600000, "minorityInterest": 330000000, "netIncomeFromContinuingOps": 8473500000, "discontinuedOperations": {}, "extraordinaryItems": {}, "effectOfAccountingCharges": {}, "otherItems": {}, "netIncome": 8455500000, "netIncomeApplicableToCommonShares": 8455500000}, {"maxAge": 1, "endDate": "2018-03-31", "totalRevenue": 128080800000, "costOfRevenue": 61923500000, "grossProfit": 66157300000, "researchDevelopment": {}, "sellingGeneralAdministrative": 12884800000, "nonRecurring": {}, "otherOperatingExpenses": 25750500000, "totalOperatingExpenses": 103230900000, "operatingIncome": 24849900000, "totalOtherIncomeExpenseNet": -14371200000, "ebit": 24849900000, "interestExpense": -1056500000, "incomeBeforeTax": 10478700000, "incomeTaxExpense": 3537700000, "minorityInterest": 180900000, "netIncomeFromContinuingOps": 6941000000, "discontinuedOperations": {}, "extraordinaryItems": {}, "effectOfAccountingCharges": {}, "otherItems": {}, "netIncome": 6909600000, "netIncomeApplicableToCommonShares": 6909600000}, {"maxAge": 1, "endDate": "2017-03-31", "totalRevenue": 111786300000, "costOfRevenue": 48437800000, "grossProfit": 63348500000, "researchDevelopment": {}, "sellingGeneralAdministrative": 11852500000, "nonRecurring": {}, "otherOperatingExpenses": 22327500000, "totalOperatingExpenses": 84838200000, "operatingIncome": 26948100000, "totalOtherIncomeExpenseNet": -15976700000, "ebit": 26948100000, "interestExpense": -1462900000, "incomeBeforeTax": 10971400000, "incomeTaxExpense": 2931200000, "minorityInterest": 157600000, "netIncomeFromContinuingOps": 8040200000, "discontinuedOperations": {}, "extraordinaryItems": {}, "effectOfAccountingCharges": {}, "otherItems": {}, "netIncome": 8010500000, "netIncomeApplicableToCommonShares": 8010500000}], "maxAge": 86400}, "fundOwnership": {"ownershipList": [{"maxAge": 1, "reportDate": "2021-03-31", "organization": "iShares Core MSCI Emerging Markets ETF", "pctHeld": 0.0046, "position": 3877571, "value": 711922035}, {"maxAge": 1, "reportDate": "2021-01-31", "organization": "Vanguard International Stock Index-Total Intl Stock Indx", "pctHeld": 0.0042, "position": 3542404, "value": 685455174}, {"maxAge": 1, "reportDate": "2021-01-31", "organization": "Vanguard International Stock Index-Emerging Markets Stk", "pctHeld": 0.004, "position": 3393399, "value": 656622706}, {"maxAge": 1, "reportDate": "2021-01-31", "organization": "DFA Emerging Markets Core Equity Portfolio", "pctHeld": 0.0023999999, "position": 2049443, "value": 396567220}, {"maxAge": 1, "reportDate": "2021-02-28", "organization": "WisdomTree Tr-WisdomTree Emerging Markets Small Cap Dividend Fund", "pctHeld": 0.0018000001, "position": 1518304, "value": 307760220}, {"maxAge": 1, "reportDate": "2021-01-31", "organization": "DFA Emerging Markets Small Cap Series", "pctHeld": 0.0011999999, "position": 1013959, "value": 196201066}, {"maxAge": 1, "reportDate": "2021-03-31", "organization": "iShares MSCI India Small Cap ETF", "pctHeld": 0.00090000004, "position": 794412, "value": 145854043}, {"maxAge": 1, "reportDate": "2021-03-31", "organization": "SEI Institutional Investment Tr-Emerging Markets Equity Fd", "pctHeld": 0.0008, "position": 668472, "value": 122731459}, {"maxAge": 1, "reportDate": "2021-03-31", "organization": "iShares Core MSCI Total International Stock ETF", "pctHeld": 0.0008, "position": 660670, "value": 121299012}, {"maxAge": 1, "reportDate": "2021-02-28", "organization": "WisdomTree Tr-WisdomTree India Earnings Fd", "pctHeld": 0.00059999997, "position": 522642, "value": 105939533}], "maxAge": 1}, "summaryDetail": {"maxAge": 1, "priceHint": 2, "previousClose": 178.2, "open": 180.7, "dayLow": 176.85, "dayHigh": 182.75, "regularMarketPreviousClose": 178.2, "regularMarketOpen": 180.7, "regularMarketDayLow": 176.85, "regularMarketDayHigh": 182.75, "dividendRate": 4.5, "dividendYield": 0.0253, "exDividendDate": "2021-02-04 05:30:00", "payoutRatio": 0.2887, "fiveYearAvgDividendYield": 1.43, "beta": 0.527181, "trailingPE": 20.553246, "volume": 10112657, "regularMarketVolume": 10112657, "averageVolume": 5038252, "averageVolume10days": 3099358, "averageDailyVolume10Day": 3099358, "bid": 0.0, "ask": 0.0, "bidSize": 0, "askSize": 0, "marketCap": 151172612096, "fiftyTwoWeekLow": 131.2, "fiftyTwoWeekHigh": 219.3, "priceToSalesTrailing12Months": 1.0639433, "fiftyDayAverage": 198.40294, "twoHundredDayAverage": 184.63547, "trailingAnnualDividendRate": 2.0, "trailingAnnualDividendYield": 0.011223345, "currency": "INR", "fromCurrency": null, "lastMarket": null, "algorithm": null, "tradeable": false}, "incomeStatementHistoryQuarterly": {"incomeStatementHistory": [{"maxAge": 1, "endDate": "2020-12-31", "totalRevenue": 41965300000, "costOfRevenue": 18328000000, "grossProfit": 23637300000, "researchDevelopment": {}, "sellingGeneralAdministrative": 3075500000, "nonRecurring": {}, "otherOperatingExpenses": 9540800000, "totalOperatingExpenses": 32035000000, "operatingIncome": 9930300000, "totalOtherIncomeExpenseNet": -6739200000, "ebit": 9930300000, "interestExpense": -425200000, "incomeBeforeTax": 3191100000, "incomeTaxExpense": 792400000, "minorityInterest": {}, "netIncomeFromContinuingOps": 2398700000, "discontinuedOperations": {}, "extraordinaryItems": {}, "effectOfAccountingCharges": {}, "otherItems": {}, "netIncome": 2414500000, "netIncomeApplicableToCommonShares": 2414500000}, {"maxAge": 1, "endDate": "2020-09-30", "totalRevenue": 40113900000, "costOfRevenue": 18237500000, "grossProfit": 21876400000, "researchDevelopment": {}, "sellingGeneralAdministrative": 2948000000, "nonRecurring": {}, "otherOperatingExpenses": 8803000000, "totalOperatingExpenses": 31077700000, "operatingIncome": 9036200000, "totalOtherIncomeExpenseNet": -5704900000, "ebit": 9036200000, "interestExpense": -324400000, "incomeBeforeTax": 3331300000, "incomeTaxExpense": 765100000, "minorityInterest": 467400000, "netIncomeFromContinuingOps": 2566200000, "discontinuedOperations": {}, "extraordinaryItems": {}, "effectOfAccountingCharges": {}, "otherItems": {}, "netIncome": 2572600000, "netIncomeApplicableToCommonShares": 2572600000}, {"maxAge": 1, "endDate": "2020-06-30", "totalRevenue": 25261100000, "costOfRevenue": 10964200000, "grossProfit": 14296900000, "researchDevelopment": {}, "sellingGeneralAdministrative": 2309500000, "nonRecurring": {}, "otherOperatingExpenses": 5284900000, "totalOperatingExpenses": 19606400000, "operatingIncome": 5654700000, "totalOtherIncomeExpenseNet": -5614800000, "ebit": 5654700000, "interestExpense": -353800000, "incomeBeforeTax": 39900000, "incomeTaxExpense": 175500000, "minorityInterest": 467400000, "netIncomeFromContinuingOps": -135600000, "discontinuedOperations": {}, "extraordinaryItems": {}, "effectOfAccountingCharges": {}, "otherItems": {}, "netIncome": -106800000, "netIncomeApplicableToCommonShares": -106800000}, {"maxAge": 1, "endDate": "2020-03-31", "totalRevenue": 34746800000, "costOfRevenue": 14142600000, "grossProfit": 20604200000, "researchDevelopment": {}, "sellingGeneralAdministrative": 6036000000, "nonRecurring": {}, "otherOperatingExpenses": 9011300000, "totalOperatingExpenses": 30268700000, "operatingIncome": 4478100000, "totalOtherIncomeExpenseNet": -2013100000, "ebit": 4478100000, "interestExpense": -136500000, "incomeBeforeTax": 2465000000, "incomeTaxExpense": 109300000, "minorityInterest": 469400000, "netIncomeFromContinuingOps": 2355700000, "discontinuedOperations": {}, "extraordinaryItems": {}, "effectOfAccountingCharges": {}, "otherItems": {}, "netIncome": 2484700000, "netIncomeApplicableToCommonShares": 2484700000}], "maxAge": 86400}, "cashflowStatementHistoryQuarterly": {"cashflowStatements": [{"maxAge": 1, "endDate": "2020-12-31", "netIncome": 2414500000, "changeToLiabilities": 0}, {"maxAge": 1, "endDate": "2020-09-30", "netIncome": 2572600000, "changeToLiabilities": 0}, {"maxAge": 1, "endDate": "2020-06-30", "netIncome": -106800000, "changeToLiabilities": 0}, {"maxAge": 1, "endDate": "2020-03-31", "netIncome": 2484700000, "changeToLiabilities": 0}], "maxAge": 86400}, "insiderHolders": {"holders": [{"maxAge": 1, "name": "Chatterjee (Gautam)", "relation": "Chief Executive Director", "url": "", "transactionDescription": "Acquisition", "latestTransDate": "2017-08-28", "positionDirect": 10000, "positionDirectDate": "2017-08-28"}, {"maxAge": 1, "name": "Life Insurance Corporation of India", "relation": "Institution- Corporation", "url": "", "transactionDescription": "Acquisition", "latestTransDate": "2020-12-17", "positionDirect": 46910305, "positionDirectDate": "2020-12-17"}], "maxAge": 1}, "calendarEvents": {"maxAge": 1, "earnings": {"earningsDate": []}, "exDividendDate": "2021-02-04 05:30:00"}, "upgradeDowngradeHistory": {"history": [], "maxAge": 86400}, "price": {"maxAge": 1, "regularMarketChangePercent": -0.0014029181, "regularMarketChange": -0.25, "regularMarketTime": "2021-04-30 15:30:00", "priceHint": 2, "regularMarketPrice": 177.95, "regularMarketDayHigh": 182.75, "regularMarketDayLow": 176.85, "regularMarketVolume": 10112657, "averageDailyVolume10Day": 3099358, "averageDailyVolume3Month": 5038252, "regularMarketPreviousClose": 178.2, "regularMarketSource": "FREE_REALTIME", "regularMarketOpen": 180.7, "exchange": "NSI", "exchangeName": "NSE", "exchangeDataDelayedBy": 15, "marketState": "CLOSED", "quoteType": "EQUITY", "symbol": "EXIDEIND.NS", "underlyingSymbol": null, "shortName": "EXIDE INDUSTRIES", "longName": "Exide Industries Limited", "currency": "INR", "quoteSourceName": "Delayed Quote", "currencySymbol": "\u20b9", "fromCurrency": null, "lastMarket": null, "marketCap": 151172612096}, "balanceSheetHistory": {"balanceSheetStatements": [{"maxAge": 1, "endDate": "2020-03-31", "cash": 3314700000, "shortTermInvestments": 2236000000, "netReceivables": 14828000000, "inventory": 24145600000, "otherCurrentAssets": 1530200000, "totalCurrentAssets": 54099500000, "longTermInvestments": 148204900000, "propertyPlantEquipment": 29807200000, "goodWill": 5819000000, "intangibleAssets": 907500000, "otherAssets": 4837800000, "deferredLongTermAssetCharges": 161000000, "totalAssets": 243675900000, "accountsPayable": 16055700000, "shortLongTermDebt": 32700000, "otherCurrentLiab": 12341200000, "longTermDebt": 88500000, "otherLiab": 144913700000, "minorityInterest": 469400000, "totalCurrentLiabilities": 32515500000, "totalLiab": 178533300000, "commonStock": 850000000, "retainedEarnings": 53836800000, "treasuryStock": 2607600000, "capitalSurplus": 7378800000, "otherStockholderEquity": 2607600000, "totalStockholderEquity": 64673200000, "netTangibleAssets": 57946700000}, {"maxAge": 1, "endDate": "2019-03-31", "cash": 3409400000, "shortTermInvestments": 1987000000, "netReceivables": 16293400000, "inventory": 20653100000, "otherCurrentAssets": 2943800000, "totalCurrentAssets": 54604700000, "longTermInvestments": 132215500000, "propertyPlantEquipment": 27213700000, "goodWill": 5819000000, "intangibleAssets": 765900000, "otherAssets": 3790700000, "deferredLongTermAssetCharges": 100100000, "totalAssets": 224409500000, "accountsPayable": 15768600000, "shortLongTermDebt": 41700000, "otherCurrentLiab": 12543300000, "longTermDebt": 97500000, "otherLiab": 129162100000, "minorityInterest": 330000000, "totalCurrentLiabilities": 33751300000, "totalLiab": 163010900000, "commonStock": 850000000, "retainedEarnings": 51187400000, "treasuryStock": 1652400000, "capitalSurplus": 7378800000, "otherStockholderEquity": 1652400000, "totalStockholderEquity": 61068600000, "netTangibleAssets": 54483700000}, {"maxAge": 1, "endDate": "2018-03-31", "cash": 3174600000, "shortTermInvestments": 1601900000, "netReceivables": 14546200000, "inventory": 20048500000, "otherCurrentAssets": 3332000000, "totalCurrentAssets": 50892100000, "longTermInvestments": 115362000000, "propertyPlantEquipment": 23020700000, "goodWill": 5819000000, "intangibleAssets": 382900000, "otherAssets": 2745500000, "deferredLongTermAssetCharges": 69900000, "totalAssets": 198222200000, "accountsPayable": 15193900000, "shortLongTermDebt": 4800000, "otherCurrentLiab": 9972900000, "longTermDebt": 89000000, "otherLiab": 113118400000, "minorityInterest": 180900000, "totalCurrentLiabilities": 30542100000, "totalLiab": 143749500000, "commonStock": 850000000, "retainedEarnings": 45168000000, "treasuryStock": 895000000, "capitalSurplus": 7378800000, "otherStockholderEquity": 895000000, "totalStockholderEquity": 54291800000, "netTangibleAssets": 48089900000}, {"maxAge": 1, "endDate": "2017-03-31", "cash": 3235300000, "shortTermInvestments": 1339800000, "netReceivables": 10413600000, "inventory": 17020100000, "otherCurrentAssets": 1723900000, "totalCurrentAssets": 48352900000, "longTermInvestments": 102970200000, "propertyPlantEquipment": 17940100000, "goodWill": 5819000000, "intangibleAssets": 316200000, "otherAssets": 2318700000, "deferredLongTermAssetCharges": 64500000, "totalAssets": 177717100000, "accountsPayable": 12158600000, "shortLongTermDebt": 17600000, "otherCurrentLiab": 8376800000, "longTermDebt": 7800000, "otherLiab": 101155100000, "minorityInterest": 157600000, "totalCurrentLiabilities": 26075300000, "totalLiab": 127238200000, "commonStock": 850000000, "retainedEarnings": 40819400000, "treasuryStock": 1273100000, "capitalSurplus": 7378800000, "otherStockholderEquity": 1273100000, "totalStockholderEquity": 50321300000, "netTangibleAssets": 44186100000}], "maxAge": 86400}, "financialData": {"maxAge": 86400, "currentPrice": 177.95, "recommendationKey": "none", "totalCash": 26428600320, "totalCashPerShare": 31.086, "ebitda": 33167024128, "totalDebt": 5008099840, "totalRevenue": 142087094272, "debtToEquity": 7.3, "revenuePerShare": 167.028, "grossProfits": 79857100000, "earningsGrowth": 1.029, "revenueGrowth": 0.181, "grossMargins": 0.56595004, "ebitdaMargins": 0.23343, "operatingMargins": 0.2048, "profitMargins": 0.05183, "financialCurrency": "INR"}}}