{"EXIDEIND.BO": {"recommendationTrend": {"trend": [{"period": "0m", "strongBuy": 0, "buy": 0, "hold": 0, "sell": 0, "strongSell": 0}, {"period": "-1m", "strongBuy": 0, "buy": 0, "hold": 0, "sell": 0, "strongSell": 0}, {"period": "-2m", "strongBuy": 0, "buy": 0, "hold": 0, "sell": 0, "strongSell": 0}, {"period": "-3m", "strongBuy": 0, "buy": 0, "hold": 0, "sell": 0, "strongSell": 0}], "maxAge": 86400}, "cashflowStatementHistory": {"cashflowStatements": [{"maxAge": 1, "endDate": "2020-03-31", "netIncome": 7767500000, "depreciation": 4022200000, "changeToNetincome": 6723900000, "changeToAccountReceivables": 1672400000, "changeToLiabilities": 0, "changeToInventory": -3492500000, "changeToOperatingActivities": -655200000, "totalCashFromOperatingActivities": 16191900000, "capitalExpenditures": -6080900000, "investments": -15002900000, "otherCashflowsFromInvestingActivities": 9985000000, "totalCashflowsFromInvestingActivities": -10969100000, "dividendsPaid": -5021100000, "netBorrowings": -535000000, "otherCashflowsFromFinancingActivities": 238000000, "totalCashFromFinancingActivities": -5318100000, "effectOfExchangeRate": 600000, "changeInCash": -94700000}, {"maxAge": 1, "endDate": "2019-03-31", "netIncome": 8455500000, "depreciation": 3290200000, "changeToNetincome": 6074100000, "changeToAccountReceivables": -1501800000, "changeToLiabilities": 0, "changeToInventory": -604600000, "changeToOperatingActivities": 1009100000, "totalCashFromOperatingActivities": 16867700000, "capitalExpenditures": -8112100000, "investments": -15898300000, "otherCashflowsFromInvestingActivities": 8381800000, "totalCashflowsFromInvestingActivities": -14374200000, "dividendsPaid": -2040000000, "netBorrowings": 283600000, "otherCashflowsFromFinancingActivities": -410200000, "totalCashFromFinancingActivities": -2166600000, "effectOfExchangeRate": -3500000, "changeInCash": 323400000}, {"maxAge": 1, "endDate": "2018-03-31", "netIncome": 6909600000, "depreciation": 2563300000, "changeToNetincome": 4038800000, "changeToAccountReceivables": -3546500000, "changeToLiabilities": 0, "changeToInventory": -3028400000, "changeToOperatingActivities": 2097900000, "totalCashFromOperatingActivities": 9143500000, "capitalExpenditures": -8076800000, "investments": -4348800000, "otherCashflowsFromInvestingActivities": 7048100000, "totalCashflowsFromInvestingActivities": -5365600000, "dividendsPaid": -2485400000, "netBorrowings": -1269300000, "otherCashflowsFromFinancingActivities": -106300000, "totalCashFromFinancingActivities": -3861000000, "effectOfExchangeRate": 19300000, "changeInCash": -63800000}, {"maxAge": 1, "endDate": "2017-03-31", "netIncome": 8010500000, "depreciation": 2134400000, "changeToNetincome": 4216100000, "changeToAccountReceivables": -262100000, "changeToLiabilities": 0, "changeToInventory": -4555300000, "changeToOperatingActivities": -257000000, "totalCashFromOperatingActivities": 9372600000, "capitalExpenditures": -4412100000, "investments": -9903300000, "otherCashflowsFromInvestingActivities": 7026200000, "totalCashflowsFromInvestingActivities": -7284500000, "dividendsPaid": -2032300000, "netBorrowings": 681900000, "otherCashflowsFromFinancingActivities": -468600000, "totalCashFromFinancingActivities": -1819000000, "effectOfExchangeRate": 14200000, "changeInCash": 283300000}], "maxAge": 86400}, "institutionOwnership": {"ownershipList": [], "maxAge": 1}, "balanceSheetHistoryQuarterly": {"balanceSheetStatements": [{"maxAge": 1, "endDate": "2020-06-30", "totalStockholderEquity": 64673200000, "netTangibleAssets": 57946700000}, {"maxAge": 1, "endDate": "2020-03-31", "cash": 3314700000, "shortTermInvestments": 1607800000, "netReceivables": 14828000000, "inventory": 24145600000, "otherCurrentAssets": 1530200000, "totalCurrentAssets": 54099500000, "longTermInvestments": 148204900000, "propertyPlantEquipment": 29807200000, "goodWill": 5819000000, "intangibleAssets": 907500000, "otherAssets": 4837800000, "deferredLongTermAssetCharges": 161000000, "totalAssets": 243675900000, "accountsPayable": 16055700000, "shortLongTermDebt": 32700000, "otherCurrentLiab": 12341200000, "longTermDebt": 88500000, "otherLiab": 144913700000, "minorityInterest": 469400000, "totalCurrentLiabilities": 32515500000, "totalLiab": 178533300000, "commonStock": 850000000, "retainedEarnings": 53836800000, "treasuryStock": 2607600000, "capitalSurplus": 7378800000, "otherStockholderEquity": 2607600000, "totalStockholderEquity": 64673200000, "netTangibleAssets": 57946700000}, {"maxAge": 1, "endDate": "2019-12-31", "totalStockholderEquity": 65017700000, "netTangibleAssets": 58356400000}, {"maxAge": 1, "endDate": "2019-09-30", "cash": 2524500000, "shortTermInvestments": 20717300000, "netReceivables": 12241400000, "inventory": 19657400000, "otherCurrentAssets": 2084700000, "totalCurrentAssets": 57225300000, "longTermInvestments": 141530000000, "propertyPlantEquipment": 28983500000, "goodWill": 5819000000, "intangibleAssets": 842300000, "otherAssets": 3626000000, "deferredLongTermAssetCharges": 77500000, "totalAssets": 238026100000, "accountsPayable": 16228000000, "otherCurrentLiab": 18295500000, "longTermDebt": 96400000, "otherLiab": 136163400000, "minorityInterest": 465700000, "totalCurrentLiabilities": 35214200000, "totalLiab": 172542700000, "commonStock": 850000000, "treasuryStock": 64167700000, "otherStockholderEquity": 64167700000, "totalStockholderEquity": 65017700000, "netTangibleAssets": 58356400000}], "maxAge": 86400}, "earningsHistory": {"history": [{"maxAge": 1, "epsActual": 1.82, "epsEstimate": 1.85, "epsDifference": -0.03, "surprisePercent": -0.016, "quarter": "2017-12-31", "period": "-4q"}, {"maxAge": 1, "epsActual": 2.23, "epsEstimate": 2.18, "epsDifference": 0.05, "surprisePercent": 0.023, "quarter": "2018-03-31", "period": "-3q"}, {"maxAge": 1, "epsActual": 2.47, "epsEstimate": 2.52, "epsDifference": -0.05, "surprisePercent": -0.02, "quarter": "2018-06-30", "period": "-2q"}, {"maxAge": 1, "epsActual": 3.16, "epsEstimate": 2.6, "epsDifference": 0.56, "surprisePercent": 0.215, "quarter": "2018-09-30", "period": "-1q"}], "maxAge": 86400}, "indexTrend": {"maxAge": 1, "symbol": "SP5", "peRatio": 19.7411, "pegRatio": 1.34172, "estimates": [{"period": "0q", "growth": 0.549}, {"period": "+1q", "growth": 0.431}, {"period": "0y", "growth": 0.305}, {"period": "+1y", "growth": 0.109}, {"period": "+5y", "growth": 0.120865}, {"period": "-5y"}]}, "industryTrend": {"maxAge": 1, "symbol": null, "estimates": []}, "insiderTransactions": {"transactions": [{"maxAge": 1, "shares": 5000, "filerUrl": "", "transactionText": "", "filerName": "Chatterjee (Gautam)", "filerRelation": "Chief Executive Director", "moneyText": "", "startDate": "2017-08-28", "ownership": "D"}, {"maxAge": 1, "shares": 5000, "filerUrl": "", "transactionText": "", "filerName": "Chatterjee (Gautam)", "filerRelation": "Chief Executive Director", "moneyText": "", "startDate": "2017-08-18", "ownership": "D"}], "maxAge": 1}, "quoteType": {"exchange": "BSE", "quoteType": "EQUITY", "symbol": "EXIDEIND.BO", "underlyingSymbol": "EXIDEIND.BO", "shortName": "EXIDE INDUSTRIES LTD.", "longName": "Exide Industries Limited", "firstTradeDateEpochUtc": "2002-07-01 09:15:00", "timeZoneFullName": "Asia/Kolkata", "timeZoneShortName": "IST", "uuid": "ffc5572a-7922-3fc2-aea3-c66af7850ecb", "gmtOffSetMilliseconds": 19800000, "maxAge": 1}, "incomeStatementHistory": {"incomeStatementHistory": [{"maxAge": 1, "endDate": "2020-03-31", "totalRevenue": 144710100000, "costOfRevenue": 64853000000, "grossProfit": 79857100000, "researchDevelopment": {}, "sellingGeneralAdministrative": 14485600000, "nonRecurring": {}, "otherOperatingExpenses": 34682300000, "totalOperatingExpenses": 118196700000, "operatingIncome": 26513400000, "totalOtherIncomeExpenseNet": -16794600000, "ebit": 26513400000, "interestExpense": -965900000, "incomeBeforeTax": 9718800000, "incomeTaxExpense": 2094000000, "minorityInterest": 469400000, "netIncomeFromContinuingOps": 7624800000, "discontinuedOperations": {}, "extraordinaryItems": {}, "effectOfAccountingCharges": {}, "otherItems": {}, "netIncome": 7767500000, "netIncomeApplicableToCommonShares": 7767500000}, {"maxAge": 1, "endDate": "2019-03-31", "totalRevenue": 147208800000, "costOfRevenue": 71594600000, "grossProfit": 75614200000, "researchDevelopment": {}, "sellingGeneralAdministrative": 14090200000, "nonRecurring": {}, "otherOperatingExpenses": 28660900000, "totalOperatingExpenses": 117781100000, "operatingIncome": 29427700000, "totalOtherIncomeExpenseNet": -16937600000, "ebit": 29427700000, "interestExpense": -1070800000, "incomeBeforeTax": 12490100000, "incomeTaxExpense": 4016600000, "minorityInterest": 330000000, "netIncomeFromContinuingOps": 8473500000, "discontinuedOperations": {}, "extraordinaryItems": {}, "effectOfAccountingCharges": {}, "otherItems": {}, "netIncome": 8455500000, "netIncomeApplicableToCommonShares": 8455500000}, {"maxAge": 1, "endDate": "2018-03-31", "totalRevenue": 128080800000, "costOfRevenue": 61923500000, "grossProfit": 66157300000, "researchDevelopment": {}, "sellingGeneralAdministrative": 12884800000, "nonRecurring": {}, "otherOperatingExpenses": 25750500000, "totalOperatingExpenses": 103230900000, "operatingIncome": 24849900000, "totalOtherIncomeExpenseNet": -14371200000, "ebit": 24849900000, "interestExpense": -1056500000, "incomeBeforeTax": 10478700000, "incomeTaxExpense": 3537700000, "minorityInterest": 180900000, "netIncomeFromContinuingOps": 6941000000, "discontinuedOperations": {}, "extraordinaryItems": {}, "effectOfAccountingCharges": {}, "otherItems": {}, "netIncome": 6909600000, "netIncomeApplicableToCommonShares": 6909600000}, {"maxAge": 1, "endDate": "2017-03-31", "totalRevenue": 111786300000, "costOfRevenue": 48437800000, "grossProfit": 63348500000, "researchDevelopment": {}, "sellingGeneralAdministrative": 11852500000, "nonRecurring": {}, "otherOperatingExpenses": 22327500000, "totalOperatingExpenses": 84838200000, "operatingIncome": 26948100000, "totalOtherIncomeExpenseNet": -15976700000, "ebit": 26948100000, "interestExpense": -1462900000, "incomeBeforeTax": 10971400000, "incomeTaxExpense": 2931200000, "minorityInterest": 157600000, "netIncomeFromContinuingOps": 8040200000, "discontinuedOperations": {}, "extraordinaryItems": {}, "effectOfAccountingCharges": {}, "otherItems": {}, "netIncome": 8010500000, "netIncomeApplicableToCommonShares": 8010500000}], "maxAge": 86400}, "fundOwnership": {"ownershipList": [], "maxAge": 1}, "summaryDetail": {"maxAge": 1, "priceHint": 2, "previousClose": 178.1, "open": 181.0, "dayLow": 176.9, "dayHigh": 182.7, "regularMarketPreviousClose": 178.1, "regularMarketOpen": 181.0, "regularMarketDayLow": 176.9, "regularMarketDayHigh": 182.7, "trailingPE": 24.79788, "forwardPE": 19.087982, "volume": 440465, "regularMarketVolume": 440465, "averageVolume": 270543, "averageVolume10days": 343042, "averageDailyVolume10Day": 343042, "bid": 177.55, "ask": 177.85, "bidSize": 0, "askSize": 0, "marketCap": 151214997504, "fiftyTwoWeekLow": 121.9, "fiftyTwoWeekHigh": 209.1, "fiftyDayAverage": 194.4697, "twoHundredDayAverage": 172.62537, "trailingAnnualDividendRate": 4.1, "trailingAnnualDividendYield": 0.023020774, "currency": "INR", "fromCurrency": null, "lastMarket": null, "algorithm": null, "tradeable": false}, "sectorTrend": {"maxAge": 1, "symbol": null, "estimates": []}, "incomeStatementHistoryQuarterly": {"incomeStatementHistory": [{"maxAge": 1, "endDate": "2020-06-30", "totalRevenue": 25261100000, "costOfRevenue": 10964200000, "grossProfit": 14296900000, "researchDevelopment": {}, "sellingGeneralAdministrative": 2309500000, "nonRecurring": {}, "otherOperatingExpenses": 5284900000, "totalOperatingExpenses": 19606400000, "operatingIncome": 5654700000, "totalOtherIncomeExpenseNet": -5614800000, "ebit": 5654700000, "interestExpense": -353800000, "incomeBeforeTax": 39900000, "incomeTaxExpense": 175500000, "minorityInterest": {}, "netIncomeFromContinuingOps": -135600000, "discontinuedOperations": {}, "extraordinaryItems": {}, "effectOfAccountingCharges": {}, "otherItems": {}, "netIncome": -106800000, "netIncomeApplicableToCommonShares": -106800000}, {"maxAge": 1, "endDate": "2020-03-31", "totalRevenue": 34746800000, "costOfRevenue": 14142600000, "grossProfit": 20604200000, "researchDevelopment": {}, "sellingGeneralAdministrative": 6036000000, "nonRecurring": {}, "otherOperatingExpenses": 9011300000, "totalOperatingExpenses": 30268700000, "operatingIncome": 4478100000, "totalOtherIncomeExpenseNet": -2013100000, "ebit": 4478100000, "interestExpense": -136500000, "incomeBeforeTax": 2465000000, "incomeTaxExpense": 109300000, "minorityInterest": 469400000, "netIncomeFromContinuingOps": 2355700000, "discontinuedOperations": {}, "extraordinaryItems": {}, "effectOfAccountingCharges": {}, "otherItems": {}, "netIncome": 2484700000, "netIncomeApplicableToCommonShares": 2484700000}, {"maxAge": 1, "endDate": "2019-12-31", "totalRevenue": 35536400000, "costOfRevenue": 15662300000, "grossProfit": 19874100000, "researchDevelopment": {}, "sellingGeneralAdministrative": 2763500000, "nonRecurring": {}, "otherOperatingExpenses": 8931800000, "totalOperatingExpenses": 28420600000, "operatingIncome": 7115800000, "totalOtherIncomeExpenseNet": -5555300000, "ebit": 7115800000, "interestExpense": -295000000, "incomeBeforeTax": 1560500000, "incomeTaxExpense": 379000000, "minorityInterest": 469400000, "netIncomeFromContinuingOps": 1181500000, "discontinuedOperations": {}, "extraordinaryItems": {}, "effectOfAccountingCharges": {}, "otherItems": {}, "netIncome": 1188800000, "netIncomeApplicableToCommonShares": 1188800000}, {"maxAge": 1, "endDate": "2019-09-30", "totalRevenue": 37785100000, "costOfRevenue": 16974500000, "grossProfit": 20810600000, "researchDevelopment": {}, "sellingGeneralAdministrative": 2996800000, "nonRecurring": {}, "otherOperatingExpenses": 8510500000, "totalOperatingExpenses": 29511000000, "operatingIncome": 8274100000, "totalOtherIncomeExpenseNet": -5353800000, "ebit": 8274100000, "interestExpense": -239100000, "incomeBeforeTax": 2920300000, "incomeTaxExpense": 448500000, "minorityInterest": 465700000, "netIncomeFromContinuingOps": 2471800000, "discontinuedOperations": {}, "extraordinaryItems": {}, "effectOfAccountingCharges": {}, "otherItems": {}, "netIncome": 2475300000, "netIncomeApplicableToCommonShares": 2475300000}], "maxAge": 86400}, "cashflowStatementHistoryQuarterly": {"cashflowStatements": [{"maxAge": 1, "endDate": "2020-06-30", "netIncome": -106800000, "changeToLiabilities": 0}, {"maxAge": 1, "endDate": "2020-03-31", "netIncome": 2484700000, "changeToLiabilities": 0}, {"maxAge": 1, "endDate": "2019-12-31", "netIncome": 1188800000, "changeToLiabilities": 0}, {"maxAge": 1, "endDate": "2019-09-30", "netIncome": 2475300000, "changeToLiabilities": 0}], "maxAge": 86400}, "insiderHolders": {"holders": [{"maxAge": 1, "name": "Chatterjee (Gautam)", "relation": "Chief Executive Director", "url": "", "transactionDescription": "Acquisition", "latestTransDate": "2017-08-28", "positionDirect": 10000, "positionDirectDate": "2017-08-28"}], "maxAge": 1}, "earnings": {"maxAge": 86400, "earningsChart": {"quarterly": [{"date": "4Q2017", "actual": 1.82, "estimate": 1.85}, {"date": "1Q2018", "actual": 2.23, "estimate": 2.18}, {"date": "2Q2018", "actual": 2.47, "estimate": 2.52}, {"date": "3Q2018", "actual": 3.16, "estimate": 2.6}], "currentQuarterEstimateDate": "4Q", "currentQuarterEstimateYear": 2018, "earningsDate": []}, "financialsChart": {"yearly": [{"date": 2017, "revenue": 111786300000, "earnings": 8010500000}, {"date": 2018, "revenue": 128080800000, "earnings": 6909600000}, {"date": 2019, "revenue": 147208800000, "earnings": 8455500000}, {"date": 2020, "revenue": 144710100000, "earnings": 7767500000}], "quarterly": [{"date": "3Q2019", "revenue": 37785100000, "earnings": 2475300000}, {"date": "4Q2019", "revenue": 35536400000, "earnings": 1188800000}, {"date": "1Q2020", "revenue": 34746800000, "earnings": 2484700000}, {"date": "2Q2020", "revenue": 25261100000, "earnings": -106800000}]}, "financialCurrency": "INR"}, "calendarEvents": {"maxAge": 1, "earnings": {"earningsDate": [], "revenueAverage": 26454800000, "revenueLow": 26086000000, "revenueHigh": 26935000000}}, "upgradeDowngradeHistory": {"history": [], "maxAge": 86400}, "price": {"maxAge": 1, "regularMarketChangePercent": -0.0011230331, "regularMarketChange": -0.2000122, "regularMarketTime": "2021-04-30 15:54:55", "priceHint": 2, "regularMarketPrice": 177.9, "regularMarketDayHigh": 182.7, "regularMarketDayLow": 176.9, "regularMarketVolume": 440465, "averageDailyVolume10Day": 343042, "averageDailyVolume3Month": 270543, "regularMarketPreviousClose": 178.1, "regularMarketSource": "FREE_REALTIME", "regularMarketOpen": 181.0, "exchange": "BSE", "exchangeName": "BSE", "exchangeDataDelayedBy": 0, "marketState": "CLOSED", "quoteType": "EQUITY", "symbol": "EXIDEIND.BO", "underlyingSymbol": null, "shortName": "EXIDE INDUSTRIES LTD.", "longName": "Exide Industries Limited", "currency": "INR", "quoteSourceName": "Delayed Quote", "currencySymbol": "\u20b9", "fromCurrency": null, "lastMarket": null, "marketCap": 151214997504}, "balanceSheetHistory": {"balanceSheetStatements": [{"maxAge": 1, "endDate": "2020-03-31", "cash": 3314700000, "shortTermInvestments": 1607800000, "netReceivables": 14828000000, "inventory": 24145600000, "otherCurrentAssets": 1530200000, "totalCurrentAssets": 54099500000, "longTermInvestments": 148204900000, "propertyPlantEquipment": 29807200000, "goodWill": 5819000000, "intangibleAssets": 907500000, "otherAssets": 4837800000, "deferredLongTermAssetCharges": 161000000, "totalAssets": 243675900000, "accountsPayable": 16055700000, "shortLongTermDebt": 32700000, "otherCurrentLiab": 12341200000, "longTermDebt": 88500000, "otherLiab": 144913700000, "minorityInterest": 469400000, "totalCurrentLiabilities": 32515500000, "totalLiab": 178533300000, "commonStock": 850000000, "retainedEarnings": 53836800000, "treasuryStock": 2607600000, "capitalSurplus": 7378800000, "otherStockholderEquity": 2607600000, "totalStockholderEquity": 64673200000, "netTangibleAssets": 57946700000}, {"maxAge": 1, "endDate": "2019-03-31", "cash": 3409400000, "shortTermInvestments": 1434900000, "netReceivables": 16293400000, "inventory": 20653100000, "otherCurrentAssets": 2943800000, "totalCurrentAssets": 54604700000, "longTermInvestments": 132215500000, "propertyPlantEquipment": 27213700000, "goodWill": 5819000000, "intangibleAssets": 765900000, "otherAssets": 3790700000, "deferredLongTermAssetCharges": 100100000, "totalAssets": 224409500000, "accountsPayable": 15768600000, "shortLongTermDebt": 41700000, "otherCurrentLiab": 12543300000, "longTermDebt": 97500000, "otherLiab": 129162100000, "minorityInterest": 330000000, "totalCurrentLiabilities": 33751300000, "totalLiab": 163010900000, "commonStock": 850000000, "retainedEarnings": 51187400000, "treasuryStock": 1652400000, "capitalSurplus": 7378800000, "otherStockholderEquity": 1652400000, "totalStockholderEquity": 61068600000, "netTangibleAssets": 54483700000}, {"maxAge": 1, "endDate": "2018-03-31", "cash": 3174600000, "shortTermInvestments": 1200800000, "netReceivables": 14546200000, "inventory": 20048500000, "otherCurrentAssets": 3332000000, "totalCurrentAssets": 50892100000, "longTermInvestments": 115362000000, "propertyPlantEquipment": 23020700000, "goodWill": 5819000000, "intangibleAssets": 382900000, "otherAssets": 2745500000, "deferredLongTermAssetCharges": 69900000, "totalAssets": 198222200000, "accountsPayable": 15193900000, "shortLongTermDebt": 4800000, "otherCurrentLiab": 9972900000, "longTermDebt": 89000000, "otherLiab": 113118400000, "minorityInterest": 180900000, "totalCurrentLiabilities": 30542100000, "totalLiab": 143749500000, "commonStock": 850000000, "retainedEarnings": 45168000000, "treasuryStock": 895000000, "capitalSurplus": 7378800000, "otherStockholderEquity": 895000000, "totalStockholderEquity": 54291800000, "netTangibleAssets": 48089900000}, {"maxAge": 1, "endDate": "2017-03-31", "cash": 3235300000, "shortTermInvestments": 1149200000, "netReceivables": 10413600000, "inventory": 17020100000, "otherCurrentAssets": 1723900000, "totalCurrentAssets": 48352900000, "longTermInvestments": 102970200000, "propertyPlantEquipment": 17940100000, "goodWill": 5819000000, "intangibleAssets": 316200000, "otherAssets": 2318700000, "deferredLongTermAssetCharges": 64500000, "totalAssets": 177717100000, "accountsPayable": 12158600000, "shortLongTermDebt": 17600000, "otherCurrentLiab": 8376800000, "longTermDebt": 7800000, "otherLiab": 101155100000, "minorityInterest": 157600000, "totalCurrentLiabilities": 26075300000, "totalLiab": 127238200000, "commonStock": 850000000, "retainedEarnings": 40819400000, "treasuryStock": 1273100000, "capitalSurplus": 7378800000, "otherStockholderEquity": 1273100000, "totalStockholderEquity": 50321300000, "netTangibleAssets": 44186100000}], "maxAge": 86400}, "earningsTrend": {"trend": [{"maxAge": 1, "period": "0q", "endDate": "2018-12-31", "growth": {}, "earningsEstimate": {"avg": 0.0, "low": 0.0, "high": 0.0, "yearAgoEps": 1.82, "numberOfAnalysts": 0, "growth": {}}, "revenueEstimate": {"avg": 26454800000, "low": 26086000000, "high": 26935000000, "numberOfAnalysts": 4, "yearAgoRevenue": 22765400000, "growth": 0.162}, "epsTrend": {"current": 0.0, "7daysAgo": 2.27, "30daysAgo": 2.27, "60daysAgo": 2.27, "90daysAgo": 2.27}, "epsRevisions": {"upLast7days": 0, "upLast30days": 0, "downLast30days": 0, "downLast90days": {}}}, {"maxAge": 1, "period": "+1q", "endDate": "2019-03-31", "growth": {}, "earningsEstimate": {"avg": 0.0, "low": 0.0, "high": 0.0, "yearAgoEps": 2.23, "numberOfAnalysts": 0, "growth": {}}, "revenueEstimate": {"avg": 27700200000, "low": 26629000000, "high": 29395000000, "numberOfAnalysts": 4, "yearAgoRevenue": 24594100000, "growth": 0.126}, "epsTrend": {"current": 0.0, "7daysAgo": 2.65, "30daysAgo": 2.65, "60daysAgo": 2.65, "90daysAgo": 2.65}, "epsRevisions": {"upLast7days": 0, "upLast30days": 0, "downLast30days": 0, "downLast90days": {}}}, {"maxAge": 1, "period": "0y", "endDate": "2019-03-31", "growth": {}, "earningsEstimate": {"avg": 0.0, "low": 0.0, "high": 0.0, "yearAgoEps": {}, "numberOfAnalysts": 0, "growth": {}}, "revenueEstimate": {"avg": 107970000000, "low": 103837000000, "high": 112627000000, "numberOfAnalysts": 25, "yearAgoRevenue": 91863200000, "growth": 0.175}, "epsTrend": {"current": 0.0, "7daysAgo": 9.76, "30daysAgo": 9.76, "60daysAgo": 9.76, "90daysAgo": 9.76}, "epsRevisions": {"upLast7days": 0, "upLast30days": 0, "downLast30days": 0, "downLast90days": {}}}, {"maxAge": 1, "period": "+1y", "endDate": "2020-03-31", "growth": {}, "earningsEstimate": {"avg": 0.0, "low": 0.0, "high": 0.0, "yearAgoEps": {}, "numberOfAnalysts": 0, "growth": {}}, "revenueEstimate": {"avg": 123259000000, "low": 117451000000, "high": 130950000000, "numberOfAnalysts": 25, "yearAgoRevenue": 107970000000, "growth": 0.142}, "epsTrend": {"current": 0.0, "7daysAgo": 11.66, "30daysAgo": 11.66, "60daysAgo": 11.66, "90daysAgo": 11.66}, "epsRevisions": {"upLast7days": 0, "upLast30days": 0, "downLast30days": 0, "downLast90days": {}}}, {"maxAge": 1, "period": "+5y", "endDate": null, "growth": 0.073, "earningsEstimate": {"avg": {}, "low": {}, "high": {}, "yearAgoEps": {}, "numberOfAnalysts": {}, "growth": {}}, "revenueEstimate": {"avg": {}, "low": {}, "high": {}, "numberOfAnalysts": {}, "yearAgoRevenue": {}, "growth": {}}, "epsTrend": {"current": {}, "7daysAgo": {}, "30daysAgo": {}, "60daysAgo": {}, "90daysAgo": {}}, "epsRevisions": {"upLast7days": {}, "upLast30days": {}, "downLast30days": {}, "downLast90days": {}}}, {"maxAge": 1, "period": "-5y", "endDate": null, "growth": {}, "earningsEstimate": {"avg": {}, "low": {}, "high": {}, "yearAgoEps": {}, "numberOfAnalysts": {}, "growth": {}}, "revenueEstimate": {"avg": {}, "low": {}, "high": {}, "numberOfAnalysts": {}, "yearAgoRevenue": {}, "growth": {}}, "epsTrend": {"current": {}, "7daysAgo": {}, "30daysAgo": {}, "60daysAgo": {}, "90daysAgo": {}}, "epsRevisions": {"upLast7days": {}, "upLast30days": {}, "downLast30days": {}, "downLast90days": {}}}], "maxAge": 1}, "financialData": {"maxAge": 86400, "currentPrice": 177.9, "targetHighPrice": 335.0, "targetLowPrice": 180.0, "targetMeanPrice": 284.04, "targetMedianPrice": 290.0, "recommendationKey": "none", "numberOfAnalystOpinions": 28, "grossProfits": 79857100000, "financialCurrency": "INR"}}}