{"EXPOGAS.BO": {"cashflowStatementHistory": {"cashflowStatements": [{"maxAge": 1, "endDate": "2020-03-31", "netIncome": 3565794, "depreciation": 6100624, "changeToNetincome": 20778157, "changeToAccountReceivables": 14000098, "changeToLiabilities": 0, "changeToInventory": -23248429, "changeToOperatingActivities": -78593568, "totalCashFromOperatingActivities": -57397324, "capitalExpenditures": -2415160, "totalCashflowsFromInvestingActivities": -2415160, "netBorrowings": 56646104, "totalCashFromFinancingActivities": 56646104, "changeInCash": -3166381}, {"maxAge": 1, "endDate": "2019-03-31", "netIncome": 10021978, "depreciation": 6354074, "changeToNetincome": -1895609, "changeToAccountReceivables": -23819555, "changeToLiabilities": 0, "changeToInventory": -9300909, "changeToOperatingActivities": -29874557, "totalCashFromOperatingActivities": -48514578, "capitalExpenditures": -2415160, "totalCashflowsFromInvestingActivities": -2415160, "netBorrowings": 27047804, "totalCashFromFinancingActivities": 27047804, "changeInCash": -21466773}, {"maxAge": 1, "endDate": "2018-03-31", "netIncome": 900145, "depreciation": 6470891, "changeToNetincome": 1728303, "changeToAccountReceivables": -17778754, "changeToLiabilities": 0, "changeToInventory": -36215974, "changeToOperatingActivities": 35747537, "totalCashFromOperatingActivities": -9147852, "capitalExpenditures": -2435368, "totalCashflowsFromInvestingActivities": -1330131, "netBorrowings": 27634733, "totalCashFromFinancingActivities": 27634733, "changeInCash": 17156749}, {"maxAge": 1, "endDate": "2017-03-31", "netIncome": 1059480, "depreciation": 6399540, "changeToNetincome": 1800626, "changeToAccountReceivables": -9811124, "changeToLiabilities": 0, "changeToInventory": -9175190, "changeToOperatingActivities": -12145008, "totalCashFromOperatingActivities": -21871676, "capitalExpenditures": -94000, "totalCashflowsFromInvestingActivities": -94000, "netBorrowings": 5967528, "otherCashflowsFromFinancingActivities": 1, "totalCashFromFinancingActivities": 5967529, "changeInCash": -15998147}], "maxAge": 86400}, "institutionOwnership": {"ownershipList": [], "maxAge": 1}, "balanceSheetHistoryQuarterly": {"balanceSheetStatements": [{"maxAge": 1, "endDate": "2020-06-30"}, {"maxAge": 1, "endDate": "2020-03-31", "cash": 877283, "shortTermInvestments": 9613703, "netReceivables": 242727482, "inventory": 334190512, "totalCurrentAssets": 587408980, "longTermInvestments": 25000, "propertyPlantEquipment": 49791523, "otherAssets": 18963388, "deferredLongTermAssetCharges": 18963388, "totalAssets": 656188891, "accountsPayable": 11286980, "otherCurrentLiab": 18322345, "longTermDebt": 139034935, "totalCurrentLiabilities": 275171300, "totalLiab": 414206235, "commonStock": 76145600, "retainedEarnings": 107428451, "treasuryStock": 4236400, "capitalSurplus": 54172205, "otherStockholderEquity": 4236400, "totalStockholderEquity": 241982656, "netTangibleAssets": 241982656}, {"maxAge": 1, "endDate": "2019-12-31", "cash": 877283, "shortTermInvestments": 9613703, "netReceivables": 242727482, "inventory": 334190512, "totalCurrentAssets": 587408980, "longTermInvestments": 25000, "propertyPlantEquipment": 49791523, "otherAssets": 18963388, "deferredLongTermAssetCharges": 18963388, "totalAssets": 656188891, "accountsPayable": 11286980, "otherCurrentLiab": 18322345, "longTermDebt": 139034935, "totalCurrentLiabilities": 275171300, "totalLiab": 414206235, "commonStock": 76145600, "retainedEarnings": 107428451, "treasuryStock": 4236400, "capitalSurplus": 54172205, "otherStockholderEquity": 4236400, "totalStockholderEquity": 241982656, "netTangibleAssets": 241982656}, {"maxAge": 1, "endDate": "2019-09-30", "cash": 12419000, "netReceivables": 246731000, "inventory": 313040000, "totalCurrentAssets": 572190000, "longTermInvestments": 25000, "propertyPlantEquipment": 52791000, "otherAssets": 39741000, "deferredLongTermAssetCharges": 39742000, "totalAssets": 664747000, "accountsPayable": 43304000, "otherCurrentLiab": 23462000, "longTermDebt": 190803000, "otherLiab": -1000, "totalCurrentLiabilities": 229879000, "totalLiab": 420681000, "commonStock": 76146000, "treasuryStock": 167920000, "otherStockholderEquity": 167920000, "totalStockholderEquity": 244066000, "netTangibleAssets": 244066000}], "maxAge": 86400}, "indexTrend": {"maxAge": 1, "symbol": "SP5", "peRatio": 19.7411, "pegRatio": 1.34172, "estimates": [{"period": "0q", "growth": 0.549}, {"period": "+1q", "growth": 0.431}, {"period": "0y", "growth": 0.305}, {"period": "+1y", "growth": 0.109}, {"period": "+5y", "growth": 0.120859005}, {"period": "-5y"}]}, "insiderTransactions": {"transactions": [{"maxAge": 1, "shares": 160970, "filerUrl": "", "transactionText": "", "filerName": "Mewawala (Shahida)", "filerRelation": "Promoter", "moneyText": "", "startDate": "2016-12-22", "ownership": "D"}, {"maxAge": 1, "shares": 339341, "filerUrl": "", "transactionText": "", "filerName": "Mewawala (Murtuza S)", "filerRelation": "Chairman of the Board", "moneyText": "", "startDate": "2016-04-11", "ownership": "D"}], "maxAge": 1}, "quoteType": {"exchange": "BSE", "quoteType": "EQUITY", "symbol": "EXPOGAS.BO", "underlyingSymbol": "EXPOGAS.BO", "shortName": "EXPO GAS CONTAINERS LTD.", "longName": "Expo Gas Containers Ltd", "firstTradeDateEpochUtc": "2002-07-03 09:15:00", "timeZoneFullName": "Asia/Kolkata", "timeZoneShortName": "IST", "uuid": "97141401-f570-3dd2-8ceb-c17f3dbaa308", "gmtOffSetMilliseconds": 19800000, "maxAge": 1}, "incomeStatementHistory": {"incomeStatementHistory": [{"maxAge": 1, "endDate": "2020-03-31", "totalRevenue": 504738081, "costOfRevenue": 232674217, "grossProfit": 272063864, "researchDevelopment": {}, "sellingGeneralAdministrative": 84876351, "nonRecurring": {}, "otherOperatingExpenses": 131074652, "totalOperatingExpenses": 454725844, "operatingIncome": 50012237, "totalOtherIncomeExpenseNet": -43272014, "ebit": 50012237, "interestExpense": -39949281, "incomeBeforeTax": 6740223, "incomeTaxExpense": 3174429, "minorityInterest": {}, "netIncomeFromContinuingOps": 3565794, "discontinuedOperations": {}, "extraordinaryItems": {}, "effectOfAccountingCharges": {}, "otherItems": {}, "netIncome": 3565794, "netIncomeApplicableToCommonShares": 3565794}, {"maxAge": 1, "endDate": "2019-03-31", "totalRevenue": 600610156, "costOfRevenue": 265967921, "grossProfit": 334642235, "researchDevelopment": {}, "sellingGeneralAdministrative": 117651735, "nonRecurring": {}, "otherOperatingExpenses": 158523321, "totalOperatingExpenses": 548497051, "operatingIncome": 52113105, "totalOtherIncomeExpenseNet": -39592459, "ebit": 52113105, "interestExpense": -34267691, "incomeBeforeTax": 12520646, "incomeTaxExpense": 2498668, "minorityInterest": {}, "netIncomeFromContinuingOps": 10021978, "discontinuedOperations": {}, "extraordinaryItems": {}, "effectOfAccountingCharges": {}, "otherItems": {}, "netIncome": 10021978, "netIncomeApplicableToCommonShares": 10021978}, {"maxAge": 1, "endDate": "2018-03-31", "totalRevenue": 500300162, "costOfRevenue": 233726295, "grossProfit": 266573867, "researchDevelopment": {}, "sellingGeneralAdministrative": 81362318, "nonRecurring": {}, "otherOperatingExpenses": 127336797, "totalOperatingExpenses": 448896301, "operatingIncome": 51403861, "totalOtherIncomeExpenseNet": -40873438, "ebit": 51403861, "interestExpense": -36910954, "incomeBeforeTax": 10530423, "incomeTaxExpense": 9630278, "minorityInterest": {}, "netIncomeFromContinuingOps": 900145, "discontinuedOperations": {}, "extraordinaryItems": {}, "effectOfAccountingCharges": {}, "otherItems": {}, "netIncome": 900145, "netIncomeApplicableToCommonShares": 900145}, {"maxAge": 1, "endDate": "2017-03-31", "totalRevenue": 361491659, "costOfRevenue": 84514033, "grossProfit": 276977626, "researchDevelopment": {}, "sellingGeneralAdministrative": 78717531, "nonRecurring": {}, "otherOperatingExpenses": 147771705, "totalOperatingExpenses": 317402809, "operatingIncome": 44088850, "totalOtherIncomeExpenseNet": -35879941, "ebit": 44088850, "interestExpense": -37399955, "incomeBeforeTax": 8208909, "incomeTaxExpense": 7149429, "minorityInterest": {}, "netIncomeFromContinuingOps": 1059480, "discontinuedOperations": {}, "extraordinaryItems": {}, "effectOfAccountingCharges": {}, "otherItems": {}, "netIncome": 1059480, "netIncomeApplicableToCommonShares": 1059480}], "maxAge": 86400}, "fundOwnership": {"ownershipList": [], "maxAge": 1}, "summaryDetail": {"maxAge": 1, "priceHint": 2, "previousClose": 6.94, "open": 6.82, "dayLow": 6.66, "dayHigh": 7.27, "regularMarketPreviousClose": 6.94, "regularMarketOpen": 6.82, "regularMarketDayLow": 6.66, "regularMarketDayHigh": 7.27, "volume": 24775, "regularMarketVolume": 24775, "averageVolume": 8379, "averageVolume10days": 1457, "averageDailyVolume10Day": 1457, "bid": 7.23, "ask": 0.0, "bidSize": 0, "askSize": 0, "marketCap": 137633168, "fiftyTwoWeekLow": 1.65, "fiftyTwoWeekHigh": 7.27, "fiftyDayAverage": 5.9939394, "twoHundredDayAverage": 3.7533088, "currency": "INR", "fromCurrency": null, "lastMarket": null, "algorithm": null, "tradeable": false}, "incomeStatementHistoryQuarterly": {"incomeStatementHistory": [{"maxAge": 1, "endDate": "2020-06-30", "totalRevenue": 30891000, "costOfRevenue": 11372000, "grossProfit": 19519000, "researchDevelopment": {}, "sellingGeneralAdministrative": 8703000, "nonRecurring": {}, "otherOperatingExpenses": 21591000, "totalOperatingExpenses": 43191000, "operatingIncome": -12300000, "totalOtherIncomeExpenseNet": -7848000, "ebit": -12300000, "interestExpense": -7868000, "incomeBeforeTax": -20148000, "incomeTaxExpense": 0, "minorityInterest": {}, "netIncomeFromContinuingOps": -20148000, "discontinuedOperations": {}, "extraordinaryItems": {}, "effectOfAccountingCharges": {}, "otherItems": {}, "netIncome": -20148000, "netIncomeApplicableToCommonShares": -20148000}, {"maxAge": 1, "endDate": "2020-03-31", "totalRevenue": 142746041, "costOfRevenue": 63820609, "grossProfit": 78925432, "researchDevelopment": {}, "sellingGeneralAdministrative": 23742176, "nonRecurring": {}, "otherOperatingExpenses": 41530826, "totalOperatingExpenses": 130593422, "operatingIncome": 12152619, "totalOtherIncomeExpenseNet": -11607008, "ebit": 12152619, "interestExpense": -9946641, "incomeBeforeTax": 545612, "incomeTaxExpense": 1587215, "minorityInterest": {}, "netIncomeFromContinuingOps": -1041603, "discontinuedOperations": {}, "extraordinaryItems": {}, "effectOfAccountingCharges": {}, "otherItems": {}, "netIncome": -1041603, "netIncomeApplicableToCommonShares": -1041603}, {"maxAge": 1, "endDate": "2019-12-31", "totalRevenue": 142746041, "costOfRevenue": 63820609, "grossProfit": 78925432, "researchDevelopment": {}, "sellingGeneralAdministrative": 23742176, "nonRecurring": {}, "otherOperatingExpenses": 41530826, "totalOperatingExpenses": 130593422, "operatingIncome": 12152619, "totalOtherIncomeExpenseNet": -11607008, "ebit": 12152619, "interestExpense": -9946641, "incomeBeforeTax": 545612, "incomeTaxExpense": 1587215, "minorityInterest": {}, "netIncomeFromContinuingOps": -1041603, "discontinuedOperations": {}, "extraordinaryItems": {}, "effectOfAccountingCharges": {}, "otherItems": {}, "netIncome": -1041603, "netIncomeApplicableToCommonShares": -1041603}, {"maxAge": 1, "endDate": "2019-09-30", "totalRevenue": 105540000, "costOfRevenue": 52063000, "grossProfit": 53477000, "researchDevelopment": {}, "sellingGeneralAdministrative": 18190000, "nonRecurring": {}, "otherOperatingExpenses": 21339000, "totalOperatingExpenses": 93118000, "operatingIncome": 12422000, "totalOtherIncomeExpenseNet": -9789000, "ebit": 12422000, "interestExpense": -9789000, "incomeBeforeTax": 2633000, "incomeTaxExpense": 0, "minorityInterest": {}, "netIncomeFromContinuingOps": 2633000, "discontinuedOperations": {}, "extraordinaryItems": {}, "effectOfAccountingCharges": {}, "otherItems": {}, "netIncome": 2633000, "netIncomeApplicableToCommonShares": 2633000}], "maxAge": 86400}, "cashflowStatementHistoryQuarterly": {"cashflowStatements": [{"maxAge": 1, "endDate": "2020-06-30", "netIncome": -20148000, "changeToLiabilities": 0}, {"maxAge": 1, "endDate": "2020-03-31", "netIncome": -1041603, "depreciation": 1499812, "changeToNetincome": 10389079, "changeToAccountReceivables": -7259451, "changeToLiabilities": 0, "changeToInventory": -10575215, "changeToOperatingActivities": -7020284, "totalCashFromOperatingActivities": -14007662, "capitalExpenditures": -80, "totalCashflowsFromInvestingActivities": -80, "netBorrowings": 13043052, "otherCashflowsFromFinancingActivities": 500, "totalCashFromFinancingActivities": 13043552, "changeInCash": -964191}, {"maxAge": 1, "endDate": "2019-12-31", "netIncome": -1041603, "depreciation": 1499812, "changeToNetincome": 10389079, "changeToAccountReceivables": -7259451, "changeToLiabilities": 0, "changeToInventory": -10575215, "changeToOperatingActivities": -7020284, "totalCashFromOperatingActivities": -14007662, "capitalExpenditures": -80, "totalCashflowsFromInvestingActivities": -80, "netBorrowings": 13043052, "otherCashflowsFromFinancingActivities": 500, "totalCashFromFinancingActivities": 13043552, "changeInCash": -964191}, {"maxAge": 1, "endDate": "2019-09-30", "netIncome": 2633000, "depreciation": 1499812, "changeToNetincome": 10389079, "changeToAccountReceivables": -7259451, "changeToLiabilities": 0, "changeToInventory": -10575215, "changeToOperatingActivities": -7020284, "totalCashFromOperatingActivities": -14007662, "capitalExpenditures": -80, "totalCashflowsFromInvestingActivities": -80, "netBorrowings": 13043052, "otherCashflowsFromFinancingActivities": 500, "totalCashFromFinancingActivities": 13043552, "changeInCash": -964191}], "maxAge": 86400}, "insiderHolders": {"holders": [{"maxAge": 1, "name": "Mewawala (Murtuza S)", "relation": "Chairman of the Board", "url": "", "transactionDescription": "Purchase", "latestTransDate": "2016-04-11", "positionDirect": 407621, "positionDirectDate": "2016-04-11"}, {"maxAge": 1, "name": "Mewawala (Shahida)", "relation": "Promoter", "url": "", "transactionDescription": "Purchase", "latestTransDate": "2016-12-22", "positionDirect": 281970, "positionDirectDate": "2016-12-22"}], "maxAge": 1}, "calendarEvents": {"maxAge": 1, "earnings": {"earningsDate": ["2020-07-27 05:30:S"]}}, "upgradeDowngradeHistory": {"history": [], "maxAge": 86400}, "price": {"maxAge": 1, "regularMarketChangePercent": 0.041786738, "regularMarketChange": 0.28999996, "regularMarketTime": "2021-04-30 15:58:04", "priceHint": 2, "regularMarketPrice": 7.23, "regularMarketDayHigh": 7.27, "regularMarketDayLow": 6.66, "regularMarketVolume": 24775, "averageDailyVolume10Day": 1457, "averageDailyVolume3Month": 8379, "regularMarketPreviousClose": 6.94, "regularMarketSource": "FREE_REALTIME", "regularMarketOpen": 6.82, "exchange": "BSE", "exchangeName": "BSE", "exchangeDataDelayedBy": 0, "marketState": "CLOSED", "quoteType": "EQUITY", "symbol": "EXPOGAS.BO", "underlyingSymbol": null, "shortName": "EXPO GAS CONTAINERS LTD.", "longName": "Expo Gas Containers Ltd", "currency": "INR", "quoteSourceName": "Delayed Quote", "currencySymbol": "\u20b9", "fromCurrency": null, "lastMarket": null, "marketCap": 137633168}, "balanceSheetHistory": {"balanceSheetStatements": [{"maxAge": 1, "endDate": "2020-03-31", "cash": 877283, "shortTermInvestments": 9613703, "netReceivables": 242727482, "inventory": 334190512, "totalCurrentAssets": 587408980, "longTermInvestments": 25000, "propertyPlantEquipment": 49791523, "otherAssets": 18963388, "deferredLongTermAssetCharges": 18963388, "totalAssets": 656188891, "accountsPayable": 11286980, "otherCurrentLiab": 18322345, "longTermDebt": 139034935, "totalCurrentLiabilities": 275171300, "totalLiab": 414206235, "commonStock": 76145600, "retainedEarnings": 107428451, "treasuryStock": 4236400, "capitalSurplus": 54172205, "otherStockholderEquity": 4236400, "totalStockholderEquity": 241982656, "netTangibleAssets": 241982656}, {"maxAge": 1, "endDate": "2019-03-31", "cash": 1175904, "shortTermInvestments": 12481463, "netReceivables": 245485772, "inventory": 310942083, "totalCurrentAssets": 570085222, "longTermInvestments": 25000, "propertyPlantEquipment": 53476987, "otherAssets": 39741545, "deferredLongTermAssetCharges": 39741545, "totalAssets": 663328754, "accountsPayable": 19656680, "otherCurrentLiab": 36368454, "longTermDebt": 139673184, "totalCurrentLiabilities": 285238708, "totalLiab": 424911892, "commonStock": 76145600, "retainedEarnings": 103862657, "treasuryStock": 4236400, "capitalSurplus": 54172205, "otherStockholderEquity": 4236400, "totalStockholderEquity": 238416862, "netTangibleAssets": 238416862}, {"maxAge": 1, "endDate": "2018-03-31", "cash": 23534235, "shortTermInvestments": 11589904, "netReceivables": 216079177, "inventory": 301641174, "totalCurrentAssets": 552844490, "longTermInvestments": 25000, "propertyPlantEquipment": 59831062, "otherAssets": 37845936, "deferredLongTermAssetCharges": 37845936, "totalAssets": 650546488, "accountsPayable": 53274682, "otherCurrentLiab": 32000219, "longTermDebt": 133314350, "totalCurrentLiabilities": 288837255, "totalLiab": 422151605, "commonStock": 76145600, "retainedEarnings": 93840678, "treasuryStock": 4236400, "capitalSurplus": 54172205, "otherStockholderEquity": 4236400, "totalStockholderEquity": 228394883, "netTangibleAssets": 228394883}, {"maxAge": 1, "endDate": "2017-03-31", "cash": 10406279, "shortTermInvestments": 7561110, "netReceivables": 199432186, "inventory": 265425199, "otherCurrentAssets": 1, "totalCurrentAssets": 482824775, "longTermInvestments": 25000, "propertyPlantEquipment": 64971821, "otherAssets": 39574240, "deferredLongTermAssetCharges": 39574239, "totalAssets": 587395836, "accountsPayable": 23505161, "otherCurrentLiab": 28602557, "longTermDebt": 98244236, "otherLiab": 1, "totalCurrentLiabilities": 261656861, "totalLiab": 359901098, "commonStock": 76145600, "retainedEarnings": 92940533, "treasuryStock": 4236400, "capitalSurplus": 54172205, "otherStockholderEquity": 4236400, "totalStockholderEquity": 227494738, "netTangibleAssets": 227494738}], "maxAge": 86400}, "financialData": {"maxAge": 86400, "currentPrice": 7.23, "recommendationKey": "none", "grossProfits": 272063864, "financialCurrency": "INR"}}}