{"FACORALL.BO": {"cashflowStatementHistory": {"cashflowStatements": [{"maxAge": 1, "endDate": "2020-03-31", "netIncome": 115027000, "depreciation": 25657000, "changeToNetincome": 141584000, "changeToAccountReceivables": 13552000, "changeToLiabilities": 76223000, "changeToInventory": 84285000, "changeToOperatingActivities": 65569000, "totalCashFromOperatingActivities": 521897000, "capitalExpenditures": -163619000, "investments": 50000, "otherCashflowsFromInvestingActivities": 10969000, "totalCashflowsFromInvestingActivities": 107278000, "netBorrowings": -368270000, "otherCashflowsFromFinancingActivities": -336805000, "totalCashFromFinancingActivities": -705075000, "changeInCash": -75900000}, {"maxAge": 1, "endDate": "2019-03-31", "netIncome": 151739000, "depreciation": 20414000, "changeToNetincome": 94594000, "changeToAccountReceivables": 64665000, "changeToLiabilities": -35070000, "changeToInventory": 70586000, "changeToOperatingActivities": -67950000, "totalCashFromOperatingActivities": 298978000, "capitalExpenditures": -19657000, "investments": 67549000, "otherCashflowsFromInvestingActivities": 17201000, "totalCashflowsFromInvestingActivities": 80433000, "netBorrowings": -192088000, "otherCashflowsFromFinancingActivities": -118103000, "totalCashFromFinancingActivities": -310191000, "changeInCash": 69219000}, {"maxAge": 1, "endDate": "2018-03-31", "netIncome": 14920000, "depreciation": 29539000, "changeToNetincome": 122702000, "changeToAccountReceivables": -46307000, "changeToLiabilities": 36056000, "changeToInventory": -32883000, "changeToOperatingActivities": 49993000, "totalCashFromOperatingActivities": 174020000, "capitalExpenditures": -2251000, "investments": 45624000, "otherCashflowsFromInvestingActivities": 13398000, "totalCashflowsFromInvestingActivities": 95356000, "netBorrowings": -272687000, "otherCashflowsFromFinancingActivities": -77967000, "totalCashFromFinancingActivities": -350654000, "changeInCash": -81278000}, {"maxAge": 1, "endDate": "2017-03-31", "netIncome": -2849000, "depreciation": 28001000, "changeToNetincome": 114994000, "changeToAccountReceivables": -109261000, "changeToLiabilities": 139571000, "changeToInventory": -43603000, "changeToOperatingActivities": -82598000, "totalCashFromOperatingActivities": 44255000, "capitalExpenditures": -2251000, "investments": 100000, "otherCashflowsFromInvestingActivities": 16934000, "totalCashflowsFromInvestingActivities": 41944000, "netBorrowings": 57071000, "otherCashflowsFromFinancingActivities": -56163000, "totalCashFromFinancingActivities": 908000, "changeInCash": 87107000}], "maxAge": 86400}, "institutionOwnership": {"maxAge": 1, "ownershipList": []}, "balanceSheetHistoryQuarterly": {"balanceSheetStatements": [{"maxAge": 1, "endDate": "2020-06-30", "totalStockholderEquity": 1572779000, "netTangibleAssets": 1541146000}, {"maxAge": 1, "endDate": "2020-03-31", "cash": 8616000, "netReceivables": 174733000, "inventory": 60418000, "otherCurrentAssets": 235510000, "totalCurrentAssets": 481180000, "longTermInvestments": 158000, "propertyPlantEquipment": 1495949000, "goodWill": 161235000, "intangibleAssets": 7447000, "otherAssets": 332247000, "deferredLongTermAssetCharges": 44163000, "totalAssets": 2478216000, "accountsPayable": 287902000, "otherCurrentLiab": 403748000, "longTermDebt": 45384000, "otherLiab": 13238000, "minorityInterest": -70572000, "totalCurrentLiabilities": 886232000, "totalLiab": 976009000, "commonStock": 195548000, "retainedEarnings": 203416000, "treasuryStock": 907063000, "capitalSurplus": 266752000, "otherStockholderEquity": 907063000, "totalStockholderEquity": 1572779000, "netTangibleAssets": 1404097000}, {"maxAge": 1, "endDate": "2019-12-31", "totalStockholderEquity": 1426426000, "netTangibleAssets": 1419809000}, {"maxAge": 1, "endDate": "2019-09-30", "cash": 93908000, "shortTermInvestments": 17122000, "netReceivables": 146031000, "inventory": 22500000, "otherCurrentAssets": 301245000, "totalCurrentAssets": 580806000, "longTermInvestments": 108000, "propertyPlantEquipment": 1574432000, "intangibleAssets": 6617000, "otherAssets": 346923000, "deferredLongTermAssetCharges": 58811000, "totalAssets": 2508886000, "accountsPayable": 248512000, "otherCurrentLiab": 567903000, "longTermDebt": 42525000, "otherLiab": 47909000, "minorityInterest": -57250000, "totalCurrentLiabilities": 1049276000, "totalLiab": 1139710000, "commonStock": 195548000, "treasuryStock": 1230878000, "otherStockholderEquity": 1230878000, "totalStockholderEquity": 1426426000, "netTangibleAssets": 1419809000}], "maxAge": 86400}, "indexTrend": {"maxAge": 1, "symbol": "SP5", "peRatio": 19.7411, "pegRatio": 1.34172, "estimates": [{"period": "0q", "growth": 0.549}, {"period": "+1q", "growth": 0.431}, {"period": "0y", "growth": 0.305}, {"period": "+1y", "growth": 0.109}, {"period": "+5y", "growth": 0.120859005}, {"period": "-5y"}]}, "insiderTransactions": {"transactions": [{"maxAge": 1, "shares": 74797, "filerUrl": "", "transactionText": "", "filerName": "Saraf (Gauri Sanjeev)", "filerRelation": "Promoter", "moneyText": "", "startDate": "2014-12-30", "ownership": "D"}, {"maxAge": 1, "shares": 7051012, "filerUrl": "", "transactionText": "", "filerName": "Imagetec, Ltd.", "filerRelation": "Promoter", "moneyText": "", "startDate": "2013-03-01", "ownership": "D"}, {"maxAge": 1, "shares": 7990353, "filerUrl": "", "transactionText": "", "filerName": "Investar, Ltd.", "filerRelation": "Promoter", "moneyText": "", "startDate": "2013-03-01", "ownership": "D"}, {"maxAge": 1, "shares": 7989102, "filerUrl": "", "transactionText": "", "filerName": "Precisetec, Ltd.", "filerRelation": "Promoter", "moneyText": "", "startDate": "2013-03-01", "ownership": "D"}, {"maxAge": 1, "shares": 38074851, "filerUrl": "", "transactionText": "", "filerName": "R B Shreeram & Company Pvt Ltd", "filerRelation": "Promoter", "moneyText": "", "startDate": "2013-03-01", "ownership": "D"}, {"maxAge": 1, "shares": 7991216, "filerUrl": "", "transactionText": "", "filerName": "Super Vision, Ltd.", "filerRelation": "Promoter", "moneyText": "", "startDate": "2013-03-01", "ownership": "D"}, {"maxAge": 1, "shares": 7053168, "filerUrl": "", "transactionText": "", "filerName": "Teracota Consultancy Services Ltd", "filerRelation": "Promoter", "moneyText": "", "startDate": "2013-03-01", "ownership": "D"}, {"maxAge": 1, "shares": 80000, "filerUrl": "", "transactionText": "", "filerName": "Saraf (Sunanda Devi Yogeshkumar)", "filerRelation": "Promoter", "moneyText": "", "startDate": "2012-06-05", "ownership": "D"}, {"maxAge": 1, "shares": 575000, "filerUrl": "", "transactionText": "", "filerName": "Saraf (Sunanda Devi Yogeshkumar)", "filerRelation": "UNREPORTED", "moneyText": "", "startDate": "2009-11-26", "ownership": "D"}], "maxAge": 1}, "quoteType": {"exchange": "BSE", "quoteType": "EQUITY", "symbol": "FACORALL.BO", "underlyingSymbol": "FACORALL.BO", "shortName": "FACOR ALLOYS LTD.", "longName": "Facor Alloys Limited", "firstTradeDateEpochUtc": "2005-08-04 09:15:00", "timeZoneFullName": "Asia/Kolkata", "timeZoneShortName": "IST", "uuid": "2ccec3ab-3636-3d8d-8b5e-657fc6639cda", "messageBoardId": null, "gmtOffSetMilliseconds": 19800000, "maxAge": 1}, "incomeStatementHistory": {"incomeStatementHistory": [{"maxAge": 1, "endDate": "2020-03-31", "totalRevenue": 3170535000, "costOfRevenue": 1310580000, "grossProfit": 1859955000, "researchDevelopment": {}, "sellingGeneralAdministrative": 186328000, "nonRecurring": {}, "otherOperatingExpenses": 1476524000, "totalOperatingExpenses": 2999089000, "operatingIncome": 171446000, "totalOtherIncomeExpenseNet": 65187000, "ebit": 171446000, "interestExpense": -37390000, "incomeBeforeTax": 236633000, "incomeTaxExpense": 120183000, "minorityInterest": -70572000, "netIncomeFromContinuingOps": 116450000, "discontinuedOperations": {}, "extraordinaryItems": {}, "effectOfAccountingCharges": {}, "otherItems": {}, "netIncome": 115027000, "netIncomeApplicableToCommonShares": 115027000}, {"maxAge": 1, "endDate": "2019-03-31", "totalRevenue": 3668530000, "costOfRevenue": 1336142000, "grossProfit": 2332388000, "researchDevelopment": {}, "sellingGeneralAdministrative": 217789000, "nonRecurring": {}, "otherOperatingExpenses": 1769827000, "totalOperatingExpenses": 3344172000, "operatingIncome": 324358000, "totalOtherIncomeExpenseNet": -137309000, "ebit": 324358000, "interestExpense": -141716000, "incomeBeforeTax": 187049000, "incomeTaxExpense": 37931000, "minorityInterest": -113787000, "netIncomeFromContinuingOps": 149118000, "discontinuedOperations": {}, "extraordinaryItems": {}, "effectOfAccountingCharges": {}, "otherItems": {}, "netIncome": 151739000, "netIncomeApplicableToCommonShares": 151739000}, {"maxAge": 1, "endDate": "2018-03-31", "totalRevenue": 3127024000, "costOfRevenue": 1206132000, "grossProfit": 1920892000, "researchDevelopment": {}, "sellingGeneralAdministrative": 207232000, "nonRecurring": {}, "otherOperatingExpenses": 1533601000, "totalOperatingExpenses": 2976504000, "operatingIncome": 150520000, "totalOtherIncomeExpenseNet": -177244000, "ebit": 150520000, "interestExpense": -177161000, "incomeBeforeTax": -26724000, "incomeTaxExpense": -29904000, "minorityInterest": -92901000, "netIncomeFromContinuingOps": 3180000, "discontinuedOperations": {}, "extraordinaryItems": {}, "effectOfAccountingCharges": {}, "otherItems": {}, "netIncome": 14920000, "netIncomeApplicableToCommonShares": 14920000}, {"maxAge": 1, "endDate": "2017-03-31", "totalRevenue": 1327873000, "costOfRevenue": 641651000, "grossProfit": 686222000, "researchDevelopment": {}, "sellingGeneralAdministrative": 143420000, "nonRecurring": {}, "otherOperatingExpenses": 384064000, "totalOperatingExpenses": 1197136000, "operatingIncome": 130737000, "totalOtherIncomeExpenseNet": -146545000, "ebit": 130737000, "interestExpense": -171303000, "incomeBeforeTax": -15808000, "incomeTaxExpense": -3858000, "minorityInterest": -64905000, "netIncomeFromContinuingOps": -11950000, "discontinuedOperations": {}, "extraordinaryItems": {}, "effectOfAccountingCharges": {}, "otherItems": {}, "netIncome": -2849000, "netIncomeApplicableToCommonShares": -2849000}], "maxAge": 86400}, "fundOwnership": {"maxAge": 1, "ownershipList": []}, "summaryDetail": {"maxAge": 1, "priceHint": 4, "previousClose": 3.38, "open": 3.32, "dayLow": 3.32, "dayHigh": 3.32, "regularMarketPreviousClose": 3.38, "regularMarketOpen": 3.32, "regularMarketDayLow": 3.32, "regularMarketDayHigh": 3.32, "trailingPE": 6.125461, "volume": 81951, "regularMarketVolume": 81951, "averageVolume": 403297, "averageVolume10days": 144362, "averageDailyVolume10Day": 144362, "bid": 0.0, "ask": 3.58, "bidSize": 0, "askSize": 0, "marketCap": 649216064, "fiftyTwoWeekLow": 1.0, "fiftyTwoWeekHigh": 4.26, "fiftyDayAverage": 3.2294285, "twoHundredDayAverage": 2.0964963, "currency": "INR", "fromCurrency": null, "toCurrency": null, "lastMarket": null, "algorithm": null, "tradeable": false}, "incomeStatementHistoryQuarterly": {"incomeStatementHistory": [{"maxAge": 1, "endDate": "2020-06-30", "totalRevenue": 318788000, "costOfRevenue": 274144000, "grossProfit": 44644000, "researchDevelopment": {}, "sellingGeneralAdministrative": 49080000, "nonRecurring": {}, "otherOperatingExpenses": 34486000, "totalOperatingExpenses": 363559000, "operatingIncome": -44771000, "totalOtherIncomeExpenseNet": 32396000, "ebit": -44771000, "interestExpense": -11138000, "incomeBeforeTax": -12375000, "incomeTaxExpense": -6511000, "minorityInterest": {}, "netIncomeFromContinuingOps": -5864000, "discontinuedOperations": {}, "extraordinaryItems": {}, "effectOfAccountingCharges": {}, "otherItems": {}, "netIncome": -5486000, "netIncomeApplicableToCommonShares": -5486000}, {"maxAge": 1, "endDate": "2020-03-31", "totalRevenue": 414499000, "costOfRevenue": -740882000, "grossProfit": 1155381000, "researchDevelopment": {}, "sellingGeneralAdministrative": 46617000, "nonRecurring": {}, "otherOperatingExpenses": 1214516000, "totalOperatingExpenses": 525343000, "operatingIncome": -110844000, "totalOtherIncomeExpenseNet": 71792000, "ebit": -110844000, "interestExpense": -5087000, "incomeBeforeTax": -39052000, "incomeTaxExpense": -8832000, "minorityInterest": -70572000, "netIncomeFromContinuingOps": -30220000, "discontinuedOperations": {}, "extraordinaryItems": {}, "effectOfAccountingCharges": {}, "otherItems": {}, "netIncome": -31961000, "netIncomeApplicableToCommonShares": -31961000}, {"maxAge": 1, "endDate": "2019-12-31", "totalRevenue": 637684000, "costOfRevenue": 522530000, "grossProfit": 115154000, "researchDevelopment": {}, "sellingGeneralAdministrative": 46196000, "nonRecurring": {}, "otherOperatingExpenses": 64048000, "totalOperatingExpenses": 639576000, "operatingIncome": -1892000, "totalOtherIncomeExpenseNet": 38172000, "ebit": -1892000, "interestExpense": -8610000, "incomeBeforeTax": 36280000, "incomeTaxExpense": 25319000, "minorityInterest": -70572000, "netIncomeFromContinuingOps": 10961000, "discontinuedOperations": {}, "extraordinaryItems": {}, "effectOfAccountingCharges": {}, "otherItems": {}, "netIncome": 10995000, "netIncomeApplicableToCommonShares": 10995000}, {"maxAge": 1, "endDate": "2019-09-30", "totalRevenue": 845888000, "costOfRevenue": 702873000, "grossProfit": 143015000, "researchDevelopment": {}, "sellingGeneralAdministrative": 44816000, "nonRecurring": {}, "otherOperatingExpenses": 98896000, "totalOperatingExpenses": 854434000, "operatingIncome": -8546000, "totalOtherIncomeExpenseNet": 225826000, "ebit": -8546000, "interestExpense": -12891000, "incomeBeforeTax": 206736000, "incomeTaxExpense": 76007000, "minorityInterest": -57250000, "netIncomeFromContinuingOps": 130729000, "discontinuedOperations": {}, "extraordinaryItems": {}, "effectOfAccountingCharges": {}, "otherItems": {}, "netIncome": 130063000, "netIncomeApplicableToCommonShares": 130063000}], "maxAge": 86400}, "cashflowStatementHistoryQuarterly": {"cashflowStatements": [{"maxAge": 1, "endDate": "2020-06-30", "netIncome": -5486000, "changeToLiabilities": 0}, {"maxAge": 1, "endDate": "2020-03-31", "netIncome": -31961000, "changeToLiabilities": 0}, {"maxAge": 1, "endDate": "2019-12-31", "netIncome": 10995000, "changeToLiabilities": 0}, {"maxAge": 1, "endDate": "2019-09-30", "netIncome": 130063000, "changeToLiabilities": 0}], "maxAge": 86400}, "insiderHolders": {"holders": [{"maxAge": 1, "name": "Imagetec, Ltd.", "relation": "Promoter", "url": "", "transactionDescription": "Sale", "latestTransDate": "2013-03-01", "positionDirect": 0, "positionDirectDate": "2013-03-01"}, {"maxAge": 1, "name": "Investar, Ltd.", "relation": "Promoter", "url": "", "transactionDescription": "Sale", "latestTransDate": "2013-03-01", "positionDirect": 0, "positionDirectDate": "2013-03-01"}, {"maxAge": 1, "name": "Precisetec, Ltd.", "relation": "Promoter", "url": "", "transactionDescription": "Sale", "latestTransDate": "2013-03-01", "positionDirect": 0, "positionDirectDate": "2013-03-01"}, {"maxAge": 1, "name": "R B Shreeram & Company Pvt Ltd", "relation": "Promoter", "url": "", "transactionDescription": "Acquisition", "latestTransDate": "2013-03-01", "positionDirect": 61055682, "positionDirectDate": "2013-03-01"}, {"maxAge": 1, "name": "Saraf (Gauri Sanjeev)", "relation": "Promoter", "url": "", "transactionDescription": "Sale", "latestTransDate": "2014-12-30", "positionDirect": 0, "positionDirectDate": "2014-12-30"}, {"maxAge": 1, "name": "Saraf (Sunanda Devi Yogeshkumar)", "relation": "Promoter", "url": "", "transactionDescription": "Acquisition", "latestTransDate": "2012-06-05", "positionDirect": 83267, "positionDirectDate": "2012-06-05"}, {"maxAge": 1, "name": "Super Vision, Ltd.", "relation": "Promoter", "url": "", "transactionDescription": "Sale", "latestTransDate": "2013-03-01", "positionDirect": 0, "positionDirectDate": "2013-03-01"}, {"maxAge": 1, "name": "Teracota Consultancy Services Ltd", "relation": "Promoter", "url": "", "transactionDescription": "Sale", "latestTransDate": "2013-03-01", "positionDirect": 0, "positionDirectDate": "2013-03-01"}], "maxAge": 1}, "calendarEvents": {"maxAge": 1, "earnings": {"earningsDate": []}}, "price": {"maxAge": 1, "regularMarketChangePercent": -0.017751532, "regularMarketChange": -0.06000018, "regularMarketTime": "2021-04-30 15:43:45", "priceHint": 4, "regularMarketPrice": 3.32, "regularMarketDayHigh": 3.32, "regularMarketDayLow": 3.32, "regularMarketVolume": 81951, "averageDailyVolume10Day": 144362, "averageDailyVolume3Month": 403297, "regularMarketPreviousClose": 3.38, "regularMarketSource": "FREE_REALTIME", "regularMarketOpen": 3.32, "exchange": "BSE", "exchangeName": "BSE", "exchangeDataDelayedBy": 0, "marketState": "CLOSED", "quoteType": "EQUITY", "symbol": "FACORALL.BO", "underlyingSymbol": null, "shortName": "FACOR ALLOYS LTD.", "longName": "Facor Alloys Limited", "currency": "INR", "quoteSourceName": "Delayed Quote", "currencySymbol": "\u20b9", "fromCurrency": null, "toCurrency": null, "lastMarket": null, "marketCap": 649216064}, "balanceSheetHistory": {"balanceSheetStatements": [{"maxAge": 1, "endDate": "2020-03-31", "cash": 8616000, "netReceivables": 174733000, "inventory": 60418000, "otherCurrentAssets": 235510000, "totalCurrentAssets": 481180000, "longTermInvestments": 158000, "propertyPlantEquipment": 1495949000, "goodWill": 161235000, "intangibleAssets": 7447000, "otherAssets": 332247000, "deferredLongTermAssetCharges": 44163000, "totalAssets": 2478216000, "accountsPayable": 287902000, "otherCurrentLiab": 403748000, "longTermDebt": 45384000, "otherLiab": 13238000, "minorityInterest": -70572000, "totalCurrentLiabilities": 886232000, "totalLiab": 976009000, "commonStock": 195548000, "retainedEarnings": 203416000, "treasuryStock": 907063000, "capitalSurplus": 266752000, "otherStockholderEquity": 907063000, "totalStockholderEquity": 1572779000, "netTangibleAssets": 1404097000}, {"maxAge": 1, "endDate": "2019-03-31", "cash": 84516000, "netReceivables": 185943000, "inventory": 144703000, "otherCurrentAssets": 325591000, "totalCurrentAssets": 742476000, "longTermInvestments": 158000, "propertyPlantEquipment": 1574806000, "intangibleAssets": 5647000, "otherAssets": 420198000, "deferredLongTermAssetCharges": 160847000, "totalAssets": 2743285000, "accountsPayable": 211679000, "otherCurrentLiab": 355108000, "longTermDebt": 41421000, "otherLiab": 13402000, "minorityInterest": -113787000, "totalCurrentLiabilities": 1446126000, "totalLiab": 1500949000, "commonStock": 195548000, "retainedEarnings": 88921000, "treasuryStock": 804902000, "capitalSurplus": 266752000, "otherStockholderEquity": 804902000, "totalStockholderEquity": 1356123000, "netTangibleAssets": 1350476000}, {"maxAge": 1, "endDate": "2018-03-31", "cash": 15297000, "netReceivables": 246829000, "inventory": 215289000, "otherCurrentAssets": 72390000, "totalCurrentAssets": 552106000, "longTermInvestments": 80977000, "propertyPlantEquipment": 1787513000, "intangibleAssets": 5141000, "otherAssets": 307826000, "deferredLongTermAssetCharges": 194335000, "totalAssets": 2733563000, "accountsPayable": 246749000, "otherCurrentLiab": 225363000, "longTermDebt": 238492000, "otherLiab": 16834000, "minorityInterest": -92901000, "totalCurrentLiabilities": 1307471000, "totalLiab": 1562797000, "commonStock": 195548000, "retainedEarnings": -62818000, "treasuryStock": 864185000, "capitalSurplus": 266752000, "otherStockholderEquity": 864185000, "totalStockholderEquity": 1263667000, "netTangibleAssets": 1258526000}, {"maxAge": 1, "endDate": "2017-03-31", "cash": 96575000, "netReceivables": 222620000, "inventory": 182406000, "otherCurrentAssets": 115905000, "totalCurrentAssets": 618155000, "longTermInvestments": 183582000, "propertyPlantEquipment": 1825597000, "intangibleAssets": 5591000, "otherAssets": 237223000, "deferredLongTermAssetCharges": 165774000, "totalAssets": 2870148000, "accountsPayable": 210693000, "shortLongTermDebt": 10000000, "otherCurrentLiab": 189007000, "longTermDebt": 208608000, "otherLiab": 14044000, "minorityInterest": -64905000, "totalCurrentLiabilities": 1476125000, "totalLiab": 1698777000, "commonStock": 195548000, "retainedEarnings": -77738000, "treasuryStock": 851714000, "capitalSurplus": 266752000, "otherStockholderEquity": 851714000, "totalStockholderEquity": 1236276000, "netTangibleAssets": 1230685000}], "maxAge": 86400}, "financialData": {"maxAge": 86400, "currentPrice": 3.32, "recommendationKey": "none", "grossProfits": 1859955000, "financialCurrency": "INR"}}}