{"FACT.NS": {"assetProfile": {"address1": "FACT Township", "address2": "Eloor PO Udyogamandal Alwaye, Ernakulam District", "city": "Kochi", "zip": "683501", "country": "India", "phone": "91 48 4256 7355", "fax": "91 48 4254 5475", "website": "http://www.fact.co.in", "industry": "Agricultural Inputs", "sector": "Basic Materials", "longBusinessSummary": "The Fertilisers And Chemicals Travancore Limited manufactures and markets fertilizers in India. It operates through Fertiliser and Petrochemical segments. The company offers complex fertilizers, including ammonium phosphate sulphate and zincated factamfos; straight fertilizers, such as ammonium sulphate; organic fertilizers; bio-fertilizers comprising azospirillum, rhizobium, and phosphate solubilizing bacteria; and bagged gypsum. It also provides caprolactam for use in manufacturing nylon tyre cords, nylon filament yarns, engineering plastics, etc.; and by-products comprising carbon dioxide, gypsum, and sulphuric acid. It also imports fertilizers; and offers various services for farmers. In addition, the company engages in the engineering consultancy, design and fabrication, and erection of industrial equipment. The Fertilisers And Chemicals Travancore Limited was founded in 1943 and is based in Kochi, India.", "fullTimeEmployees": 1910, "companyOfficers": [{"maxAge": 1, "name": "Mr. Kishor Kumar Rungta", "title": "Chairman & MD", "fiscalYear": 2020, "totalPay": 3681385, "exercisedValue": 0, "unexercisedValue": 0}, {"maxAge": 1, "name": "Mr. C.  Pradeep Kumar", "title": "Chief Financial Officer", "fiscalYear": 2020, "totalPay": 935254, "exercisedValue": 0, "unexercisedValue": 0}, {"maxAge": 1, "name": "Mr. K. V. Balakrishnan Nair", "title": "Exec. Director of Fin., Compliance Officer & Company Sec.", "fiscalYear": 2020, "totalPay": 2077082, "exercisedValue": 0, "unexercisedValue": 0}, {"maxAge": 1, "name": "Mr. Seshamani  Sakthimani", "age": 47, "title": "Director of Fin. & Director", "yearBorn": 1973, "exercisedValue": 0, "unexercisedValue": 0}, {"maxAge": 1, "name": "Mr. K. J. Jacob", "title": "Gen. Mang. of Operation", "exercisedValue": 0, "unexercisedValue": 0}, {"maxAge": 1, "name": "Mr. A. S. Kesavan NamPoothiri", "title": "Director of Technical & Director", "exercisedValue": 0, "unexercisedValue": 0}, {"maxAge": 1, "name": "Mr. A. R. Mohan Kumar", "title": "Gen. Mang. of HR & Admin.", "exercisedValue": 0, "unexercisedValue": 0}, {"maxAge": 1, "name": "Mr. Anupam  Misra", "title": "Director of Marketing & Director", "exercisedValue": 0, "unexercisedValue": 0}, {"maxAge": 1, "name": "Mr. Sreenath V. Kammath", "title": "Chief Gen. Mang. of Internal Audit", "exercisedValue": 0, "unexercisedValue": 0}, {"maxAge": 1, "name": "Mr. Ajith Kumar T P", "title": "Chief Gen. Mang. of PC", "exercisedValue": 0, "unexercisedValue": 0}], "compensationAsOfEpochDate": "2020-12-31 05:30:00", "maxAge": 86400}, "cashflowStatementHistory": {"cashflowStatements": [{"maxAge": 1, "endDate": "2020-03-31", "netIncome": 9755245000, "depreciation": 194898000, "changeToNetincome": -7020698000, "changeToAccountReceivables": 139995000, "changeToLiabilities": -2075566000, "changeToInventory": 893612000, "changeToOperatingActivities": 673805000, "totalCashFromOperatingActivities": 2564393000, "investments": -6540000000, "otherCashflowsFromInvestingActivities": 137504000, "totalCashflowsFromInvestingActivities": 2893526000, "netBorrowings": -4532322000, "otherCashflowsFromFinancingActivities": -502699000, "totalCashFromFinancingActivities": -5035021000, "changeInCash": 422898000}, {"maxAge": 1, "endDate": "2019-03-31", "netIncome": 1626860000, "depreciation": 232571000, "changeToNetincome": -1554853000, "changeToAccountReceivables": -452029000, "changeToLiabilities": -40374000, "changeToInventory": -1692383000, "changeToOperatingActivities": -2223497000, "totalCashFromOperatingActivities": -4102364000, "investments": -6540000000, "otherCashflowsFromInvestingActivities": 53778000, "totalCashflowsFromInvestingActivities": 4160039000, "netBorrowings": -39431000, "otherCashflowsFromFinancingActivities": -415171000, "totalCashFromFinancingActivities": -454602000, "changeInCash": -396927000}, {"maxAge": 1, "endDate": "2018-03-31", "netIncome": -1290607000, "depreciation": 175223000, "changeToNetincome": 3269681000, "changeToAccountReceivables": 1365715000, "changeToLiabilities": 1022812000, "changeToInventory": -499146000, "changeToOperatingActivities": -1805083000, "totalCashFromOperatingActivities": 2238595000, "capitalExpenditures": -91450000, "investments": -6540000000, "otherCashflowsFromInvestingActivities": 59565000, "totalCashflowsFromInvestingActivities": -31885000, "netBorrowings": -1244410000, "otherCashflowsFromFinancingActivities": -824005000, "totalCashFromFinancingActivities": -2068415000, "changeInCash": 138295000}, {"maxAge": 1, "endDate": "2017-03-31", "netIncome": -2626777000, "depreciation": 216735000, "changeToNetincome": 3045213000, "changeToAccountReceivables": -1016728000, "changeToLiabilities": -4613756000, "changeToInventory": -540119000, "changeToOperatingActivities": 5849229000, "totalCashFromOperatingActivities": 313797000, "capitalExpenditures": -76587000, "investments": -6540000000, "otherCashflowsFromInvestingActivities": 825658000, "totalCashflowsFromInvestingActivities": 749071000, "netBorrowings": -1244410000, "otherCashflowsFromFinancingActivities": -940767000, "totalCashFromFinancingActivities": -940767000, "changeInCash": 122101000}], "maxAge": 86400}, "institutionOwnership": {"ownershipList": [], "maxAge": 1}, "majorHoldersBreakdown": {"maxAge": 1, "insidersPercentHeld": 0.0, "institutionsPercentHeld": 0.0, "institutionsFloatPercentHeld": 0.0, "institutionsCount": 0}, "balanceSheetHistoryQuarterly": {"balanceSheetStatements": [{"maxAge": 1, "endDate": "2020-12-31", "totalStockholderEquity": -4261400000, "netTangibleAssets": -4270900000}, {"maxAge": 1, "endDate": "2020-09-30", "cash": 10303600000, "shortTermInvestments": 1766200000, "netReceivables": 5691000000, "inventory": 3224400000, "otherCurrentAssets": 3686800000, "totalCurrentAssets": 24672000000, "longTermInvestments": 1046300000, "propertyPlantEquipment": 3304800000, "intangibleAssets": 9500000, "otherAssets": 106300000, "totalAssets": 29138900000, "accountsPayable": 3221500000, "otherCurrentLiab": 19136300000, "longTermDebt": 9056400000, "otherLiab": 1986100000, "totalCurrentLiabilities": 22357800000, "totalLiab": 33400300000, "commonStock": 6470700000, "treasuryStock": -10732100000, "otherStockholderEquity": -10732100000, "totalStockholderEquity": -4261400000, "netTangibleAssets": -4270900000}, {"maxAge": 1, "endDate": "2020-06-30", "totalStockholderEquity": -4914303000, "netTangibleAssets": -4925367000}, {"maxAge": 1, "endDate": "2020-03-31", "cash": 487175000, "shortTermInvestments": 4250680000, "netReceivables": 8678086000, "inventory": 5632657000, "otherCurrentAssets": 2205808000, "totalCurrentAssets": 21312085000, "longTermInvestments": 1261707000, "propertyPlantEquipment": 3370269000, "intangibleAssets": 11064000, "otherAssets": 168060000, "totalAssets": 26123185000, "accountsPayable": 2114121000, "shortLongTermDebt": 8903438000, "otherCurrentLiab": 1250889000, "longTermDebt": 9056438000, "otherLiab": 1992396000, "totalCurrentLiabilities": 19988654000, "totalLiab": 31037488000, "commonStock": 6470720000, "retainedEarnings": -12135273000, "treasuryStock": 750250000, "otherStockholderEquity": 750250000, "totalStockholderEquity": -4914303000, "netTangibleAssets": -4925367000}], "maxAge": 86400}, "indexTrend": {"maxAge": 1, "symbol": "SP5", "peRatio": 19.7411, "pegRatio": 1.34172, "estimates": [{"period": "0q", "growth": 0.549}, {"period": "+1q", "growth": 0.431}, {"period": "0y", "growth": 0.305}, {"period": "+1y", "growth": 0.109}, {"period": "+5y", "growth": 0.120865}, {"period": "-5y"}]}, "defaultKeyStatistics": {"maxAge": 1, "priceHint": 2, "enterpriseValue": 67771281408, "profitMargins": 0.07694, "floatShares": 6686480, "sharesOutstanding": 647072000, "heldPercentInsiders": 0.0, "heldPercentInstitutions": 0.0, "beta": 0.800822, "category": null, "bookValue": -6.566, "fundFamily": null, "legalType": null, "lastFiscalYearEnd": "2020-03-31 05:30:00", "nextFiscalYearEnd": "2022-03-31 05:30:00", "mostRecentQuarter": "2020-12-31 05:30:00", "earningsQuarterlyGrowth": -0.861, "netIncomeToCommon": 1794681984, "trailingEps": 2.779, "lastSplitFactor": null, "enterpriseToRevenue": 2.905, "enterpriseToEbitda": 15.409}, "summaryProfile": {"address1": "FACT Township", "address2": "Eloor PO Udyogamandal Alwaye, Ernakulam District", "city": "Kochi", "zip": "683501", "country": "India", "phone": "91 48 4256 7355", "fax": "91 48 4254 5475", "website": "http://www.fact.co.in", "industry": "Agricultural Inputs", "sector": "Basic Materials", "longBusinessSummary": "The Fertilisers And Chemicals Travancore Limited manufactures and markets fertilizers in India. It operates through Fertiliser and Petrochemical segments. The company offers complex fertilizers, including ammonium phosphate sulphate and zincated factamfos; straight fertilizers, such as ammonium sulphate; organic fertilizers; bio-fertilizers comprising azospirillum, rhizobium, and phosphate solubilizing bacteria; and bagged gypsum. It also provides caprolactam for use in manufacturing nylon tyre cords, nylon filament yarns, engineering plastics, etc.; and by-products comprising carbon dioxide, gypsum, and sulphuric acid. It also imports fertilizers; and offers various services for farmers. In addition, the company engages in the engineering consultancy, design and fabrication, and erection of industrial equipment. The Fertilisers And Chemicals Travancore Limited was founded in 1943 and is based in Kochi, India.", "fullTimeEmployees": 1910, "companyOfficers": [], "maxAge": 86400}, "netSharePurchaseActivity": {"maxAge": 1, "period": "6m", "buyInfoCount": 0, "buyInfoShares": 0, "sellInfoCount": 0, "netInfoCount": 0, "netInfoShares": 0, "totalInsiderShares": 0}, "quoteType": {"exchange": "NSI", "quoteType": "EQUITY", "symbol": "FACT.NS", "underlyingSymbol": "FACT.NS", "shortName": "FERTILIZERS & CHEM", "longName": "The Fertilisers And Chemicals Travancore Limited", "firstTradeDateEpochUtc": "2002-07-01 09:15:00", "timeZoneFullName": "Asia/Kolkata", "timeZoneShortName": "IST", "uuid": "a4ce21eb-ed23-3a2a-85cb-0dae6522d49e", "gmtOffSetMilliseconds": 19800000, "maxAge": 1}, "incomeStatementHistory": {"incomeStatementHistory": [{"maxAge": 1, "endDate": "2020-03-31", "totalRevenue": 27699121000, "costOfRevenue": 16382164000, "grossProfit": 11316957000, "researchDevelopment": {}, "sellingGeneralAdministrative": 2435895000, "nonRecurring": {}, "otherOperatingExpenses": 5969771000, "totalOperatingExpenses": 24985910000, "operatingIncome": 2713211000, "totalOtherIncomeExpenseNet": 7042034000, "ebit": 2713211000, "interestExpense": -2878337000, "incomeBeforeTax": 9755245000, "incomeTaxExpense": 0, "minorityInterest": {}, "netIncomeFromContinuingOps": 9755245000, "discontinuedOperations": {}, "extraordinaryItems": {}, "effectOfAccountingCharges": {}, "otherItems": {}, "netIncome": 9755245000, "netIncomeApplicableToCommonShares": 9755245000}, {"maxAge": 1, "endDate": "2019-03-31", "totalRevenue": 19545910000, "costOfRevenue": 13240614000, "grossProfit": 6305296000, "researchDevelopment": {}, "sellingGeneralAdministrative": 2356245000, "nonRecurring": {}, "otherOperatingExpenses": 3712911000, "totalOperatingExpenses": 19543682000, "operatingIncome": 2228000, "totalOtherIncomeExpenseNet": 1624632000, "ebit": 2228000, "interestExpense": -2799632000, "incomeBeforeTax": 1626860000, "incomeTaxExpense": 0, "minorityInterest": {}, "netIncomeFromContinuingOps": 1626860000, "discontinuedOperations": {}, "extraordinaryItems": {}, "effectOfAccountingCharges": {}, "otherItems": {}, "netIncome": 1626860000, "netIncomeApplicableToCommonShares": 1626860000}, {"maxAge": 1, "endDate": "2018-03-31", "totalRevenue": 19268239000, "costOfRevenue": 10842614000, "grossProfit": 8425625000, "researchDevelopment": {}, "sellingGeneralAdministrative": 2568385000, "nonRecurring": {}, "otherOperatingExpenses": 4146827000, "totalOperatingExpenses": 17733052000, "operatingIncome": 1535187000, "totalOtherIncomeExpenseNet": -2825794000, "ebit": 1535187000, "interestExpense": -3190670000, "incomeBeforeTax": -1290607000, "incomeTaxExpense": 0, "minorityInterest": {}, "netIncomeFromContinuingOps": -1290607000, "discontinuedOperations": {}, "extraordinaryItems": {}, "effectOfAccountingCharges": {}, "otherItems": {}, "netIncome": -1290607000, "netIncomeApplicableToCommonShares": -1290607000}, {"maxAge": 1, "endDate": "2017-03-31", "totalRevenue": 18666262000, "costOfRevenue": 11241857000, "grossProfit": 7424405000, "researchDevelopment": {}, "sellingGeneralAdministrative": 2497869000, "nonRecurring": {}, "otherOperatingExpenses": 4398360000, "totalOperatingExpenses": 18354821000, "operatingIncome": 311441000, "totalOtherIncomeExpenseNet": -2938218000, "ebit": 311441000, "interestExpense": -3010950000, "incomeBeforeTax": -2626777000, "incomeTaxExpense": 0, "minorityInterest": {}, "netIncomeFromContinuingOps": -2626777000, "discontinuedOperations": {}, "extraordinaryItems": {}, "effectOfAccountingCharges": {}, "otherItems": {}, "netIncome": -2626777000, "netIncomeApplicableToCommonShares": -2626777000}], "maxAge": 86400}, "fundOwnership": {"ownershipList": [], "maxAge": 1}, "summaryDetail": {"maxAge": 1, "priceHint": 2, "previousClose": 113.5, "open": 112.0, "dayLow": 107.85, "dayHigh": 115.45, "regularMarketPreviousClose": 113.5, "regularMarketOpen": 112.0, "regularMarketDayLow": 107.85, "regularMarketDayHigh": 115.45, "exDividendDate": "1997-08-26 05:30:00", "payoutRatio": 0.0, "beta": 0.800822, "trailingPE": 39.312702, "volume": 485093, "regularMarketVolume": 485093, "averageVolume": 1487419, "averageVolume10days": 316810, "averageDailyVolume10Day": 316810, "bid": 0.0, "ask": 0.0, "bidSize": 0, "askSize": 0, "marketCap": 70723747840, "fiftyTwoWeekLow": 29.2, "fiftyTwoWeekHigh": 139.2, "priceToSalesTrailing12Months": 3.0320177, "fiftyDayAverage": 102.26324, "twoHundredDayAverage": 68.739006, "currency": "INR", "fromCurrency": null, "lastMarket": null, "algorithm": null, "tradeable": false}, "incomeStatementHistoryQuarterly": {"incomeStatementHistory": [{"maxAge": 1, "endDate": "2020-12-31", "totalRevenue": 8390400000, "costOfRevenue": 4413700000, "grossProfit": 3976700000, "researchDevelopment": {}, "sellingGeneralAdministrative": 685700000, "nonRecurring": {}, "otherOperatingExpenses": 1442000000, "totalOperatingExpenses": 6590500000, "operatingIncome": 1799900000, "totalOtherIncomeExpenseNet": -432800000, "ebit": 1799900000, "interestExpense": -611700000, "incomeBeforeTax": 1367100000, "incomeTaxExpense": 0, "minorityInterest": {}, "netIncomeFromContinuingOps": 1367100000, "discontinuedOperations": {}, "extraordinaryItems": {}, "effectOfAccountingCharges": {}, "otherItems": {}, "netIncome": 1367100000, "netIncomeApplicableToCommonShares": 1367100000}, {"maxAge": 1, "endDate": "2020-09-30", "totalRevenue": 10468200000, "costOfRevenue": 6001900000, "grossProfit": 4466300000, "researchDevelopment": {}, "sellingGeneralAdministrative": 608400000, "nonRecurring": {}, "otherOperatingExpenses": 2500900000, "totalOperatingExpenses": 9160500000, "operatingIncome": 1307700000, "totalOtherIncomeExpenseNet": -477000000, "ebit": 1307700000, "interestExpense": -613300000, "incomeBeforeTax": 830700000, "incomeTaxExpense": 0, "minorityInterest": {}, "netIncomeFromContinuingOps": 830700000, "discontinuedOperations": {}, "extraordinaryItems": {}, "effectOfAccountingCharges": {}, "otherItems": {}, "netIncome": 830700000, "netIncomeApplicableToCommonShares": 830700000}, {"maxAge": 1, "endDate": "2020-06-30", "totalRevenue": 5518100000, "costOfRevenue": 3456600000, "grossProfit": 2061500000, "researchDevelopment": {}, "sellingGeneralAdministrative": 599900000, "nonRecurring": {}, "otherOperatingExpenses": 1117500000, "totalOperatingExpenses": 5223700000, "operatingIncome": 294400000, "totalOtherIncomeExpenseNet": -470000000, "ebit": 294400000, "interestExpense": -606900000, "incomeBeforeTax": -175600000, "incomeTaxExpense": 0, "minorityInterest": {}, "netIncomeFromContinuingOps": -175600000, "discontinuedOperations": {}, "extraordinaryItems": {}, "effectOfAccountingCharges": {}, "otherItems": {}, "netIncome": -175600000, "netIncomeApplicableToCommonShares": -175600000}, {"maxAge": 1, "endDate": "2020-03-31", "totalRevenue": 7084821000, "costOfRevenue": 4095664000, "grossProfit": 2989157000, "researchDevelopment": {}, "sellingGeneralAdministrative": 708395000, "nonRecurring": {}, "otherOperatingExpenses": 973471000, "totalOperatingExpenses": 5841710000, "operatingIncome": 1243111000, "totalOtherIncomeExpenseNet": -577766000, "ebit": 1243111000, "interestExpense": -609737000, "incomeBeforeTax": 665345000, "incomeTaxExpense": 0, "minorityInterest": {}, "netIncomeFromContinuingOps": 665345000, "discontinuedOperations": {}, "extraordinaryItems": {}, "effectOfAccountingCharges": {}, "otherItems": {}, "netIncome": 665345000, "netIncomeApplicableToCommonShares": 665345000}], "maxAge": 86400}, "cashflowStatementHistoryQuarterly": {"cashflowStatements": [{"maxAge": 1, "endDate": "2020-12-31", "netIncome": 1367100000, "changeToLiabilities": 0}, {"maxAge": 1, "endDate": "2020-09-30", "netIncome": 830700000, "changeToLiabilities": 0}, {"maxAge": 1, "endDate": "2020-06-30", "netIncome": -175600000, "changeToLiabilities": 0}, {"maxAge": 1, "endDate": "2020-03-31", "netIncome": 665345000, "changeToLiabilities": 0}], "maxAge": 86400}, "insiderHolders": {"holders": [], "maxAge": 1}, "calendarEvents": {"maxAge": 1, "earnings": {"earningsDate": ["2020-11-06 05:30:S"]}, "exDividendDate": "1997-08-26 05:30:00"}, "upgradeDowngradeHistory": {"history": [], "maxAge": 86400}, "price": {"maxAge": 1, "regularMarketChangePercent": -0.037444934, "regularMarketChange": -4.25, "regularMarketTime": "2021-04-30 15:29:57", "priceHint": 2, "regularMarketPrice": 109.25, "regularMarketDayHigh": 115.45, "regularMarketDayLow": 107.85, "regularMarketVolume": 485093, "averageDailyVolume10Day": 316810, "averageDailyVolume3Month": 1487419, "regularMarketPreviousClose": 113.5, "regularMarketSource": "FREE_REALTIME", "regularMarketOpen": 112.0, "exchange": "NSI", "exchangeName": "NSE", "exchangeDataDelayedBy": 15, "marketState": "CLOSED", "quoteType": "EQUITY", "symbol": "FACT.NS", "underlyingSymbol": null, "shortName": "FERTILIZERS & CHEM", "longName": "The Fertilisers And Chemicals Travancore Limited", "currency": "INR", "quoteSourceName": "Delayed Quote", "currencySymbol": "\u20b9", "fromCurrency": null, "lastMarket": null, "marketCap": 70723747840}, "balanceSheetHistory": {"balanceSheetStatements": [{"maxAge": 1, "endDate": "2020-03-31", "cash": 487175000, "shortTermInvestments": 4250680000, "netReceivables": 8678086000, "inventory": 5632657000, "otherCurrentAssets": 2205808000, "totalCurrentAssets": 21312085000, "longTermInvestments": 1261707000, "propertyPlantEquipment": 3370269000, "intangibleAssets": 11064000, "otherAssets": 168060000, "totalAssets": 26123185000, "accountsPayable": 2114121000, "shortLongTermDebt": 8903438000, "otherCurrentLiab": 1250889000, "longTermDebt": 9056438000, "otherLiab": 1992396000, "totalCurrentLiabilities": 19988654000, "totalLiab": 31037488000, "commonStock": 6470720000, "retainedEarnings": -12135273000, "treasuryStock": 750250000, "otherStockholderEquity": 750250000, "totalStockholderEquity": -4914303000, "netTangibleAssets": -4925367000}, {"maxAge": 1, "endDate": "2019-03-31", "cash": 64277000, "netReceivables": 8797295000, "inventory": 6520072000, "otherCurrentAssets": 3758055000, "totalCurrentAssets": 19198935000, "longTermInvestments": 690620000, "propertyPlantEquipment": 3119594000, "intangibleAssets": 14166000, "otherAssets": 118468000, "totalAssets": 23141783000, "accountsPayable": 4189687000, "otherCurrentLiab": 4073697000, "longTermDebt": 17959875000, "otherLiab": 1808243000, "totalCurrentLiabilities": 18096335000, "totalLiab": 37864453000, "commonStock": 6470720000, "retainedEarnings": -21853240000, "treasuryStock": 659850000, "otherStockholderEquity": 659850000, "totalStockholderEquity": -14722670000, "netTangibleAssets": -14736836000}, {"maxAge": 1, "endDate": "2018-03-31", "cash": 461204000, "shortTermInvestments": 175248000, "netReceivables": 6876180000, "inventory": 4787464000, "otherCurrentAssets": 2001044000, "totalCurrentAssets": 14334504000, "longTermInvestments": 592721000, "propertyPlantEquipment": 3131201000, "otherAssets": 102744000, "totalAssets": 18161170000, "accountsPayable": 4230061000, "otherCurrentLiab": 3176932000, "longTermDebt": 17704875000, "otherLiab": 1706563000, "totalCurrentLiabilities": 15138033000, "totalLiab": 34549471000, "commonStock": 6470720000, "retainedEarnings": -23421163000, "treasuryStock": 562142000, "otherStockholderEquity": 562142000, "totalStockholderEquity": -16388301000, "netTangibleAssets": -16388301000}, {"maxAge": 1, "endDate": "2017-03-31", "cash": 322909000, "shortTermInvestments": 198929000, "netReceivables": 6420763000, "inventory": 4291081000, "otherCurrentAssets": 666635000, "totalCurrentAssets": 11923407000, "longTermInvestments": 457153000, "propertyPlantEquipment": 3213879000, "otherAssets": 81777000, "totalAssets": 15676216000, "accountsPayable": 3207249000, "otherCurrentLiab": 1839224000, "longTermDebt": 17704875000, "otherLiab": 1280183000, "totalCurrentLiabilities": 11814497000, "totalLiab": 30799555000, "commonStock": 6470720000, "retainedEarnings": -22020822000, "treasuryStock": 426763000, "otherStockholderEquity": 426763000, "totalStockholderEquity": -15123339000, "netTangibleAssets": -15123339000}], "maxAge": 86400}, "financialData": {"maxAge": 86400, "currentPrice": 109.25, "recommendationKey": "none", "totalCash": 12069799936, "totalCashPerShare": 18.629, "ebitda": 4398117888, "totalDebt": 9056400384, "totalRevenue": 23325638656, "revenuePerShare": 36.125, "grossProfits": 11316957000, "earningsGrowth": -0.861, "revenueGrowth": 0.077, "grossMargins": 0.47467998, "ebitdaMargins": 0.18855, "operatingMargins": 0.18238, "profitMargins": 0.07694, "financialCurrency": "INR"}}}