{"FAZE3Q.BO": {"cashflowStatementHistory": {"cashflowStatements": [{"maxAge": 1, "endDate": "2020-03-31", "netIncome": 181400000, "depreciation": 81000000, "changeToNetincome": 28400000, "changeToAccountReceivables": 19100000, "changeToLiabilities": -15100000, "changeToInventory": 58500000, "changeToOperatingActivities": -42300000, "totalCashFromOperatingActivities": 311000000, "capitalExpenditures": -105100000, "investments": 49900000, "otherCashflowsFromInvestingActivities": 3200000, "totalCashflowsFromInvestingActivities": -52000000, "dividendsPaid": -14700000, "netBorrowings": -149200000, "otherCashflowsFromFinancingActivities": -54100000, "totalCashFromFinancingActivities": -218000000, "changeInCash": 41000000}, {"maxAge": 1, "endDate": "2019-03-31", "netIncome": 150500000, "depreciation": 53500000, "changeToNetincome": 53000000, "changeToAccountReceivables": -52500000, "changeToLiabilities": 9300000, "changeToInventory": 54700000, "changeToOperatingActivities": 104200000, "totalCashFromOperatingActivities": 372700000, "capitalExpenditures": -98300000, "investments": -57600000, "otherCashflowsFromInvestingActivities": 3200000, "totalCashflowsFromInvestingActivities": -153600000, "dividendsPaid": -14700000, "netBorrowings": -62200000, "otherCashflowsFromFinancingActivities": -53400000, "totalCashFromFinancingActivities": -130300000, "changeInCash": 88800000}, {"maxAge": 1, "endDate": "2018-03-31", "netIncome": 168300000, "depreciation": 66900000, "changeToNetincome": -100900000, "changeToAccountReceivables": -1800000, "changeToLiabilities": -163700000, "changeToInventory": 18000000, "changeToOperatingActivities": -121300000, "totalCashFromOperatingActivities": -134500000, "capitalExpenditures": -96800000, "investments": 5700000, "otherCashflowsFromInvestingActivities": 2600000, "totalCashflowsFromInvestingActivities": -41600000, "dividendsPaid": -14700000, "netBorrowings": 192900000, "otherCashflowsFromFinancingActivities": -50100000, "totalCashFromFinancingActivities": 180600000, "changeInCash": 4500000, "issuanceOfStock": 37800000}, {"maxAge": 1, "endDate": "2017-03-31", "netIncome": 392900000, "depreciation": 69600000, "changeToNetincome": -55000000, "changeToAccountReceivables": 139900000, "changeToLiabilities": 40000000, "changeToInventory": 100100000, "changeToOperatingActivities": -862600000, "totalCashFromOperatingActivities": -175100000, "capitalExpenditures": -42500000, "investments": 1000000, "otherCashflowsFromInvestingActivities": 800000, "totalCashflowsFromInvestingActivities": 40100000, "dividendsPaid": -14700000, "netBorrowings": -81700000, "otherCashflowsFromFinancingActivities": -36700000, "totalCashFromFinancingActivities": 138900000, "changeInCash": 3900000, "issuanceOfStock": 257300000}], "maxAge": 86400}, "institutionOwnership": {"maxAge": 1, "ownershipList": []}, "balanceSheetHistoryQuarterly": {"balanceSheetStatements": [{"maxAge": 1, "endDate": "2020-06-30", "totalStockholderEquity": 2014500000, "netTangibleAssets": 2014500000}, {"maxAge": 1, "endDate": "2020-03-31", "cash": 152700000, "shortTermInvestments": 10000000, "netReceivables": 548200000, "inventory": 607700000, "otherCurrentAssets": 39100000, "totalCurrentAssets": 1364600000, "longTermInvestments": 3400000, "propertyPlantEquipment": 1375200000, "otherAssets": 104500000, "deferredLongTermAssetCharges": 63000000, "totalAssets": 2847700000, "accountsPayable": 67900000, "shortLongTermDebt": 800000, "otherCurrentLiab": 2200000, "longTermDebt": 12000000, "otherLiab": 14400000, "totalCurrentLiabilities": 701700000, "totalLiab": 833200000, "commonStock": 243200000, "retainedEarnings": 918500000, "treasuryStock": 608400000, "capitalSurplus": 244400000, "otherStockholderEquity": 608400000, "totalStockholderEquity": 2014500000, "netTangibleAssets": 2014500000}, {"maxAge": 1, "endDate": "2019-12-31", "totalStockholderEquity": 1937500000, "netTangibleAssets": 1937500000}, {"maxAge": 1, "endDate": "2019-09-30", "cash": 135500000, "shortTermInvestments": 23300000, "netReceivables": 580300000, "inventory": 669000000, "otherCurrentAssets": 172800000, "totalCurrentAssets": 1580900000, "longTermInvestments": 22900000, "propertyPlantEquipment": 1369800000, "otherAssets": 100100000, "deferredLongTermAssetCharges": 55100000, "totalAssets": 3073700000, "accountsPayable": 98800000, "otherCurrentLiab": 86700000, "longTermDebt": 23600000, "otherLiab": 13100000, "totalCurrentLiabilities": 988000000, "totalLiab": 1136200000, "commonStock": 243200000, "treasuryStock": 1694300000, "otherStockholderEquity": 1694300000, "totalStockholderEquity": 1937500000, "netTangibleAssets": 1937500000}], "maxAge": 86400}, "indexTrend": {"maxAge": 1, "symbol": "SP5", "peRatio": 19.7411, "pegRatio": 1.34172, "estimates": [{"period": "0q", "growth": 0.549}, {"period": "+1q", "growth": 0.431}, {"period": "0y", "growth": 0.305}, {"period": "+1y", "growth": 0.109}, {"period": "+5y", "growth": 0.120859005}, {"period": "-5y"}]}, "insiderTransactions": {"transactions": [{"maxAge": 1, "shares": 47488, "filerUrl": "", "transactionText": "", "filerName": "Anand (Ajay)", "filerRelation": "Promoter", "moneyText": "", "startDate": "2020-06-26", "ownership": "D"}, {"maxAge": 1, "shares": 104693, "filerUrl": "", "transactionText": "", "filerName": "Anand (Ajay)", "filerRelation": "Chairman of the Board", "moneyText": "", "startDate": "2020-03-31", "ownership": "D"}, {"maxAge": 1, "shares": 642779, "filerUrl": "", "transactionText": "", "filerName": "Anand (Ajay)", "filerRelation": "Chairman of the Board", "moneyText": "", "startDate": "2020-03-30", "ownership": "D"}, {"maxAge": 1, "shares": 41972, "filerUrl": "", "transactionText": "", "filerName": "Anand (Ajay)", "filerRelation": "Chairman of the Board", "moneyText": "", "startDate": "2019-12-31", "ownership": "D"}], "maxAge": 1}, "quoteType": {"exchange": "BSE", "quoteType": "EQUITY", "symbol": "FAZE3Q.BO", "underlyingSymbol": "FAZE3Q.BO", "shortName": "FAZE THREE LTD.", "longName": "Faze Three Limited", "firstTradeDateEpochUtc": "2002-07-01 09:15:00", "timeZoneFullName": "Asia/Kolkata", "timeZoneShortName": "IST", "uuid": "d7dff358-24ea-3ce3-b0da-44baec17103d", "messageBoardId": null, "gmtOffSetMilliseconds": 19800000, "maxAge": 1}, "incomeStatementHistory": {"incomeStatementHistory": [{"maxAge": 1, "endDate": "2020-03-31", "totalRevenue": 3024500000, "costOfRevenue": 1439200000, "grossProfit": 1585300000, "researchDevelopment": {}, "sellingGeneralAdministrative": 526000000, "nonRecurring": {}, "otherOperatingExpenses": 713500000, "totalOperatingExpenses": 2758300000, "operatingIncome": 266200000, "totalOtherIncomeExpenseNet": -54400000, "ebit": 266200000, "interestExpense": -63600000, "incomeBeforeTax": 211800000, "incomeTaxExpense": 30400000, "minorityInterest": {}, "netIncomeFromContinuingOps": 181400000, "discontinuedOperations": {}, "extraordinaryItems": {}, "effectOfAccountingCharges": {}, "otherItems": {}, "netIncome": 181400000, "netIncomeApplicableToCommonShares": 181400000}, {"maxAge": 1, "endDate": "2019-03-31", "totalRevenue": 2690400000, "costOfRevenue": 1253400000, "grossProfit": 1437000000, "researchDevelopment": {}, "sellingGeneralAdministrative": 436100000, "nonRecurring": {}, "otherOperatingExpenses": 668200000, "totalOperatingExpenses": 2409800000, "operatingIncome": 280600000, "totalOtherIncomeExpenseNet": -102400000, "ebit": 280600000, "interestExpense": -53400000, "incomeBeforeTax": 178200000, "incomeTaxExpense": 27700000, "minorityInterest": {}, "netIncomeFromContinuingOps": 150500000, "discontinuedOperations": {}, "extraordinaryItems": {}, "effectOfAccountingCharges": {}, "otherItems": {}, "netIncome": 150500000, "netIncomeApplicableToCommonShares": 150500000}, {"maxAge": 1, "endDate": "2018-03-31", "totalRevenue": 2398900000, "costOfRevenue": 1188000000, "grossProfit": 1210900000, "researchDevelopment": {}, "sellingGeneralAdministrative": 391200000, "nonRecurring": {}, "otherOperatingExpenses": 612300000, "totalOperatingExpenses": 2258400000, "operatingIncome": 140500000, "totalOtherIncomeExpenseNet": 14900000, "ebit": 140500000, "interestExpense": -50100000, "incomeBeforeTax": 155400000, "incomeTaxExpense": -12900000, "minorityInterest": {}, "netIncomeFromContinuingOps": 168300000, "discontinuedOperations": {}, "extraordinaryItems": {}, "effectOfAccountingCharges": {}, "otherItems": {}, "netIncome": 168300000, "netIncomeApplicableToCommonShares": 168300000}, {"maxAge": 1, "endDate": "2017-03-31", "totalRevenue": 2439600000, "costOfRevenue": 1272300000, "grossProfit": 1167300000, "researchDevelopment": {}, "sellingGeneralAdministrative": 336700000, "nonRecurring": {}, "otherOperatingExpenses": 577300000, "totalOperatingExpenses": 2255900000, "operatingIncome": 183700000, "totalOtherIncomeExpenseNet": 98000000, "ebit": 183700000, "interestExpense": -49000000, "incomeBeforeTax": 281700000, "incomeTaxExpense": -111200000, "minorityInterest": {}, "netIncomeFromContinuingOps": 392900000, "discontinuedOperations": {}, "extraordinaryItems": {}, "effectOfAccountingCharges": {}, "otherItems": {}, "netIncome": 392900000, "netIncomeApplicableToCommonShares": 392900000}], "maxAge": 86400}, "fundOwnership": {"maxAge": 1, "ownershipList": []}, "summaryDetail": {"maxAge": 1, "priceHint": 2, "previousClose": 77.9, "open": 79.4, "dayLow": 76.0, "dayHigh": 80.45, "regularMarketPreviousClose": 77.9, "regularMarketOpen": 79.4, "regularMarketDayLow": 76.0, "regularMarketDayHigh": 80.45, "trailingPE": 11.686345, "volume": 1728, "regularMarketVolume": 1728, "averageVolume": 9086, "averageVolume10days": 11479, "averageDailyVolume10Day": 11479, "bid": 76.0, "ask": 77.95, "bidSize": 0, "askSize": 0, "marketCap": 1877426688, "fiftyTwoWeekLow": 20.35, "fiftyTwoWeekHigh": 80.45, "fiftyDayAverage": 61.55147, "twoHundredDayAverage": 52.107353, "trailingAnnualDividendRate": 0.5, "trailingAnnualDividendYield": 0.006418485, "currency": "INR", "fromCurrency": null, "toCurrency": null, "lastMarket": null, "algorithm": null, "tradeable": false}, "incomeStatementHistoryQuarterly": {"incomeStatementHistory": [{"maxAge": 1, "endDate": "2020-06-30", "totalRevenue": 408400000, "costOfRevenue": 160700000, "grossProfit": 247700000, "researchDevelopment": {}, "sellingGeneralAdministrative": 95700000, "nonRecurring": {}, "otherOperatingExpenses": 87000000, "totalOperatingExpenses": 364000000, "operatingIncome": 44400000, "totalOtherIncomeExpenseNet": -13900000, "ebit": 44400000, "interestExpense": -13900000, "incomeBeforeTax": 30500000, "incomeTaxExpense": 9000000, "minorityInterest": {}, "netIncomeFromContinuingOps": 21500000, "discontinuedOperations": {}, "extraordinaryItems": {}, "effectOfAccountingCharges": {}, "otherItems": {}, "netIncome": 21500000, "netIncomeApplicableToCommonShares": 21500000}, {"maxAge": 1, "endDate": "2020-03-31", "totalRevenue": 735800000, "costOfRevenue": 405200000, "grossProfit": 330600000, "researchDevelopment": {}, "sellingGeneralAdministrative": 128500000, "nonRecurring": {}, "otherOperatingExpenses": 159300000, "totalOperatingExpenses": 713600000, "operatingIncome": 22200000, "totalOtherIncomeExpenseNet": 11000000, "ebit": 22200000, "interestExpense": -13900000, "incomeBeforeTax": 33200000, "incomeTaxExpense": -600000, "minorityInterest": {}, "netIncomeFromContinuingOps": 33800000, "discontinuedOperations": {}, "extraordinaryItems": {}, "effectOfAccountingCharges": {}, "otherItems": {}, "netIncome": 33800000, "netIncomeApplicableToCommonShares": 33800000}, {"maxAge": 1, "endDate": "2019-12-31", "totalRevenue": 840200000, "costOfRevenue": 325400000, "grossProfit": 514800000, "researchDevelopment": {}, "sellingGeneralAdministrative": 137200000, "nonRecurring": {}, "otherOperatingExpenses": 257500000, "totalOperatingExpenses": 741400000, "operatingIncome": 98800000, "totalOtherIncomeExpenseNet": -25400000, "ebit": 98800000, "interestExpense": -25400000, "incomeBeforeTax": 73400000, "incomeTaxExpense": 12400000, "minorityInterest": {}, "netIncomeFromContinuingOps": 61000000, "discontinuedOperations": {}, "extraordinaryItems": {}, "effectOfAccountingCharges": {}, "otherItems": {}, "netIncome": 61000000, "netIncomeApplicableToCommonShares": 61000000}, {"maxAge": 1, "endDate": "2019-09-30", "totalRevenue": 703500000, "costOfRevenue": 340800000, "grossProfit": 362700000, "researchDevelopment": {}, "sellingGeneralAdministrative": 132600000, "nonRecurring": {}, "otherOperatingExpenses": 135900000, "totalOperatingExpenses": 627700000, "operatingIncome": 75800000, "totalOtherIncomeExpenseNet": -21900000, "ebit": 75800000, "interestExpense": -21900000, "incomeBeforeTax": 53900000, "incomeTaxExpense": 9500000, "minorityInterest": {}, "netIncomeFromContinuingOps": 44400000, "discontinuedOperations": {}, "extraordinaryItems": {}, "effectOfAccountingCharges": {}, "otherItems": {}, "netIncome": 44400000, "netIncomeApplicableToCommonShares": 44400000}], "maxAge": 86400}, "cashflowStatementHistoryQuarterly": {"cashflowStatements": [{"maxAge": 1, "endDate": "2020-06-30", "netIncome": 21500000, "changeToLiabilities": 0}, {"maxAge": 1, "endDate": "2020-03-31", "netIncome": 33800000, "changeToLiabilities": 0}, {"maxAge": 1, "endDate": "2019-12-31", "netIncome": 61000000, "changeToLiabilities": 0}, {"maxAge": 1, "endDate": "2019-09-30", "netIncome": 44400000, "changeToLiabilities": 0}], "maxAge": 86400}, "insiderHolders": {"holders": [{"maxAge": 1, "name": "Anand (Ajay)", "relation": "Promoter", "url": "", "transactionDescription": "Acquisition", "latestTransDate": "2020-06-26", "positionDirect": 7157344, "positionDirectDate": "2020-06-26"}], "maxAge": 1}, "calendarEvents": {"maxAge": 1, "earnings": {"earningsDate": ["2020-09-07 05:30:S"]}}, "price": {"maxAge": 1, "regularMarketChangePercent": -0.008985938, "regularMarketChange": -0.7000046, "regularMarketTime": "2021-04-30 15:29:17", "priceHint": 2, "regularMarketPrice": 77.2, "regularMarketDayHigh": 80.45, "regularMarketDayLow": 76.0, "regularMarketVolume": 1728, "averageDailyVolume10Day": 11479, "averageDailyVolume3Month": 9086, "regularMarketPreviousClose": 77.9, "regularMarketSource": "FREE_REALTIME", "regularMarketOpen": 79.4, "exchange": "BSE", "exchangeName": "BSE", "exchangeDataDelayedBy": 0, "marketState": "CLOSED", "quoteType": "EQUITY", "symbol": "FAZE3Q.BO", "underlyingSymbol": null, "shortName": "FAZE THREE LTD.", "longName": "Faze Three Limited", "currency": "INR", "quoteSourceName": "Delayed Quote", "currencySymbol": "\u20b9", "fromCurrency": null, "toCurrency": null, "lastMarket": null, "marketCap": 1877426688}, "balanceSheetHistory": {"balanceSheetStatements": [{"maxAge": 1, "endDate": "2020-03-31", "cash": 152700000, "shortTermInvestments": 10000000, "netReceivables": 548200000, "inventory": 607700000, "otherCurrentAssets": 39100000, "totalCurrentAssets": 1364600000, "longTermInvestments": 3400000, "propertyPlantEquipment": 1375200000, "otherAssets": 104500000, "deferredLongTermAssetCharges": 63000000, "totalAssets": 2847700000, "accountsPayable": 67900000, "shortLongTermDebt": 800000, "otherCurrentLiab": 2200000, "longTermDebt": 12000000, "otherLiab": 14400000, "totalCurrentLiabilities": 701700000, "totalLiab": 833200000, "commonStock": 243200000, "retainedEarnings": 918500000, "treasuryStock": 608400000, "capitalSurplus": 244400000, "otherStockholderEquity": 608400000, "totalStockholderEquity": 2014500000, "netTangibleAssets": 2014500000}, {"maxAge": 1, "endDate": "2019-03-31", "cash": 111700000, "shortTermInvestments": 60000000, "netReceivables": 523100000, "inventory": 666400000, "otherCurrentAssets": 21500000, "totalCurrentAssets": 1396800000, "longTermInvestments": 3300000, "propertyPlantEquipment": 1209600000, "otherAssets": 89100000, "deferredLongTermAssetCharges": 53500000, "totalAssets": 2698800000, "accountsPayable": 83000000, "shortLongTermDebt": 6900000, "otherCurrentLiab": 700000, "longTermDebt": 26700000, "otherLiab": 12400000, "totalCurrentLiabilities": 807900000, "totalLiab": 847000000, "commonStock": 243200000, "retainedEarnings": 754000000, "treasuryStock": 610200000, "capitalSurplus": 244400000, "otherStockholderEquity": 610200000, "totalStockholderEquity": 1851800000, "netTangibleAssets": 1851800000}, {"maxAge": 1, "endDate": "2018-03-31", "cash": 22900000, "shortTermInvestments": 1200000, "netReceivables": 616000000, "inventory": 721300000, "otherCurrentAssets": 23100000, "totalCurrentAssets": 1391300000, "longTermInvestments": 2100000, "propertyPlantEquipment": 1145600000, "otherAssets": 71600000, "deferredLongTermAssetCharges": 41200000, "totalAssets": 2610600000, "accountsPayable": 67500000, "shortLongTermDebt": 2700000, "otherCurrentLiab": 200000, "longTermDebt": 8200000, "otherLiab": 9400000, "totalCurrentLiabilities": 873700000, "totalLiab": 891300000, "commonStock": 243200000, "retainedEarnings": 620100000, "treasuryStock": 611600000, "capitalSurplus": 244400000, "otherStockholderEquity": 611600000, "totalStockholderEquity": 1719300000, "netTangibleAssets": 1719300000}, {"maxAge": 1, "endDate": "2017-03-31", "cash": 25300000, "netReceivables": 459800000, "inventory": 714900000, "otherCurrentAssets": 47300000, "totalCurrentAssets": 1254700000, "longTermInvestments": 3700000, "propertyPlantEquipment": 570700000, "otherAssets": 12700000, "totalAssets": 1841800000, "accountsPayable": 224300000, "shortLongTermDebt": 6000000, "otherCurrentLiab": 5800000, "longTermDebt": 32900000, "otherLiab": 52200000, "totalCurrentLiabilities": 808400000, "totalLiab": 893500000, "commonStock": 233000000, "retainedEarnings": 441300000, "treasuryStock": 131600000, "capitalSurplus": 142400000, "otherStockholderEquity": 131600000, "totalStockholderEquity": 948300000, "netTangibleAssets": 948300000}], "maxAge": 86400}, "financialData": {"maxAge": 86400, "currentPrice": 77.2, "recommendationKey": "none", "grossProfits": 1585300000, "financialCurrency": "INR"}}}