{"FCL.BO": {"recommendationTrend": {"trend": [{"period": "0m", "strongBuy": 0, "buy": 0, "hold": 0, "sell": 0, "strongSell": 0}, {"period": "-1m", "strongBuy": 0, "buy": 0, "hold": 0, "sell": 0, "strongSell": 0}, {"period": "-2m", "strongBuy": 0, "buy": 0, "hold": 0, "sell": 0, "strongSell": 0}, {"period": "-3m", "strongBuy": 0, "buy": 0, "hold": 0, "sell": 0, "strongSell": 0}], "maxAge": 86400}, "cashflowStatementHistory": {"cashflowStatements": [{"maxAge": 1, "endDate": "2020-03-31", "netIncome": 130761000, "depreciation": 11691000, "changeToNetincome": 134701000, "changeToAccountReceivables": -47149000, "changeToLiabilities": 24756000, "changeToInventory": 39993000, "changeToOperatingActivities": -11181000, "totalCashFromOperatingActivities": 283572000, "capitalExpenditures": -62703000, "investments": -134201000, "otherCashflowsFromInvestingActivities": 6808000, "totalCashflowsFromInvestingActivities": -190096000, "dividendsPaid": -16695000, "netBorrowings": -1022000, "otherCashflowsFromFinancingActivities": -21062000, "totalCashFromFinancingActivities": -38779000, "effectOfExchangeRate": 3825000, "changeInCash": 58523000}, {"maxAge": 1, "endDate": "2019-03-31", "netIncome": 225243000, "depreciation": 10020000, "changeToNetincome": 13244000, "changeToAccountReceivables": -212124000, "changeToLiabilities": 100389000, "changeToInventory": -39896000, "changeToOperatingActivities": 23286000, "totalCashFromOperatingActivities": 120162000, "capitalExpenditures": -78494000, "investments": 116936000, "otherCashflowsFromInvestingActivities": 3381000, "totalCashflowsFromInvestingActivities": 41823000, "dividendsPaid": -16695000, "netBorrowings": -1145000, "otherCashflowsFromFinancingActivities": -33236000, "totalCashFromFinancingActivities": -34381000, "effectOfExchangeRate": 8215000, "changeInCash": 135818000}, {"maxAge": 1, "endDate": "2018-03-31", "netIncome": 226956000, "depreciation": 6517000, "changeToNetincome": -22034000, "changeToAccountReceivables": 13283000, "changeToLiabilities": -46137000, "changeToInventory": -79566000, "changeToOperatingActivities": -35592000, "totalCashFromOperatingActivities": 63427000, "capitalExpenditures": -24682000, "investments": 21292000, "otherCashflowsFromInvestingActivities": 1530000, "totalCashflowsFromInvestingActivities": -94054000, "dividendsPaid": -22260000, "netBorrowings": 2167000, "otherCashflowsFromFinancingActivities": -16133000, "totalCashFromFinancingActivities": -36226000, "effectOfExchangeRate": 36880000, "changeInCash": -29972000}, {"maxAge": 1, "endDate": "2017-03-31", "netIncome": 258042654, "depreciation": 6297625, "changeToNetincome": -72817785, "changeToAccountReceivables": -39480769, "changeToLiabilities": 24056497, "changeToInventory": -15703794, "changeToOperatingActivities": 30830720, "totalCashFromOperatingActivities": 191225148, "capitalExpenditures": -49763884, "investments": -66287332, "otherCashflowsFromInvestingActivities": 7036258, "totalCashflowsFromInvestingActivities": -108914958, "dividendsPaid": -11130000, "netBorrowings": -19829196, "otherCashflowsFromFinancingActivities": -5229415, "totalCashFromFinancingActivities": -58454507, "effectOfExchangeRate": -32590713, "changeInCash": -8735031, "repurchaseOfStock": -29264848, "issuanceOfStock": 6998952}], "maxAge": 86400}, "institutionOwnership": {"ownershipList": [], "maxAge": 1}, "balanceSheetHistoryQuarterly": {"balanceSheetStatements": [{"maxAge": 1, "endDate": "2020-06-30", "totalStockholderEquity": 1696944000, "netTangibleAssets": 1635559000}, {"maxAge": 1, "endDate": "2020-03-31", "cash": 173804000, "shortTermInvestments": 2000, "netReceivables": 586176000, "inventory": 210859000, "otherCurrentAssets": 90192000, "totalCurrentAssets": 1153897000, "longTermInvestments": 384165000, "propertyPlantEquipment": 313065000, "goodWill": 61385000, "otherAssets": 165983000, "deferredLongTermAssetCharges": 5379000, "totalAssets": 2078495000, "accountsPayable": 233772000, "shortLongTermDebt": 1919000, "otherCurrentLiab": 24570000, "otherLiab": 5514000, "minorityInterest": 62869000, "totalCurrentLiabilities": 313168000, "totalLiab": 318682000, "commonStock": 222600000, "retainedEarnings": 1368526000, "treasuryStock": 6973000, "capitalSurplus": 98845000, "otherStockholderEquity": 6973000, "totalStockholderEquity": 1696944000, "netTangibleAssets": 1635559000}, {"maxAge": 1, "endDate": "2019-12-31", "totalStockholderEquity": 1697161000, "netTangibleAssets": 1635776000}, {"maxAge": 1, "endDate": "2019-09-30", "cash": 161388000, "shortTermInvestments": 42459000, "netReceivables": 531015000, "inventory": 240921000, "otherCurrentAssets": 116697000, "totalCurrentAssets": 1092480000, "longTermInvestments": 494223000, "propertyPlantEquipment": 302795000, "goodWill": 61385000, "otherAssets": 80978000, "totalAssets": 2031861000, "accountsPayable": 146764000, "otherCurrentLiab": 110800000, "otherLiab": 9386000, "minorityInterest": 54830000, "totalCurrentLiabilities": 270484000, "totalLiab": 279870000, "commonStock": 222600000, "treasuryStock": 1474561000, "otherStockholderEquity": 1474561000, "totalStockholderEquity": 1697161000, "netTangibleAssets": 1635776000}], "maxAge": 86400}, "earningsHistory": {"history": [{"maxAge": 1, "epsActual": {}, "epsEstimate": {}, "epsDifference": {}, "surprisePercent": {}, "quarter": {}, "period": "-4q"}, {"maxAge": 1, "epsActual": {}, "epsEstimate": {}, "epsDifference": {}, "surprisePercent": {}, "quarter": {}, "period": "-3q"}, {"maxAge": 1, "epsActual": {}, "epsEstimate": {}, "epsDifference": {}, "surprisePercent": {}, "quarter": {}, "period": "-2q"}, {"maxAge": 1, "epsActual": {}, "epsEstimate": {}, "epsDifference": {}, "surprisePercent": {}, "quarter": {}, "period": "-1q"}], "maxAge": 86400}, "indexTrend": {"maxAge": 1, "symbol": "SP5", "peRatio": 19.7411, "pegRatio": 1.34172, "estimates": [{"period": "0q", "growth": 0.549}, {"period": "+1q", "growth": 0.431}, {"period": "0y", "growth": 0.305}, {"period": "+1y", "growth": 0.109}, {"period": "+5y", "growth": 0.120865}, {"period": "-5y"}]}, "industryTrend": {"maxAge": 1, "symbol": null, "estimates": []}, "insiderTransactions": {"transactions": [{"maxAge": 1, "shares": 18424, "value": 8108, "filerUrl": "", "transactionText": "Sale at price 0.44 per share.", "filerName": "Mehta (Manmohan)", "filerRelation": "Independent Non-Executive Director", "moneyText": "", "startDate": "2020-08-17", "ownership": "D"}, {"maxAge": 1, "shares": 52195, "value": 22944, "filerUrl": "", "transactionText": "Sale at price 0.44 per share.", "filerName": "Mehta (Manmohan)", "filerRelation": "Independent Non-Executive Director", "moneyText": "", "startDate": "2020-08-13", "ownership": "D"}, {"maxAge": 1, "shares": 33906, "value": 6618, "filerUrl": "", "transactionText": "Acquisition at price 0.20 per share.", "filerName": "Mehta (Manmohan)", "filerRelation": "Independent Non-Executive Director", "moneyText": "", "startDate": "2020-03-19", "ownership": "D"}, {"maxAge": 1, "shares": 23000, "value": 4735, "filerUrl": "", "transactionText": "Acquisition at price 0.21 per share.", "filerName": "Mehta (Manmohan)", "filerRelation": "Independent Non-Executive Director", "moneyText": "", "startDate": "2020-03-18", "ownership": "D"}, {"maxAge": 1, "shares": 60000, "filerUrl": "", "transactionText": "", "filerName": "Mehta (Manmohan)", "filerRelation": "Independent Non-Executive Chairman", "moneyText": "", "startDate": "2020-03-17", "ownership": "D"}, {"maxAge": 1, "shares": 813800, "filerUrl": "", "transactionText": "", "filerName": "Proton Biochem Pvt. Ltd.", "filerRelation": "Promoter", "moneyText": "", "startDate": "2019-03-27", "ownership": "D"}, {"maxAge": 1, "shares": 100000, "filerUrl": "", "transactionText": "", "filerName": "Tibrewala (Surendrakumar Deviprasad)", "filerRelation": "Chairman of the Board", "moneyText": "", "startDate": "2019-01-30", "ownership": "D"}, {"maxAge": 1, "shares": 55024664, "filerUrl": "", "transactionText": "", "filerName": "Tibrewala (Surendrakumar Deviprasad)", "filerRelation": "Chairman of the Board", "moneyText": "", "startDate": "2019-01-29", "ownership": "D"}, {"maxAge": 1, "shares": 177400, "filerUrl": "", "transactionText": "", "filerName": "Tibrewala (Surendra Kumar) HUF", "filerRelation": "UNREPORTED", "moneyText": "", "startDate": "2019-01-28", "ownership": "D"}, {"maxAge": 1, "shares": 1100, "filerUrl": "", "transactionText": "", "filerName": "Gupta (Ritu)", "filerRelation": "Additonal Director", "moneyText": "", "startDate": "2015-02-17", "ownership": "D"}, {"maxAge": 1, "shares": 6915583, "filerUrl": "", "transactionText": "", "filerName": "Tibrewala (Surendrakumar Deviprasad)", "filerRelation": "Managing Director", "moneyText": "", "startDate": "2015-02-17", "ownership": "D"}, {"maxAge": 1, "shares": 84550, "filerUrl": "", "transactionText": "", "filerName": "Tibrewala (Surendra Kumar) HUF", "filerRelation": "UNREPORTED", "moneyText": "", "startDate": "2015-02-17", "ownership": "D"}, {"maxAge": 1, "shares": 321399, "filerUrl": "", "transactionText": "", "filerName": "Tibrewala (Sanjay)", "filerRelation": "Director (Executive)", "moneyText": "", "startDate": "2015-02-17", "ownership": "D"}, {"maxAge": 1, "shares": 100, "filerUrl": "", "transactionText": "", "filerName": "Tibrewala (Nidhi Sanjay)", "filerRelation": "UNREPORTED", "moneyText": "", "startDate": "2015-02-17", "ownership": "D"}, {"maxAge": 1, "shares": 328170, "filerUrl": "", "transactionText": "", "filerName": "Tibrewala (Kanaklata)", "filerRelation": "Promoter", "moneyText": "", "startDate": "2015-02-17", "ownership": "D"}, {"maxAge": 1, "shares": 107350, "filerUrl": "", "transactionText": "", "filerName": "Proton Biochem Pvt. Ltd.", "filerRelation": "Institution- Corporation", "moneyText": "", "startDate": "2015-02-17", "ownership": "D"}, {"maxAge": 1, "shares": 295450, "filerUrl": "", "transactionText": "", "filerName": "Kamal Chemicals Pvt Ltd", "filerRelation": "Promoter", "moneyText": "", "startDate": "2015-02-17", "ownership": "D"}, {"maxAge": 1, "shares": 45000, "filerUrl": "", "transactionText": "", "filerName": "Tibrewala (Surendrakumar Deviprasad)", "filerRelation": "Chairman of the Board", "moneyText": "", "startDate": "2014-06-03", "ownership": "D"}, {"maxAge": 1, "shares": 20000, "filerUrl": "", "transactionText": "", "filerName": "Tibrewala (Sanjay)", "filerRelation": "Director (Executive)", "moneyText": "", "startDate": "2014-03-18", "ownership": "D"}, {"maxAge": 1, "shares": 12249, "filerUrl": "", "transactionText": "", "filerName": "Tibrewala (Sanjay)", "filerRelation": "Director (Executive)", "moneyText": "", "startDate": "2014-03-14", "ownership": "D"}, {"maxAge": 1, "shares": 35000, "filerUrl": "", "transactionText": "", "filerName": "Tibrewala (Sanjay)", "filerRelation": "Director (Executive)", "moneyText": "", "startDate": "2014-03-13", "ownership": "D"}, {"maxAge": 1, "shares": 48000, "filerUrl": "", "transactionText": "", "filerName": "Tibrewala (Sanjay)", "filerRelation": "Director (Executive)", "moneyText": "", "startDate": "2014-01-09", "ownership": "D"}, {"maxAge": 1, "shares": 45461, "filerUrl": "", "transactionText": "", "filerName": "Tibrewala (Surendrakumar Deviprasad)", "filerRelation": "Chairman of the Board", "moneyText": "", "startDate": "2014-01-07", "ownership": "D"}, {"maxAge": 1, "shares": 41121, "filerUrl": "", "transactionText": "", "filerName": "Tibrewala (Surendrakumar Deviprasad)", "filerRelation": "Chairman of the Board", "moneyText": "", "startDate": "2014-01-07", "ownership": "D"}, {"maxAge": 1, "shares": 47969, "filerUrl": "", "transactionText": "", "filerName": "Tibrewala (Surendrakumar Deviprasad)", "filerRelation": "Chairman of the Board", "moneyText": "", "startDate": "2014-01-07", "ownership": "D"}, {"maxAge": 1, "shares": 238000, "filerUrl": "", "transactionText": "", "filerName": "Tibrewala (Surendrakumar Deviprasad)", "filerRelation": "Chairman of the Board", "moneyText": "", "startDate": "2013-10-25", "ownership": "D"}, {"maxAge": 1, "shares": 72000, "filerUrl": "", "transactionText": "", "filerName": "Tibrewala (Surendrakumar Deviprasad)", "filerRelation": "Chairman of the Board", "moneyText": "", "startDate": "2013-10-23", "ownership": "D"}, {"maxAge": 1, "shares": 166368, "filerUrl": "", "transactionText": "", "filerName": "Tibrewala (Surendrakumar Deviprasad)", "filerRelation": "Chairman of the Board", "moneyText": "", "startDate": "2012-09-05", "ownership": "D"}, {"maxAge": 1, "shares": 265164, "filerUrl": "", "transactionText": "", "filerName": "Tibrewala (Surendrakumar Deviprasad)", "filerRelation": "Chairman of the Board", "moneyText": "", "startDate": "2012-09-04", "ownership": "D"}], "maxAge": 1}, "quoteType": {"exchange": "BSE", "quoteType": "EQUITY", "symbol": "FCL.BO", "underlyingSymbol": "FCL.BO", "shortName": "FINEOTEX CHEMICAL LTD.", "longName": "Fineotex Chemical Limited", "firstTradeDateEpochUtc": "2011-03-11 09:15:00", "timeZoneFullName": "Asia/Kolkata", "timeZoneShortName": "IST", "uuid": "6474de17-80e4-34f8-806f-2cd6bef67770", "gmtOffSetMilliseconds": 19800000, "maxAge": 1}, "incomeStatementHistory": {"incomeStatementHistory": [{"maxAge": 1, "endDate": "2020-03-31", "totalRevenue": 1963358000, "costOfRevenue": 1237066000, "grossProfit": 726292000, "researchDevelopment": {}, "sellingGeneralAdministrative": 105221000, "nonRecurring": {}, "otherOperatingExpenses": 273210000, "totalOperatingExpenses": 1627188000, "operatingIncome": 336170000, "totalOtherIncomeExpenseNet": -116558000, "ebit": 336170000, "interestExpense": -1317000, "incomeBeforeTax": 219612000, "incomeTaxExpense": 76513000, "minorityInterest": 62869000, "netIncomeFromContinuingOps": 143099000, "discontinuedOperations": {}, "extraordinaryItems": {}, "effectOfAccountingCharges": {}, "otherItems": {}, "netIncome": 130761000, "netIncomeApplicableToCommonShares": 130761000}, {"maxAge": 1, "endDate": "2019-03-31", "totalRevenue": 1823273000, "costOfRevenue": 1181828000, "grossProfit": 641445000, "researchDevelopment": {}, "sellingGeneralAdministrative": 88654000, "nonRecurring": {}, "otherOperatingExpenses": 208303000, "totalOperatingExpenses": 1488805000, "operatingIncome": 334468000, "totalOtherIncomeExpenseNet": 1840000, "ebit": 334468000, "interestExpense": -3728000, "incomeBeforeTax": 336308000, "incomeTaxExpense": 92982000, "minorityInterest": 56834000, "netIncomeFromContinuingOps": 243326000, "discontinuedOperations": {}, "extraordinaryItems": {}, "effectOfAccountingCharges": {}, "otherItems": {}, "netIncome": 225243000, "netIncomeApplicableToCommonShares": 225243000}, {"maxAge": 1, "endDate": "2018-03-31", "totalRevenue": 1411150000, "costOfRevenue": 857556000, "grossProfit": 553594000, "researchDevelopment": {}, "sellingGeneralAdministrative": 82668000, "nonRecurring": {}, "otherOperatingExpenses": 158354000, "totalOperatingExpenses": 1105095000, "operatingIncome": 306055000, "totalOtherIncomeExpenseNet": 33153000, "ebit": 306055000, "interestExpense": -2337000, "incomeBeforeTax": 339208000, "incomeTaxExpense": 99543000, "minorityInterest": 61859000, "netIncomeFromContinuingOps": 239665000, "discontinuedOperations": {}, "extraordinaryItems": {}, "effectOfAccountingCharges": {}, "otherItems": {}, "netIncome": 226956000, "netIncomeApplicableToCommonShares": 226956000}, {"maxAge": 1, "endDate": "2017-03-31", "totalRevenue": 1270285855, "costOfRevenue": 747851672, "grossProfit": 522434183, "researchDevelopment": {}, "sellingGeneralAdministrative": 63909936, "nonRecurring": {}, "otherOperatingExpenses": 159580936, "totalOperatingExpenses": 977740120, "operatingIncome": 292545735, "totalOtherIncomeExpenseNet": 89557671, "ebit": 292545735, "interestExpense": -1791821, "incomeBeforeTax": 382103406, "incomeTaxExpense": 91425591, "minorityInterest": 71912396, "netIncomeFromContinuingOps": 290677815, "discontinuedOperations": {}, "extraordinaryItems": {}, "effectOfAccountingCharges": {}, "otherItems": {}, "netIncome": 258042654, "netIncomeApplicableToCommonShares": 258042654}], "maxAge": 86400}, "fundOwnership": {"ownershipList": [], "maxAge": 1}, "summaryDetail": {"maxAge": 1, "priceHint": 2, "previousClose": 71.35, "open": 71.0, "dayLow": 70.8, "dayHigh": 73.95, "regularMarketPreviousClose": 71.35, "regularMarketOpen": 71.0, "regularMarketDayLow": 70.8, "regularMarketDayHigh": 73.95, "trailingPE": 52.29759, "volume": 109480, "regularMarketVolume": 109480, "averageVolume": 287355, "averageVolume10days": 90187, "averageDailyVolume10Day": 90187, "bid": 71.7, "ask": 72.0, "bidSize": 0, "askSize": 0, "marketCap": 7174803456, "fiftyTwoWeekLow": 12.35, "fiftyTwoWeekHigh": 73.95, "fiftyDayAverage": 60.32879, "twoHundredDayAverage": 40.47059, "trailingAnnualDividendRate": 0.1, "trailingAnnualDividendYield": 0.0014015418, "currency": "INR", "fromCurrency": null, "lastMarket": null, "algorithm": null, "tradeable": false}, "sectorTrend": {"maxAge": 1, "symbol": null, "estimates": []}, "incomeStatementHistoryQuarterly": {"incomeStatementHistory": [{"maxAge": 1, "endDate": "2020-06-30", "totalRevenue": 303871000, "costOfRevenue": 209707000, "grossProfit": 94164000, "researchDevelopment": {}, "sellingGeneralAdministrative": 15604000, "nonRecurring": {}, "otherOperatingExpenses": 37447000, "totalOperatingExpenses": 266107000, "operatingIncome": 37764000, "totalOtherIncomeExpenseNet": 51808000, "ebit": 37764000, "interestExpense": -1252000, "incomeBeforeTax": 89572000, "incomeTaxExpense": 7589000, "minorityInterest": {}, "netIncomeFromContinuingOps": 81983000, "discontinuedOperations": {}, "extraordinaryItems": {}, "effectOfAccountingCharges": {}, "otherItems": {}, "netIncome": 77975000, "netIncomeApplicableToCommonShares": 77975000}, {"maxAge": 1, "endDate": "2020-03-31", "totalRevenue": 435832000, "costOfRevenue": 271146000, "grossProfit": 164686000, "researchDevelopment": {}, "sellingGeneralAdministrative": 43410000, "nonRecurring": {}, "otherOperatingExpenses": 39757000, "totalOperatingExpenses": 357613000, "operatingIncome": 78219000, "totalOtherIncomeExpenseNet": -135500000, "ebit": 78219000, "interestExpense": -1252000, "incomeBeforeTax": -57281000, "incomeTaxExpense": 4045000, "minorityInterest": 62869000, "netIncomeFromContinuingOps": -61326000, "discontinuedOperations": {}, "extraordinaryItems": {}, "effectOfAccountingCharges": {}, "otherItems": {}, "netIncome": -63054000, "netIncomeApplicableToCommonShares": -63054000}, {"maxAge": 1, "endDate": "2019-12-31", "totalRevenue": 520546000, "costOfRevenue": 330652000, "grossProfit": 189894000, "researchDevelopment": {}, "sellingGeneralAdministrative": 20912000, "nonRecurring": {}, "otherOperatingExpenses": 88801000, "totalOperatingExpenses": 443371000, "operatingIncome": 77175000, "totalOtherIncomeExpenseNet": 29729000, "ebit": 77175000, "interestExpense": -1586000, "incomeBeforeTax": 106904000, "incomeTaxExpense": 25952000, "minorityInterest": 62869000, "netIncomeFromContinuingOps": 80952000, "discontinuedOperations": {}, "extraordinaryItems": {}, "effectOfAccountingCharges": {}, "otherItems": {}, "netIncome": 76538000, "netIncomeApplicableToCommonShares": 76538000}, {"maxAge": 1, "endDate": "2019-09-30", "totalRevenue": 510442000, "costOfRevenue": 316099000, "grossProfit": 194343000, "researchDevelopment": {}, "sellingGeneralAdministrative": 21046000, "nonRecurring": {}, "otherOperatingExpenses": 72265000, "totalOperatingExpenses": 412129000, "operatingIncome": 98313000, "totalOtherIncomeExpenseNet": -8766000, "ebit": 98313000, "interestExpense": -1646000, "incomeBeforeTax": 89547000, "incomeTaxExpense": 23622000, "minorityInterest": 54830000, "netIncomeFromContinuingOps": 65925000, "discontinuedOperations": {}, "extraordinaryItems": {}, "effectOfAccountingCharges": {}, "otherItems": {}, "netIncome": 62037000, "netIncomeApplicableToCommonShares": 62037000}], "maxAge": 86400}, "cashflowStatementHistoryQuarterly": {"cashflowStatements": [{"maxAge": 1, "endDate": "2020-06-30", "netIncome": 77975000, "changeToLiabilities": 0}, {"maxAge": 1, "endDate": "2020-03-31", "netIncome": -63054000, "changeToLiabilities": 0}, {"maxAge": 1, "endDate": "2019-12-31", "netIncome": 76538000, "changeToLiabilities": 0}, {"maxAge": 1, "endDate": "2019-09-30", "netIncome": 62037000, "changeToLiabilities": 0}], "maxAge": 86400}, "insiderHolders": {"holders": [{"maxAge": 1, "name": "Gupta (Ritu)", "relation": "Additonal Director", "url": "", "transactionDescription": "Other", "latestTransDate": "2015-02-17", "positionDirect": 2200, "positionDirectDate": "2015-02-17"}, {"maxAge": 1, "name": "Kamal Chemicals Pvt Ltd", "relation": "Promoter", "url": "", "transactionDescription": "Other", "latestTransDate": "2015-02-17", "positionDirect": 590900, "positionDirectDate": "2015-02-17"}, {"maxAge": 1, "name": "Mehta (Manmohan)", "relation": "Independent Non-Executive Director", "url": "", "transactionDescription": "Sale", "latestTransDate": "2020-08-17", "positionDirect": 143052, "positionDirectDate": "2020-08-17"}, {"maxAge": 1, "name": "Proton Biochem Pvt. Ltd.", "relation": "Promoter", "url": "", "transactionDescription": "Sale", "latestTransDate": "2019-03-27", "positionDirect": 1028500, "positionDirectDate": "2019-03-27"}, {"maxAge": 1, "name": "Tibrewala (Kanaklata)", "relation": "Promoter", "url": "", "transactionDescription": "Other", "latestTransDate": "2015-02-17", "positionDirect": 656340, "positionDirectDate": "2015-02-17"}, {"maxAge": 1, "name": "Tibrewala (Nidhi Sanjay)", "relation": "UNREPORTED", "url": "", "transactionDescription": "Other", "latestTransDate": "2015-02-17", "positionDirect": 2000, "positionDirectDate": "2015-02-17"}, {"maxAge": 1, "name": "Tibrewala (Sanjay)", "relation": "Director (Executive)", "url": "", "transactionDescription": "Other", "latestTransDate": "2015-02-17", "positionDirect": 642798, "positionDirectDate": "2015-02-17"}, {"maxAge": 1, "name": "Tibrewala (Surendra Kumar) HUF", "relation": "UNREPORTED", "url": "", "transactionDescription": "Sale", "latestTransDate": "2019-01-28", "positionDirect": 345500, "positionDirectDate": "2019-01-28"}, {"maxAge": 1, "name": "Tibrewala (Surendrakumar Deviprasad)", "relation": "Chairman of the Board", "url": "", "transactionDescription": "Sale", "latestTransDate": "2019-01-30", "positionDirect": 68955830, "positionDirectDate": "2019-01-30"}], "maxAge": 1}, "earnings": {"maxAge": 86400, "earningsChart": {"quarterly": [], "earningsDate": ["2019-08-13 05:30:S", "2019-08-17 05:30:S"]}, "financialsChart": {"yearly": [{"date": 2017, "revenue": 1270285855, "earnings": 258042654}, {"date": 2018, "revenue": 1411150000, "earnings": 226956000}, {"date": 2019, "revenue": 1823273000, "earnings": 225243000}, {"date": 2020, "revenue": 1963358000, "earnings": 130761000}], "quarterly": [{"date": "3Q2019", "revenue": 510442000, "earnings": 62037000}, {"date": "4Q2019", "revenue": 520546000, "earnings": 76538000}, {"date": "1Q2020", "revenue": 435832000, "earnings": -63054000}, {"date": "2Q2020", "revenue": 303871000, "earnings": 77975000}]}, "financialCurrency": "INR"}, "calendarEvents": {"maxAge": 1, "earnings": {"earningsDate": ["2019-08-13 05:30:S", "2019-08-17 05:30:S"]}}, "upgradeDowngradeHistory": {"history": [], "maxAge": 86400}, "price": {"maxAge": 1, "regularMarketChangePercent": 0.0049053747, "regularMarketChange": 0.34999847, "regularMarketTime": "2021-04-30 15:54:49", "priceHint": 2, "regularMarketPrice": 71.7, "regularMarketDayHigh": 73.95, "regularMarketDayLow": 70.8, "regularMarketVolume": 109480, "averageDailyVolume10Day": 90187, "averageDailyVolume3Month": 287355, "regularMarketPreviousClose": 71.35, "regularMarketSource": "FREE_REALTIME", "regularMarketOpen": 71.0, "exchange": "BSE", "exchangeName": "BSE", "exchangeDataDelayedBy": 0, "marketState": "CLOSED", "quoteType": "EQUITY", "symbol": "FCL.BO", "underlyingSymbol": null, "shortName": "FINEOTEX CHEMICAL LTD.", "longName": "Fineotex Chemical Limited", "currency": "INR", "quoteSourceName": "Delayed Quote", "currencySymbol": "\u20b9", "fromCurrency": null, "lastMarket": null, "marketCap": 7174803456}, "balanceSheetHistory": {"balanceSheetStatements": [{"maxAge": 1, "endDate": "2020-03-31", "cash": 173804000, "shortTermInvestments": 2000, "netReceivables": 586176000, "inventory": 210859000, "otherCurrentAssets": 90192000, "totalCurrentAssets": 1153897000, "longTermInvestments": 384165000, "propertyPlantEquipment": 313065000, "goodWill": 61385000, "otherAssets": 165983000, "deferredLongTermAssetCharges": 5379000, "totalAssets": 2078495000, "accountsPayable": 233772000, "shortLongTermDebt": 1919000, "otherCurrentLiab": 24570000, "otherLiab": 5514000, "minorityInterest": 62869000, "totalCurrentLiabilities": 313168000, "totalLiab": 318682000, "commonStock": 222600000, "retainedEarnings": 1368526000, "treasuryStock": 6973000, "capitalSurplus": 98845000, "otherStockholderEquity": 6973000, "totalStockholderEquity": 1696944000, "netTangibleAssets": 1635559000}, {"maxAge": 1, "endDate": "2019-03-31", "cash": 142131000, "shortTermInvestments": 1133000, "netReceivables": 541486000, "inventory": 250851000, "otherCurrentAssets": 93181000, "totalCurrentAssets": 1082997000, "longTermInvestments": 377606000, "propertyPlantEquipment": 261975000, "goodWill": 61385000, "otherAssets": 163478000, "totalAssets": 1947441000, "accountsPayable": 209016000, "shortLongTermDebt": 1145000, "otherCurrentLiab": 53802000, "longTermDebt": 1022000, "otherLiab": 6783000, "minorityInterest": 56834000, "totalCurrentLiabilities": 294749000, "totalLiab": 302554000, "commonStock": 222600000, "retainedEarnings": 1254558000, "treasuryStock": 12050000, "capitalSurplus": 98845000, "otherStockholderEquity": 12050000, "totalStockholderEquity": 1588053000, "netTangibleAssets": 1526668000}, {"maxAge": 1, "endDate": "2018-03-31", "cash": 64629000, "shortTermInvestments": 8428000, "netReceivables": 299294000, "inventory": 210955000, "otherCurrentAssets": 104313000, "totalCurrentAssets": 721837000, "longTermInvestments": 393867000, "propertyPlantEquipment": 193419000, "goodWill": 61385000, "otherAssets": 240511000, "deferredLongTermAssetCharges": 1631000, "totalAssets": 1611019000, "accountsPayable": 108627000, "shortLongTermDebt": 1053000, "otherCurrentLiab": 25708000, "longTermDebt": 2167000, "otherLiab": 4226000, "minorityInterest": 61859000, "totalCurrentLiabilities": 185612000, "totalLiab": 192005000, "commonStock": 222600000, "retainedEarnings": 1029358000, "treasuryStock": 6352000, "capitalSurplus": 98845000, "otherStockholderEquity": 6352000, "totalStockholderEquity": 1357155000, "netTangibleAssets": 1295770000}, {"maxAge": 1, "endDate": "2017-03-31", "cash": 76663775, "shortTermInvestments": 47232979, "netReceivables": 296287950, "inventory": 131389741, "otherCurrentAssets": 32741191, "totalCurrentAssets": 586709108, "longTermInvestments": 470129194, "propertyPlantEquipment": 172610293, "goodWill": 61385192, "otherAssets": 109469076, "deferredLongTermAssetCharges": 3692062, "totalAssets": 1400302863, "accountsPayable": 154764433, "otherCurrentLiab": 21682674, "otherLiab": 2976195, "minorityInterest": 71912396, "totalCurrentLiabilities": 200590951, "totalLiab": 203567146, "commonStock": 222600000, "retainedEarnings": 824587332, "treasuryStock": -21208854, "capitalSurplus": 98844843, "otherStockholderEquity": -21208854, "totalStockholderEquity": 1124823321, "netTangibleAssets": 1063438129}], "maxAge": 86400}, "earningsTrend": {"trend": [{"maxAge": 1, "period": "0q", "endDate": null, "growth": {}, "earningsEstimate": {"avg": 0.0, "low": 0.0, "high": 0.0, "yearAgoEps": {}, "numberOfAnalysts": 0, "growth": {}}, "revenueEstimate": {"avg": 0, "low": 0, "high": 0, "numberOfAnalysts": 0, "yearAgoRevenue": {}, "growth": {}}, "epsTrend": {"current": 0.0, "7daysAgo": 0.0, "30daysAgo": 0.0, "60daysAgo": 0.0, "90daysAgo": 0.0}, "epsRevisions": {"upLast7days": 0, "upLast30days": 0, "downLast30days": 0, "downLast90days": {}}}, {"maxAge": 1, "period": "+1q", "endDate": null, "growth": {}, "earningsEstimate": {"avg": 0.0, "low": 0.0, "high": 0.0, "yearAgoEps": {}, "numberOfAnalysts": 0, "growth": {}}, "revenueEstimate": {"avg": 0, "low": 0, "high": 0, "numberOfAnalysts": 0, "yearAgoRevenue": {}, "growth": {}}, "epsTrend": {"current": 0.0, "7daysAgo": 0.0, "30daysAgo": 0.0, "60daysAgo": 0.0, "90daysAgo": 0.0}, "epsRevisions": {"upLast7days": 0, "upLast30days": 0, "downLast30days": 0, "downLast90days": {}}}, {"maxAge": 1, "period": "0y", "endDate": null, "growth": {}, "earningsEstimate": {"avg": 0.0, "low": 0.0, "high": 0.0, "yearAgoEps": {}, "numberOfAnalysts": 0, "growth": {}}, "revenueEstimate": {"avg": 0, "low": 0, "high": 0, "numberOfAnalysts": 0, "yearAgoRevenue": {}, "growth": {}}, "epsTrend": {"current": 0.0, "7daysAgo": 0.0, "30daysAgo": 0.0, "60daysAgo": 0.0, "90daysAgo": 0.0}, "epsRevisions": {"upLast7days": 0, "upLast30days": 0, "downLast30days": 0, "downLast90days": {}}}, {"maxAge": 1, "period": "+1y", "endDate": null, "growth": {}, "earningsEstimate": {"avg": 0.0, "low": 0.0, "high": 0.0, "yearAgoEps": {}, "numberOfAnalysts": 0, "growth": {}}, "revenueEstimate": {"avg": 0, "low": 0, "high": 0, "numberOfAnalysts": 0, "yearAgoRevenue": {}, "growth": {}}, "epsTrend": {"current": 0.0, "7daysAgo": 0.0, "30daysAgo": 0.0, "60daysAgo": 0.0, "90daysAgo": 0.0}, "epsRevisions": {"upLast7days": 0, "upLast30days": 0, "downLast30days": 0, "downLast90days": {}}}, {"maxAge": 1, "period": "+5y", "endDate": null, "growth": {}, "earningsEstimate": {"avg": {}, "low": {}, "high": {}, "yearAgoEps": {}, "numberOfAnalysts": {}, "growth": {}}, "revenueEstimate": {"avg": {}, "low": {}, "high": {}, "numberOfAnalysts": {}, "yearAgoRevenue": {}, "growth": {}}, "epsTrend": {"current": {}, "7daysAgo": {}, "30daysAgo": {}, "60daysAgo": {}, "90daysAgo": {}}, "epsRevisions": {"upLast7days": {}, "upLast30days": {}, "downLast30days": {}, "downLast90days": {}}}, {"maxAge": 1, "period": "-5y", "endDate": null, "growth": {}, "earningsEstimate": {"avg": {}, "low": {}, "high": {}, "yearAgoEps": {}, "numberOfAnalysts": {}, "growth": {}}, "revenueEstimate": {"avg": {}, "low": {}, "high": {}, "numberOfAnalysts": {}, "yearAgoRevenue": {}, "growth": {}}, "epsTrend": {"current": {}, "7daysAgo": {}, "30daysAgo": {}, "60daysAgo": {}, "90daysAgo": {}}, "epsRevisions": {"upLast7days": {}, "upLast30days": {}, "downLast30days": {}, "downLast90days": {}}}], "maxAge": 1}, "financialData": {"maxAge": 86400, "currentPrice": 71.7, "targetHighPrice": 25.0, "targetLowPrice": 25.0, "targetMeanPrice": 25.0, "targetMedianPrice": 25.0, "recommendationMean": 2.0, "recommendationKey": "buy", "numberOfAnalystOpinions": 1, "grossProfits": 726292000, "financialCurrency": "INR"}}}