{"FCSSOFT.NS": {"assetProfile": {"address1": "FCS House", "address2": "Plot No. 83, NSEZ Noida Dadri Road Phase II, Gautam Budh Nagar", "city": "Noida", "zip": "201305", "country": "India", "phone": "91 12 0463 5900", "fax": "91 12 0463 5941", "website": "http://www.fcsltd.com", "industry": "Information Technology Services", "sector": "Technology", "longBusinessSummary": "FCS Software Solutions Limited engages in the provision of software development and marketing, and support services to corporate business entities in the BPO, software development, and e-learning service sector in India and the United States. The company offers IT consulting services, including application development and maintenance, portals, mobile apps, product development, SaaS, open source platforms and applications, predictive data sciences, big data analytics, and automation services; IT infra management services, such as colocation data centers, virtualization, system and networks support, plug and play infrastructure provisioning, WAN, IP based voice, and cyber security; and IT enabled services comprising multilingual helpdesk for technical and user support, business process outsourcing, and surveys, as well as learning solutions, such as content aggregation, learning management systems, portals, and assessments. It also provides consulting; and incubator services for startups. FCS Software Solutions Limited was incorporated in 1993 and is based in Noida, India.", "fullTimeEmployees": 290, "companyOfficers": [{"maxAge": 1, "name": "Mr. Anil Kumar Sharma CA", "title": "Chief Financial Officer", "exercisedValue": 0, "unexercisedValue": 0}, {"maxAge": 1, "name": "Ms. Harsha  Sharma", "title": "Company Sec. & Compliance Officer", "exercisedValue": 0, "unexercisedValue": 0}, {"maxAge": 1, "name": "Mr. Sunil  Sharma", "age": 45, "title": "Exec. Director", "yearBorn": 1975, "exercisedValue": 0, "unexercisedValue": 0}, {"maxAge": 1, "name": "Mr. Dalip  Kumar", "age": 59, "title": "Chairman & MD", "yearBorn": 1961, "fiscalYear": 2017, "totalPay": 0, "exercisedValue": 0, "unexercisedValue": 0}, {"maxAge": 1, "name": "Mr. Gopal  Sahai", "title": "VP of Sales", "exercisedValue": 0, "unexercisedValue": 0}, {"maxAge": 1, "name": "Mr. H. S. Chaddha", "title": "Sr. VP of Bus. Devel.", "exercisedValue": 0, "unexercisedValue": 0}, {"maxAge": 1, "name": "Mr. J. P. Singh", "title": "Sr. VP of PSG", "exercisedValue": 0, "unexercisedValue": 0}], "compensationAsOfEpochDate": "2017-12-31 05:30:00", "maxAge": 86400}, "cashflowStatementHistory": {"cashflowStatements": [{"maxAge": 1, "endDate": "2020-03-31", "netIncome": -238026000, "depreciation": 51413000, "changeToNetincome": 39800000, "changeToAccountReceivables": -17383000, "changeToLiabilities": -12818000, "changeToOperatingActivities": -5927000, "totalCashFromOperatingActivities": -52372000, "capitalExpenditures": -52397000, "otherCashflowsFromInvestingActivities": 23266000, "totalCashflowsFromInvestingActivities": -29101000, "netBorrowings": -3345000, "otherCashflowsFromFinancingActivities": -28772000, "totalCashFromFinancingActivities": -32117000, "changeInCash": -113590000}, {"maxAge": 1, "endDate": "2019-03-31", "netIncome": -1657082000, "depreciation": 31920000, "changeToNetincome": -1375000, "changeToAccountReceivables": 4729000, "changeToLiabilities": -51579000, "changeToOperatingActivities": 1225000, "totalCashFromOperatingActivities": -9237000, "capitalExpenditures": -246600000, "investments": 34842000, "otherCashflowsFromInvestingActivities": 19967000, "totalCashflowsFromInvestingActivities": -194484000, "netBorrowings": 240896000, "otherCashflowsFromFinancingActivities": -10547000, "totalCashFromFinancingActivities": 230349000, "changeInCash": 26627000}, {"maxAge": 1, "endDate": "2018-03-31", "netIncome": -583622000, "depreciation": 8249000, "changeToNetincome": -72902000, "changeToAccountReceivables": 2131000, "changeToLiabilities": 35801000, "changeToOperatingActivities": 680824000, "totalCashFromOperatingActivities": 684364000, "capitalExpenditures": -18713000, "investments": -609740000, "otherCashflowsFromInvestingActivities": 54777000, "totalCashflowsFromInvestingActivities": -573676000, "netBorrowings": -49386000, "otherCashflowsFromFinancingActivities": -3778000, "totalCashFromFinancingActivities": -53164000, "changeInCash": 57523000}, {"maxAge": 1, "endDate": "2017-03-31", "netIncome": -455000000, "depreciation": 34819000, "changeToNetincome": 47928000, "changeToAccountReceivables": 46414000, "changeToLiabilities": -18586000, "changeToOperatingActivities": -180057000, "totalCashFromOperatingActivities": -90086000, "capitalExpenditures": -114971000, "investments": -9600000, "otherCashflowsFromInvestingActivities": 54777000, "totalCashflowsFromInvestingActivities": -126565000, "netBorrowings": 94216000, "otherCashflowsFromFinancingActivities": -196367000, "totalCashFromFinancingActivities": -52151000, "changeInCash": -268801000, "issuanceOfStock": 50000000}], "maxAge": 86400}, "institutionOwnership": {"ownershipList": [], "maxAge": 1}, "majorHoldersBreakdown": {"maxAge": 1, "insidersPercentHeld": 0.52011, "institutionsPercentHeld": 0.0, "institutionsFloatPercentHeld": 0.0, "institutionsCount": 0}, "balanceSheetHistoryQuarterly": {"balanceSheetStatements": [{"maxAge": 1, "endDate": "2020-12-31", "totalStockholderEquity": 3056342000, "netTangibleAssets": 3054953000}, {"maxAge": 1, "endDate": "2020-09-30", "cash": 47540000, "netReceivables": 59074000, "otherCurrentAssets": 30107000, "totalCurrentAssets": 136721000, "longTermInvestments": 933773000, "propertyPlantEquipment": 2089747000, "intangibleAssets": 1389000, "otherAssets": 277292000, "deferredLongTermAssetCharges": 10606000, "totalAssets": 3438922000, "accountsPayable": 16515000, "shortLongTermDebt": 26445000, "otherCurrentLiab": 51690000, "longTermDebt": 232573000, "otherLiab": 54891000, "totalCurrentLiabilities": 95116000, "totalLiab": 382580000, "commonStock": 1709553000, "treasuryStock": 1346789000, "otherStockholderEquity": 1346789000, "totalStockholderEquity": 3056342000, "netTangibleAssets": 3054953000}, {"maxAge": 1, "endDate": "2020-06-30", "totalStockholderEquity": 3043580000, "netTangibleAssets": 3041851000}, {"maxAge": 1, "endDate": "2020-03-31", "cash": 25143000, "netReceivables": 56762000, "otherCurrentAssets": 31880000, "totalCurrentAssets": 115467000, "longTermInvestments": 923356000, "propertyPlantEquipment": 2114321000, "intangibleAssets": 1729000, "otherAssets": 261498000, "deferredLongTermAssetCharges": 11298000, "totalAssets": 3416371000, "accountsPayable": 15333000, "otherCurrentLiab": 33336000, "longTermDebt": 270908000, "otherLiab": 52806000, "totalCurrentLiabilities": 49077000, "totalLiab": 372791000, "commonStock": 1709553000, "retainedEarnings": -2631944000, "treasuryStock": 1456026000, "capitalSurplus": 2509945000, "otherStockholderEquity": 1456026000, "totalStockholderEquity": 3043580000, "netTangibleAssets": 3041851000}], "maxAge": 86400}, "indexTrend": {"maxAge": 1, "symbol": "SP5", "peRatio": 19.7411, "pegRatio": 1.34172, "estimates": [{"period": "0q", "growth": 0.549}, {"period": "+1q", "growth": 0.431}, {"period": "0y", "growth": 0.305}, {"period": "+1y", "growth": 0.109}, {"period": "+5y", "growth": 0.120865}, {"period": "-5y"}]}, "defaultKeyStatistics": {"maxAge": 1, "priceHint": 4, "enterpriseValue": 1408165120, "profitMargins": -0.35167998, "floatShares": 809524679, "sharesOutstanding": 1709549952, "heldPercentInsiders": 0.52011, "heldPercentInstitutions": 0.0, "beta": -1.118775, "category": null, "bookValue": 1.788, "priceToBook": 0.39149886, "fundFamily": null, "legalType": null, "lastFiscalYearEnd": "2020-03-31 05:30:00", "nextFiscalYearEnd": "2022-03-31 05:30:00", "mostRecentQuarter": "2020-12-31 05:30:00", "netIncomeToCommon": -128829000, "trailingEps": -0.077, "lastSplitFactor": "2:1", "lastSplitDate": "2010-02-26 05:30:00", "enterpriseToRevenue": 3.844, "enterpriseToEbitda": -114.604}, "summaryProfile": {"address1": "FCS House", "address2": "Plot No. 83, NSEZ Noida Dadri Road Phase II, Gautam Budh Nagar", "city": "Noida", "zip": "201305", "country": "India", "phone": "91 12 0463 5900", "fax": "91 12 0463 5941", "website": "http://www.fcsltd.com", "industry": "Information Technology Services", "sector": "Technology", "longBusinessSummary": "FCS Software Solutions Limited engages in the provision of software development and marketing, and support services to corporate business entities in the BPO, software development, and e-learning service sector in India and the United States. The company offers IT consulting services, including application development and maintenance, portals, mobile apps, product development, SaaS, open source platforms and applications, predictive data sciences, big data analytics, and automation services; IT infra management services, such as colocation data centers, virtualization, system and networks support, plug and play infrastructure provisioning, WAN, IP based voice, and cyber security; and IT enabled services comprising multilingual helpdesk for technical and user support, business process outsourcing, and surveys, as well as learning solutions, such as content aggregation, learning management systems, portals, and assessments. It also provides consulting; and incubator services for startups. FCS Software Solutions Limited was incorporated in 1993 and is based in Noida, India.", "fullTimeEmployees": 290, "companyOfficers": [], "maxAge": 86400}, "netSharePurchaseActivity": {"maxAge": 1, "period": "6m", "buyInfoCount": 0, "buyInfoShares": 0, "sellInfoCount": 0, "netInfoCount": 0, "netInfoShares": 0, "netPercentInsiderShares": 0.0, "totalInsiderShares": 889155712}, "insiderTransactions": {"transactions": [{"maxAge": 1, "shares": 150000000, "filerUrl": "", "transactionText": "", "filerName": "Entaserv eServices, Ltd.", "filerRelation": "Promoter", "moneyText": "", "startDate": "2014-02-26", "ownership": "D"}, {"maxAge": 1, "shares": 250000000, "filerUrl": "", "transactionText": "", "filerName": "Prahlad Estates & Properities Pvt. Ltd.", "filerRelation": "Institution- Corporation", "moneyText": "", "startDate": "2014-02-26", "ownership": "D"}, {"maxAge": 1, "shares": 180000000, "filerUrl": "", "transactionText": "", "filerName": "SLG Softech Pvt Ltd", "filerRelation": "Institution- Corporation", "moneyText": "", "startDate": "2013-03-13", "ownership": "D"}, {"maxAge": 1, "shares": 50000000, "filerUrl": "", "transactionText": "", "filerName": "Kumar (Dalip)", "filerRelation": "Chairman of the Board", "moneyText": "", "startDate": "2013-02-13", "ownership": "D"}, {"maxAge": 1, "shares": 5000000, "filerUrl": "", "transactionText": "", "filerName": "Kumar (Dalip)", "filerRelation": "Chairman of the Board", "moneyText": "", "startDate": "2010-07-15", "ownership": "D"}, {"maxAge": 1, "shares": 15000000, "filerUrl": "", "transactionText": "", "filerName": "Kumar (Dalip)", "filerRelation": "Chairman of the Board", "moneyText": "", "startDate": "2010-07-15", "ownership": "D"}, {"maxAge": 1, "shares": 10000000, "filerUrl": "", "transactionText": "", "filerName": "Kumar (Dalip)", "filerRelation": "Chairman of the Board", "moneyText": "", "startDate": "2010-07-14", "ownership": "D"}, {"maxAge": 1, "shares": 5000000, "filerUrl": "", "transactionText": "", "filerName": "Kumar (Dalip)", "filerRelation": "Chairman of the Board", "moneyText": "", "startDate": "2010-07-14", "ownership": "D"}, {"maxAge": 1, "shares": 5000000, "filerUrl": "", "transactionText": "", "filerName": "Kumar (Dalip)", "filerRelation": "Chairman of the Board", "moneyText": "", "startDate": "2010-06-03", "ownership": "D"}, {"maxAge": 1, "shares": 100000, "filerUrl": "", "transactionText": "", "filerName": "Rai (Dhruwa Narain)", "filerRelation": "Director (Independent)", "moneyText": "", "startDate": "2010-01-04", "ownership": "D"}], "maxAge": 1}, "quoteType": {"exchange": "NSI", "quoteType": "EQUITY", "symbol": "FCSSOFT.NS", "underlyingSymbol": "FCSSOFT.NS", "shortName": "FCS SOFTWARE SOLUT", "longName": "FCS Software Solutions Limited", "firstTradeDateEpochUtc": "2005-09-21 09:15:00", "timeZoneFullName": "Asia/Kolkata", "timeZoneShortName": "IST", "uuid": "b901c4e6-b210-3947-b5a2-e12aacfad1a4", "gmtOffSetMilliseconds": 19800000, "maxAge": 1}, "incomeStatementHistory": {"incomeStatementHistory": [{"maxAge": 1, "endDate": "2020-03-31", "totalRevenue": 373310000, "costOfRevenue": 200891000, "grossProfit": 172419000, "researchDevelopment": {}, "sellingGeneralAdministrative": {}, "nonRecurring": {}, "otherOperatingExpenses": 195040000, "totalOperatingExpenses": 577913000, "operatingIncome": -204603000, "totalOtherIncomeExpenseNet": -25259000, "ebit": -204603000, "interestExpense": -8260000, "incomeBeforeTax": -229862000, "incomeTaxExpense": 8164000, "minorityInterest": {}, "netIncomeFromContinuingOps": -238026000, "discontinuedOperations": {}, "extraordinaryItems": {}, "effectOfAccountingCharges": {}, "otherItems": {}, "netIncome": -238026000, "netIncomeApplicableToCommonShares": -238026000}, {"maxAge": 1, "endDate": "2019-03-31", "totalRevenue": 404037000, "costOfRevenue": 190099000, "grossProfit": 213938000, "researchDevelopment": {}, "sellingGeneralAdministrative": {}, "nonRecurring": {}, "otherOperatingExpenses": 180003000, "totalOperatingExpenses": 2064947000, "operatingIncome": -1660910000, "totalOtherIncomeExpenseNet": 11948000, "ebit": -1660910000, "interestExpense": -7943000, "incomeBeforeTax": -1648962000, "incomeTaxExpense": 8120000, "minorityInterest": {}, "netIncomeFromContinuingOps": -1657082000, "discontinuedOperations": {}, "extraordinaryItems": {}, "effectOfAccountingCharges": {}, "otherItems": {}, "netIncome": -1657082000, "netIncomeApplicableToCommonShares": -1657082000}, {"maxAge": 1, "endDate": "2018-03-31", "totalRevenue": 343076000, "costOfRevenue": 200952000, "grossProfit": 142124000, "researchDevelopment": {}, "sellingGeneralAdministrative": {}, "nonRecurring": {}, "otherOperatingExpenses": 154831000, "totalOperatingExpenses": 977915000, "operatingIncome": -634839000, "totalOtherIncomeExpenseNet": 61741000, "ebit": -634839000, "interestExpense": -2207000, "incomeBeforeTax": -573098000, "incomeTaxExpense": 10524000, "minorityInterest": 30963000, "netIncomeFromContinuingOps": -583622000, "discontinuedOperations": {}, "extraordinaryItems": {}, "effectOfAccountingCharges": {}, "otherItems": {}, "netIncome": -583622000, "netIncomeApplicableToCommonShares": -583622000}, {"maxAge": 1, "endDate": "2017-03-31", "totalRevenue": 366015000, "costOfRevenue": 300844000, "grossProfit": 65171000, "researchDevelopment": {}, "sellingGeneralAdministrative": 2768000, "nonRecurring": {}, "otherOperatingExpenses": 117211000, "totalOperatingExpenses": 890038000, "operatingIncome": -524023000, "totalOtherIncomeExpenseNet": 74440000, "ebit": -524023000, "interestExpense": -5206000, "incomeBeforeTax": -449583000, "incomeTaxExpense": 5417000, "minorityInterest": 31242000, "netIncomeFromContinuingOps": -455000000, "discontinuedOperations": {}, "extraordinaryItems": {}, "effectOfAccountingCharges": {}, "otherItems": {}, "netIncome": -455000000, "netIncomeApplicableToCommonShares": -455000000}], "maxAge": 86400}, "fundOwnership": {"ownershipList": [], "maxAge": 1}, "summaryDetail": {"maxAge": 1, "priceHint": 4, "previousClose": 0.7, "open": 0.7, "dayLow": 0.65, "dayHigh": 0.75, "regularMarketPreviousClose": 0.7, "regularMarketOpen": 0.7, "regularMarketDayLow": 0.65, "regularMarketDayHigh": 0.75, "exDividendDate": "2009-09-03 05:30:00", "payoutRatio": 0.0, "beta": -1.118775, "volume": 5507573, "regularMarketVolume": 5507573, "averageVolume": 2707021, "averageVolume10days": 1219337, "averageDailyVolume10Day": 1219337, "bid": 0.0, "ask": 0.0, "bidSize": 0, "askSize": 0, "marketCap": 1196684928, "fiftyTwoWeekLow": 0.15, "fiftyTwoWeekHigh": 1.25, "priceToSalesTrailing12Months": 3.2667747, "fiftyDayAverage": 0.75757575, "twoHundredDayAverage": 0.65178573, "currency": "INR", "fromCurrency": null, "lastMarket": null, "algorithm": null, "tradeable": false}, "incomeStatementHistoryQuarterly": {"incomeStatementHistory": [{"maxAge": 1, "endDate": "2020-12-31", "totalRevenue": 86459000, "costOfRevenue": 51706000, "grossProfit": 34753000, "researchDevelopment": {}, "sellingGeneralAdministrative": {}, "nonRecurring": {}, "otherOperatingExpenses": 14692000, "totalOperatingExpenses": 78167000, "operatingIncome": 8292000, "totalOtherIncomeExpenseNet": -2251000, "ebit": 8292000, "interestExpense": -9799000, "incomeBeforeTax": 6041000, "incomeTaxExpense": 806000, "minorityInterest": {}, "netIncomeFromContinuingOps": 5235000, "discontinuedOperations": {}, "extraordinaryItems": {}, "effectOfAccountingCharges": {}, "otherItems": {}, "netIncome": 5235000, "netIncomeApplicableToCommonShares": 5235000}, {"maxAge": 1, "endDate": "2020-09-30", "totalRevenue": 90290000, "costOfRevenue": 46525000, "grossProfit": 43765000, "researchDevelopment": {}, "sellingGeneralAdministrative": {}, "nonRecurring": {}, "otherOperatingExpenses": 15645000, "totalOperatingExpenses": 71474000, "operatingIncome": 18816000, "totalOtherIncomeExpenseNet": 244000, "ebit": 18816000, "interestExpense": -6501000, "incomeBeforeTax": 19060000, "incomeTaxExpense": 5296000, "minorityInterest": {}, "netIncomeFromContinuingOps": 13764000, "discontinuedOperations": {}, "extraordinaryItems": {}, "effectOfAccountingCharges": {}, "otherItems": {}, "netIncome": 13764000, "netIncomeApplicableToCommonShares": 13764000}, {"maxAge": 1, "endDate": "2020-06-30", "totalRevenue": 96404000, "costOfRevenue": 49011000, "grossProfit": 47393000, "researchDevelopment": {}, "sellingGeneralAdministrative": {}, "nonRecurring": {}, "otherOperatingExpenses": 14662000, "totalOperatingExpenses": 77233000, "operatingIncome": 19171000, "totalOtherIncomeExpenseNet": -2394000, "ebit": 19171000, "interestExpense": -4875000, "incomeBeforeTax": 16777000, "incomeTaxExpense": 6505000, "minorityInterest": {}, "netIncomeFromContinuingOps": 10272000, "discontinuedOperations": {}, "extraordinaryItems": {}, "effectOfAccountingCharges": {}, "otherItems": {}, "netIncome": 10272000, "netIncomeApplicableToCommonShares": 10272000}, {"maxAge": 1, "endDate": "2020-03-31", "totalRevenue": 93167000, "costOfRevenue": 46034000, "grossProfit": 47133000, "researchDevelopment": {}, "sellingGeneralAdministrative": {}, "nonRecurring": {}, "otherOperatingExpenses": 119646000, "totalOperatingExpenses": 217466000, "operatingIncome": -124299000, "totalOtherIncomeExpenseNet": -31507000, "ebit": -124299000, "interestExpense": -4875000, "incomeBeforeTax": -155806000, "incomeTaxExpense": 2294000, "minorityInterest": {}, "netIncomeFromContinuingOps": -158100000, "discontinuedOperations": {}, "extraordinaryItems": {}, "effectOfAccountingCharges": {}, "otherItems": {}, "netIncome": -158100000, "netIncomeApplicableToCommonShares": -158100000}], "maxAge": 86400}, "cashflowStatementHistoryQuarterly": {"cashflowStatements": [{"maxAge": 1, "endDate": "2020-12-31", "netIncome": 5235000, "changeToLiabilities": 0}, {"maxAge": 1, "endDate": "2020-09-30", "netIncome": 13764000, "changeToLiabilities": 0}, {"maxAge": 1, "endDate": "2020-06-30", "netIncome": 10272000, "changeToLiabilities": 0}, {"maxAge": 1, "endDate": "2020-03-31", "netIncome": -158100000, "changeToLiabilities": 0}], "maxAge": 86400}, "insiderHolders": {"holders": [{"maxAge": 1, "name": "Entaserv eServices, Ltd.", "relation": "Promoter", "url": "", "transactionDescription": "Other", "latestTransDate": "2014-02-26", "positionDirect": 150000000, "positionDirectDate": "2014-02-26"}, {"maxAge": 1, "name": "Kumar (Dalip)", "relation": "Chairman of the Board", "url": "", "transactionDescription": "Acquisition", "latestTransDate": "2013-02-13", "positionDirect": 185790060, "positionDirectDate": "2013-02-13"}, {"maxAge": 1, "name": "Prahlad Estates & Properities Pvt. Ltd.", "relation": "Institution- Corporation", "url": "", "transactionDescription": "Other", "latestTransDate": "2014-02-26", "positionDirect": 250000000, "positionDirectDate": "2014-02-26"}, {"maxAge": 1, "name": "Rai (Dhruwa Narain)", "relation": "Director (Independent)", "url": "", "transactionDescription": "Sale", "latestTransDate": "2010-01-04", "positionDirectDate": "2010-01-04"}, {"maxAge": 1, "name": "SLG Softech Pvt Ltd", "relation": "Institution- Corporation", "url": "", "transactionDescription": "Acquisition", "latestTransDate": "2013-03-13", "positionDirect": 180000000, "positionDirectDate": "2013-03-13"}], "maxAge": 1}, "calendarEvents": {"maxAge": 1, "earnings": {"earningsDate": ["2021-02-10 05:30:S"]}, "exDividendDate": "2009-09-03 05:30:00"}, "upgradeDowngradeHistory": {"history": [], "maxAge": 86400}, "price": {"maxAge": 1, "regularMarketChangePercent": 0.0, "regularMarketChange": 0.0, "regularMarketTime": "2021-04-30 15:29:53", "priceHint": 4, "regularMarketPrice": 0.7, "regularMarketDayHigh": 0.75, "regularMarketDayLow": 0.65, "regularMarketVolume": 5507573, "averageDailyVolume10Day": 1219337, "averageDailyVolume3Month": 2707021, "regularMarketPreviousClose": 0.7, "regularMarketSource": "FREE_REALTIME", "regularMarketOpen": 0.7, "exchange": "NSI", "exchangeName": "NSE", "exchangeDataDelayedBy": 15, "marketState": "CLOSED", "quoteType": "EQUITY", "symbol": "FCSSOFT.NS", "underlyingSymbol": null, "shortName": "FCS SOFTWARE SOLUT", "longName": "FCS Software Solutions Limited", "currency": "INR", "quoteSourceName": "Delayed Quote", "currencySymbol": "\u20b9", "fromCurrency": null, "lastMarket": null, "marketCap": 1196684928}, "balanceSheetHistory": {"balanceSheetStatements": [{"maxAge": 1, "endDate": "2020-03-31", "cash": 25143000, "netReceivables": 56762000, "otherCurrentAssets": 31880000, "totalCurrentAssets": 115467000, "longTermInvestments": 923356000, "propertyPlantEquipment": 2114321000, "intangibleAssets": 1729000, "otherAssets": 261498000, "deferredLongTermAssetCharges": 11298000, "totalAssets": 3416371000, "accountsPayable": 15333000, "otherCurrentLiab": 33336000, "longTermDebt": 270908000, "otherLiab": 52806000, "totalCurrentLiabilities": 49077000, "totalLiab": 372791000, "commonStock": 1709553000, "retainedEarnings": -2631944000, "treasuryStock": 1456026000, "capitalSurplus": 2509945000, "otherStockholderEquity": 1456026000, "totalStockholderEquity": 3043580000, "netTangibleAssets": 3041851000}, {"maxAge": 1, "endDate": "2019-03-31", "cash": 138733000, "netReceivables": 68622000, "otherCurrentAssets": 39174000, "totalCurrentAssets": 249219000, "longTermInvestments": 1028527000, "propertyPlantEquipment": 2180928000, "intangibleAssets": 2773000, "otherAssets": 387461000, "deferredLongTermAssetCharges": 11278000, "totalAssets": 3848908000, "accountsPayable": 28151000, "otherCurrentLiab": 76111000, "longTermDebt": 274254000, "otherLiab": 49011000, "deferredLongTermLiab": 119500000, "totalCurrentLiabilities": 104613000, "totalLiab": 427878000, "commonStock": 1709553000, "retainedEarnings": -3318091000, "treasuryStock": 2519622000, "capitalSurplus": 2509946000, "otherStockholderEquity": 2519622000, "totalStockholderEquity": 3421030000, "netTangibleAssets": 3418257000}, {"maxAge": 1, "endDate": "2018-03-31", "cash": 112105000, "netReceivables": 65972000, "otherCurrentAssets": 92285000, "totalCurrentAssets": 272591000, "longTermInvestments": 967752000, "propertyPlantEquipment": 627424000, "goodWill": 21580000, "intangibleAssets": 1446284000, "otherAssets": 424357000, "deferredLongTermAssetCharges": 14436000, "totalAssets": 3759988000, "accountsPayable": 79730000, "otherCurrentLiab": 188662000, "longTermDebt": 33358000, "otherLiab": 18924000, "deferredLongTermLiab": 223513000, "minorityInterest": 30963000, "totalCurrentLiabilities": 268703000, "totalLiab": 320985000, "commonStock": 1709553000, "treasuryStock": 1698487000, "otherStockholderEquity": 1698487000, "totalStockholderEquity": 3408040000, "netTangibleAssets": 1940176000}, {"maxAge": 1, "endDate": "2017-03-31", "cash": 54582000, "netReceivables": 50734000, "otherCurrentAssets": 46934000, "totalCurrentAssets": 156245000, "longTermInvestments": 379212000, "propertyPlantEquipment": 635329000, "goodWill": 209479000, "intangibleAssets": 1381196000, "otherAssets": 1213364000, "deferredLongTermAssetCharges": 16147000, "totalAssets": 3974825000, "accountsPayable": 10824000, "otherCurrentLiab": 272494000, "longTermDebt": 3575000, "otherLiab": 21003000, "deferredLongTermLiab": 228013000, "minorityInterest": 31242000, "totalCurrentLiabilities": 364000000, "totalLiab": 388578000, "commonStock": 1709553000, "retainedEarnings": -1022244000, "treasuryStock": 357752000, "capitalSurplus": 2509944000, "otherStockholderEquity": 357752000, "totalStockholderEquity": 3555005000, "netTangibleAssets": 1964330000}], "maxAge": 86400}, "financialData": {"maxAge": 86400, "currentPrice": 0.7, "recommendationKey": "none", "totalCash": 47540000, "totalCashPerShare": 0.028, "ebitda": -12287250, "totalDebt": 259018000, "totalRevenue": 366320000, "debtToEquity": 8.475, "revenuePerShare": 0.215, "grossProfits": 172419000, "revenueGrowth": -0.132, "grossMargins": 0.47157001, "ebitdaMargins": -0.03354, "operatingMargins": -0.2138, "profitMargins": -0.35167998, "financialCurrency": "INR"}}}