{"FERVENTSYN.BO": {"recommendationTrend": {"trend": [{"period": "0m", "strongBuy": 0, "buy": 0, "hold": 0, "sell": 0, "strongSell": 0}, {"period": "-1m", "strongBuy": 0, "buy": 0, "hold": 0, "sell": 0, "strongSell": 0}, {"period": "-2m", "strongBuy": 0, "buy": 0, "hold": 0, "sell": 0, "strongSell": 0}, {"period": "-3m", "strongBuy": 0, "buy": 0, "hold": 0, "sell": 0, "strongSell": 0}], "maxAge": 86400}, "cashflowStatementHistory": {"cashflowStatements": [{"maxAge": 1, "endDate": "2020-03-31", "netIncome": 2361000, "changeToLiabilities": 0}, {"maxAge": 1, "endDate": "2019-03-31", "netIncome": 12337457, "depreciation": 105141, "changeToNetincome": 2524300, "changeToAccountReceivables": -23214164, "changeToLiabilities": 0, "changeToOperatingActivities": 124002966, "totalCashFromOperatingActivities": 115755700, "capitalExpenditures": -52542, "otherCashflowsFromInvestingActivities": 40000, "totalCashflowsFromInvestingActivities": -140324267, "changeInCash": -24568567}, {"maxAge": 1, "endDate": "2018-03-31", "netIncome": 8305030, "depreciation": 103061, "changeToNetincome": -2105368, "changeToAccountReceivables": 38711429, "changeToLiabilities": 0, "changeToInventory": 11941262, "changeToOperatingActivities": -28456342, "totalCashFromOperatingActivities": 28499072, "capitalExpenditures": -52542, "investments": -23892475, "otherCashflowsFromInvestingActivities": 25000, "totalCashflowsFromInvestingActivities": -23867475, "changeInCash": 4631597}, {"maxAge": 1, "endDate": "2017-03-31", "netIncome": 24101631, "depreciation": 89397, "changeToNetincome": -3775355, "changeToAccountReceivables": -45711429, "changeToLiabilities": 0, "changeToInventory": -11941262, "changeToOperatingActivities": 19004464, "totalCashFromOperatingActivities": -18232554, "capitalExpenditures": -54500, "investments": 11997181, "otherCashflowsFromInvestingActivities": 25000, "totalCashflowsFromInvestingActivities": 11942681, "changeInCash": -6289873}], "maxAge": 86400}, "institutionOwnership": {"maxAge": 1, "ownershipList": []}, "balanceSheetHistoryQuarterly": {"balanceSheetStatements": [{"maxAge": 1, "endDate": "2020-06-30", "totalStockholderEquity": 425754000, "netTangibleAssets": 425754000}, {"maxAge": 1, "endDate": "2020-03-31", "cash": 149015000, "netReceivables": 90373000, "inventory": 13907000, "totalCurrentAssets": 253295000, "longTermInvestments": 2765000, "propertyPlantEquipment": 6243000, "otherAssets": 171741000, "totalAssets": 434044000, "otherCurrentLiab": 7215000, "otherLiab": 1075000, "totalCurrentLiabilities": 7215000, "totalLiab": 8290000, "commonStock": 300000000, "treasuryStock": 125754000, "otherStockholderEquity": 125754000, "totalStockholderEquity": 425754000, "netTangibleAssets": 425754000}, {"maxAge": 1, "endDate": "2019-12-31", "totalStockholderEquity": 428572000, "netTangibleAssets": 428572000}, {"maxAge": 1, "endDate": "2019-09-30", "cash": 159578000, "netReceivables": 93978000, "otherCurrentAssets": 16289000, "totalCurrentAssets": 253556000, "longTermInvestments": 4879000, "propertyPlantEquipment": 6433000, "otherAssets": 171675000, "totalAssets": 436543000, "otherCurrentLiab": 7268000, "otherLiab": 703000, "totalCurrentLiabilities": 7268000, "totalLiab": 7971000, "commonStock": 300000000, "treasuryStock": 128572000, "otherStockholderEquity": 128572000, "totalStockholderEquity": 428572000, "netTangibleAssets": 428572000}], "maxAge": 86400}, "earningsHistory": {"history": [{"maxAge": 1, "epsActual": {}, "epsEstimate": {}, "epsDifference": {}, "surprisePercent": {}, "quarter": {}, "period": "-4q"}, {"maxAge": 1, "epsActual": {}, "epsEstimate": {}, "epsDifference": {}, "surprisePercent": {}, "quarter": {}, "period": "-3q"}, {"maxAge": 1, "epsActual": {}, "epsEstimate": {}, "epsDifference": {}, "surprisePercent": {}, "quarter": {}, "period": "-2q"}, {"maxAge": 1, "epsActual": {}, "epsEstimate": {}, "epsDifference": {}, "surprisePercent": {}, "quarter": {}, "period": "-1q"}], "maxAge": 86400}, "indexTrend": {"maxAge": 1, "symbol": "SP5", "peRatio": 19.7411, "pegRatio": 1.34172, "estimates": [{"period": "0q", "growth": 0.549}, {"period": "+1q", "growth": 0.431}, {"period": "0y", "growth": 0.305}, {"period": "+1y", "growth": 0.109}, {"period": "+5y", "growth": 0.120859005}, {"period": "-5y"}]}, "industryTrend": {"maxAge": 1, "symbol": null, "estimates": []}, "insiderTransactions": {"transactions": [{"maxAge": 1, "shares": 50000, "filerUrl": "", "transactionText": "", "filerName": "Thakkar (Karan V)", "filerRelation": "UNREPORTED", "moneyText": "", "startDate": "2020-03-18", "ownership": "D"}, {"maxAge": 1, "shares": 50000, "filerUrl": "", "transactionText": "", "filerName": "Thakkar (Urvi Vijay)", "filerRelation": "UNREPORTED", "moneyText": "", "startDate": "2020-03-17", "ownership": "D"}], "maxAge": 1}, "quoteType": {"exchange": "BSE", "quoteType": "EQUITY", "symbol": "FERVENTSYN.BO", "underlyingSymbol": "FERVENTSYN.BO", "shortName": "FERVENT SYNERGIES LTD.", "longName": "Fervent Synergies Limited", "firstTradeDateEpochUtc": "2012-01-12 09:15:00", "timeZoneFullName": "Asia/Kolkata", "timeZoneShortName": "IST", "uuid": "a8a99e34-cb31-302b-92bd-fe4d8b9fd3dd", "messageBoardId": null, "gmtOffSetMilliseconds": 19800000, "maxAge": 1}, "incomeStatementHistory": {"incomeStatementHistory": [{"maxAge": 1, "endDate": "2020-03-31", "totalRevenue": 73549000, "costOfRevenue": 62941000, "grossProfit": 10608000, "researchDevelopment": {}, "sellingGeneralAdministrative": 3566000, "nonRecurring": {}, "otherOperatingExpenses": 2512000, "totalOperatingExpenses": 69262000, "operatingIncome": 4287000, "totalOtherIncomeExpenseNet": -1204000, "ebit": 4287000, "interestExpense": -1465000, "incomeBeforeTax": 3083000, "incomeTaxExpense": 722000, "minorityInterest": {}, "netIncomeFromContinuingOps": 2361000, "discontinuedOperations": {}, "extraordinaryItems": {}, "effectOfAccountingCharges": {}, "otherItems": {}, "netIncome": 2361000, "netIncomeApplicableToCommonShares": 2361000}, {"maxAge": 1, "endDate": "2019-03-31", "totalRevenue": 166707856, "costOfRevenue": 132634885, "grossProfit": 34072971, "researchDevelopment": {}, "sellingGeneralAdministrative": 3179815, "nonRecurring": {}, "otherOperatingExpenses": 16828318, "totalOperatingExpenses": 152748159, "operatingIncome": 13959697, "totalOtherIncomeExpenseNet": 3398897, "ebit": 13959697, "interestExpense": -587129, "incomeBeforeTax": 17358594, "incomeTaxExpense": 5021137, "minorityInterest": {}, "netIncomeFromContinuingOps": 12337457, "discontinuedOperations": {}, "extraordinaryItems": {}, "effectOfAccountingCharges": {}, "otherItems": {}, "netIncome": 12337457, "netIncomeApplicableToCommonShares": 12337457}, {"maxAge": 1, "endDate": "2018-03-31", "totalRevenue": 55099927, "costOfRevenue": 34963704, "grossProfit": 20136223, "researchDevelopment": {}, "sellingGeneralAdministrative": 2950254, "nonRecurring": {}, "otherOperatingExpenses": 6178164, "totalOperatingExpenses": 44195183, "operatingIncome": 10904744, "totalOtherIncomeExpenseNet": 464247, "ebit": 10904744, "interestExpense": -59157, "incomeBeforeTax": 11368991, "incomeTaxExpense": 3063961, "minorityInterest": {}, "netIncomeFromContinuingOps": 8305030, "discontinuedOperations": {}, "extraordinaryItems": {}, "effectOfAccountingCharges": {}, "otherItems": {}, "netIncome": 8305030, "netIncomeApplicableToCommonShares": 8305030}, {"maxAge": 1, "endDate": "2017-03-31", "totalRevenue": 396777952, "costOfRevenue": 324514565, "grossProfit": 72263387, "researchDevelopment": {}, "sellingGeneralAdministrative": 3192390, "nonRecurring": {}, "otherOperatingExpenses": 36911642, "totalOperatingExpenses": 364707994, "operatingIncome": 32069958, "totalOtherIncomeExpenseNet": 1062591, "ebit": 32069958, "interestExpense": -1722476, "incomeBeforeTax": 33132549, "incomeTaxExpense": 9030918, "minorityInterest": {}, "netIncomeFromContinuingOps": 24101631, "discontinuedOperations": {}, "extraordinaryItems": {}, "effectOfAccountingCharges": {}, "otherItems": {}, "netIncome": 24101631, "netIncomeApplicableToCommonShares": 24101631}], "maxAge": 86400}, "fundOwnership": {"maxAge": 1, "ownershipList": []}, "summaryDetail": {"maxAge": 1, "priceHint": 2, "previousClose": 14.07, "open": 14.95, "dayLow": 13.6, "dayHigh": 14.95, "regularMarketPreviousClose": 14.07, "regularMarketOpen": 14.95, "regularMarketDayLow": 13.6, "regularMarketDayHigh": 14.95, "trailingPE": 306.04166, "volume": 1975, "regularMarketVolume": 1975, "averageVolume": 7963, "averageVolume10days": 6609, "averageDailyVolume10Day": 6609, "bid": 13.62, "ask": 14.74, "bidSize": 0, "askSize": 0, "marketCap": 440700000, "fiftyTwoWeekLow": 7.22, "fiftyTwoWeekHigh": 19.3, "fiftyDayAverage": 13.992857, "twoHundredDayAverage": 11.633065, "currency": "INR", "fromCurrency": null, "toCurrency": null, "lastMarket": null, "algorithm": null, "tradeable": false}, "sectorTrend": {"maxAge": 1, "symbol": null, "estimates": []}, "incomeStatementHistoryQuarterly": {"incomeStatementHistory": [{"maxAge": 1, "endDate": "2020-06-30", "totalRevenue": 5517000, "costOfRevenue": 3477000, "grossProfit": 2040000, "researchDevelopment": {}, "sellingGeneralAdministrative": 742000, "nonRecurring": {}, "otherOperatingExpenses": 656000, "totalOperatingExpenses": 4968000, "operatingIncome": 549000, "totalOtherIncomeExpenseNet": -81000, "ebit": 549000, "interestExpense": -81000, "incomeBeforeTax": 468000, "incomeTaxExpense": 118000, "minorityInterest": {}, "netIncomeFromContinuingOps": 350000, "discontinuedOperations": {}, "extraordinaryItems": {}, "effectOfAccountingCharges": {}, "otherItems": {}, "netIncome": 350000, "netIncomeApplicableToCommonShares": 350000}, {"maxAge": 1, "endDate": "2020-03-31", "totalRevenue": 7462000, "costOfRevenue": 4933000, "grossProfit": 2529000, "researchDevelopment": {}, "sellingGeneralAdministrative": 1274000, "nonRecurring": {}, "otherOperatingExpenses": 427000, "totalOperatingExpenses": 6726000, "operatingIncome": 736000, "totalOtherIncomeExpenseNet": -537000, "ebit": 736000, "interestExpense": -537000, "incomeBeforeTax": 199000, "incomeTaxExpense": 50000, "minorityInterest": {}, "netIncomeFromContinuingOps": 149000, "discontinuedOperations": {}, "extraordinaryItems": {}, "effectOfAccountingCharges": {}, "otherItems": {}, "netIncome": 149000, "netIncomeApplicableToCommonShares": 149000}, {"maxAge": 1, "endDate": "2019-12-31", "totalRevenue": 59155000, "costOfRevenue": 58008000, "grossProfit": 1147000, "researchDevelopment": {}, "sellingGeneralAdministrative": 832000, "nonRecurring": {}, "otherOperatingExpenses": 783000, "totalOperatingExpenses": 59721000, "operatingIncome": -566000, "totalOtherIncomeExpenseNet": -537000, "ebit": -566000, "interestExpense": -724000, "incomeBeforeTax": -1103000, "incomeTaxExpense": -249000, "minorityInterest": {}, "netIncomeFromContinuingOps": -854000, "discontinuedOperations": {}, "extraordinaryItems": {}, "effectOfAccountingCharges": {}, "otherItems": {}, "netIncome": -854000, "netIncomeApplicableToCommonShares": -854000}, {"maxAge": 1, "endDate": "2019-09-30", "totalRevenue": 3438000, "costOfRevenue": 0, "grossProfit": 3438000, "researchDevelopment": {}, "sellingGeneralAdministrative": 731000, "nonRecurring": {}, "otherOperatingExpenses": 532000, "totalOperatingExpenses": 1290000, "operatingIncome": 2148000, "totalOtherIncomeExpenseNet": 74000, "ebit": 2148000, "interestExpense": -724000, "incomeBeforeTax": 2222000, "incomeTaxExpense": 386000, "minorityInterest": {}, "netIncomeFromContinuingOps": 1836000, "discontinuedOperations": {}, "extraordinaryItems": {}, "effectOfAccountingCharges": {}, "otherItems": {}, "netIncome": 1836000, "netIncomeApplicableToCommonShares": 1836000}], "maxAge": 86400}, "cashflowStatementHistoryQuarterly": {"cashflowStatements": [{"maxAge": 1, "endDate": "2020-06-30", "netIncome": 350000, "changeToLiabilities": 0}, {"maxAge": 1, "endDate": "2020-03-31", "netIncome": 149000, "changeToLiabilities": 0}, {"maxAge": 1, "endDate": "2019-12-31", "netIncome": -854000, "changeToLiabilities": 0}, {"maxAge": 1, "endDate": "2019-09-30", "netIncome": 1836000, "changeToLiabilities": 0}], "maxAge": 86400}, "insiderHolders": {"holders": [{"maxAge": 1, "name": "Thakkar (Karan V)", "relation": "UNREPORTED", "url": "", "transactionDescription": "Acquisition", "latestTransDate": "2020-03-18", "positionDirect": 2150000, "positionDirectDate": "2020-03-18"}, {"maxAge": 1, "name": "Thakkar (Urvi Vijay)", "relation": "UNREPORTED", "url": "", "transactionDescription": "Acquisition", "latestTransDate": "2020-03-17", "positionDirect": 2150000, "positionDirectDate": "2020-03-17"}], "maxAge": 1}, "earnings": {"maxAge": 86400, "earningsChart": {"quarterly": [], "earningsDate": []}, "financialsChart": {"yearly": [{"date": 2017, "revenue": 396777952, "earnings": 24101631}, {"date": 2018, "revenue": 55099927, "earnings": 8305030}, {"date": 2019, "revenue": 166707856, "earnings": 12337457}, {"date": 2020, "revenue": 73549000, "earnings": 2361000}], "quarterly": [{"date": "3Q2019", "revenue": 3438000, "earnings": 1836000}, {"date": "4Q2019", "revenue": 59155000, "earnings": -854000}, {"date": "1Q2020", "revenue": 7462000, "earnings": 149000}, {"date": "2Q2020", "revenue": 5517000, "earnings": 350000}]}, "financialCurrency": "INR"}, "calendarEvents": {"maxAge": 1, "earnings": {"earningsDate": []}}, "price": {"maxAge": 1, "regularMarketChangePercent": 0.04406538, "regularMarketChange": 0.6199999, "regularMarketTime": "2021-04-30 15:29:25", "priceHint": 2, "regularMarketPrice": 14.69, "regularMarketDayHigh": 14.95, "regularMarketDayLow": 13.6, "regularMarketVolume": 1975, "averageDailyVolume10Day": 6609, "averageDailyVolume3Month": 7963, "regularMarketPreviousClose": 14.07, "regularMarketSource": "FREE_REALTIME", "regularMarketOpen": 14.95, "exchange": "BSE", "exchangeName": "BSE", "exchangeDataDelayedBy": 0, "marketState": "CLOSED", "quoteType": "EQUITY", "symbol": "FERVENTSYN.BO", "underlyingSymbol": null, "shortName": "FERVENT SYNERGIES LTD.", "longName": "Fervent Synergies Limited", "currency": "INR", "quoteSourceName": "Delayed Quote", "currencySymbol": "\u20b9", "fromCurrency": null, "toCurrency": null, "lastMarket": null, "marketCap": 440700000}, "balanceSheetHistory": {"balanceSheetStatements": [{"maxAge": 1, "endDate": "2020-03-31", "cash": 149015000, "netReceivables": 90373000, "inventory": 13907000, "totalCurrentAssets": 253295000, "longTermInvestments": 2765000, "propertyPlantEquipment": 6243000, "otherAssets": 171741000, "totalAssets": 434044000, "otherCurrentLiab": 7215000, "otherLiab": 1075000, "totalCurrentLiabilities": 7215000, "totalLiab": 8290000, "commonStock": 300000000, "treasuryStock": 125754000, "otherStockholderEquity": 125754000, "totalStockholderEquity": 425754000, "netTangibleAssets": 425754000}, {"maxAge": 1, "endDate": "2019-03-31", "cash": -18308593, "shortTermInvestments": 150000000, "netReceivables": 117624564, "otherCurrentAssets": 2412918, "totalCurrentAssets": 251728889, "longTermInvestments": 7161250, "propertyPlantEquipment": 4341716, "otherAssets": 171675025, "totalAssets": 434906880, "otherCurrentLiab": 6236257, "otherLiab": 789734, "totalCurrentLiabilities": 6327900, "totalLiab": 7117634, "commonStock": 300000000, "retainedEarnings": 117789246, "capitalSurplus": 10000000, "totalStockholderEquity": 427789246, "netTangibleAssets": 427789246}, {"maxAge": 1, "endDate": "2018-03-31", "cash": 6259974, "shortTermInvestments": 150000000, "netReceivables": 216500526, "otherCurrentAssets": 3712269, "totalCurrentAssets": 376472769, "longTermInvestments": 9728750, "propertyPlantEquipment": 4394315, "otherAssets": 31363300, "totalAssets": 421959134, "otherCurrentLiab": 3121174, "otherLiab": 761311, "totalCurrentLiabilities": 3178534, "totalLiab": 3939845, "commonStock": 300000000, "retainedEarnings": 108019289, "capitalSurplus": 10000000, "totalStockholderEquity": 418019289, "netTangibleAssets": 418019289}, {"maxAge": 1, "endDate": "2017-03-31", "cash": 1628377, "shortTermInvestments": 112500000, "netReceivables": 269419169, "inventory": 11941262, "otherCurrentAssets": 7466551, "totalCurrentAssets": 402955359, "propertyPlantEquipment": 4497376, "otherAssets": 14984800, "totalAssets": 422437535, "otherCurrentLiab": 8947958, "otherLiab": 800684, "totalCurrentLiabilities": 14137367, "totalLiab": 14938051, "commonStock": 300000000, "retainedEarnings": 97499484, "capitalSurplus": 10000000, "totalStockholderEquity": 407499484, "netTangibleAssets": 407499484}], "maxAge": 86400}, "earningsTrend": {"trend": [{"maxAge": 1, "period": "0q", "endDate": null, "growth": {}, "earningsEstimate": {"avg": 0.0, "low": 0.0, "high": 0.0, "yearAgoEps": {}, "numberOfAnalysts": 0, "growth": {}}, "revenueEstimate": {"avg": 0, "low": 0, "high": 0, "numberOfAnalysts": 0, "yearAgoRevenue": {}, "growth": {}}, "epsTrend": {"current": 0.0, "7daysAgo": 0.0, "30daysAgo": 0.0, "60daysAgo": 0.0, "90daysAgo": 0.0}, "epsRevisions": {"upLast7days": 0, "upLast30days": 0, "downLast30days": 0, "downLast90days": {}}}, {"maxAge": 1, "period": "+1q", "endDate": null, "growth": {}, "earningsEstimate": {"avg": 0.0, "low": 0.0, "high": 0.0, "yearAgoEps": {}, "numberOfAnalysts": 0, "growth": {}}, "revenueEstimate": {"avg": 0, "low": 0, "high": 0, "numberOfAnalysts": 0, "yearAgoRevenue": {}, "growth": {}}, "epsTrend": {"current": 0.0, "7daysAgo": 0.0, "30daysAgo": 0.0, "60daysAgo": 0.0, "90daysAgo": 0.0}, "epsRevisions": {"upLast7days": 0, "upLast30days": 0, "downLast30days": 0, "downLast90days": {}}}, {"maxAge": 1, "period": "0y", "endDate": null, "growth": {}, "earningsEstimate": {"avg": 0.0, "low": 0.0, "high": 0.0, "yearAgoEps": {}, "numberOfAnalysts": 0, "growth": {}}, "revenueEstimate": {"avg": 0, "low": 0, "high": 0, "numberOfAnalysts": 0, "yearAgoRevenue": {}, "growth": {}}, "epsTrend": {"current": 0.0, "7daysAgo": 0.0, "30daysAgo": 0.0, "60daysAgo": 0.0, "90daysAgo": 0.0}, "epsRevisions": {"upLast7days": 0, "upLast30days": 0, "downLast30days": 0, "downLast90days": {}}}, {"maxAge": 1, "period": "+1y", "endDate": null, "growth": {}, "earningsEstimate": {"avg": 0.0, "low": 0.0, "high": 0.0, "yearAgoEps": {}, "numberOfAnalysts": 0, "growth": {}}, "revenueEstimate": {"avg": 0, "low": 0, "high": 0, "numberOfAnalysts": 0, "yearAgoRevenue": {}, "growth": {}}, "epsTrend": {"current": 0.0, "7daysAgo": 0.0, "30daysAgo": 0.0, "60daysAgo": 0.0, "90daysAgo": 0.0}, "epsRevisions": {"upLast7days": 0, "upLast30days": 0, "downLast30days": 0, "downLast90days": {}}}, {"maxAge": 1, "period": "+5y", "endDate": null, "growth": {}, "earningsEstimate": {"avg": {}, "low": {}, "high": {}, "yearAgoEps": {}, "numberOfAnalysts": {}, "growth": {}}, "revenueEstimate": {"avg": {}, "low": {}, "high": {}, "numberOfAnalysts": {}, "yearAgoRevenue": {}, "growth": {}}, "epsTrend": {"current": {}, "7daysAgo": {}, "30daysAgo": {}, "60daysAgo": {}, "90daysAgo": {}}, "epsRevisions": {"upLast7days": {}, "upLast30days": {}, "downLast30days": {}, "downLast90days": {}}}, {"maxAge": 1, "period": "-5y", "endDate": null, "growth": {}, "earningsEstimate": {"avg": {}, "low": {}, "high": {}, "yearAgoEps": {}, "numberOfAnalysts": {}, "growth": {}}, "revenueEstimate": {"avg": {}, "low": {}, "high": {}, "numberOfAnalysts": {}, "yearAgoRevenue": {}, "growth": {}}, "epsTrend": {"current": {}, "7daysAgo": {}, "30daysAgo": {}, "60daysAgo": {}, "90daysAgo": {}}, "epsRevisions": {"upLast7days": {}, "upLast30days": {}, "downLast30days": {}, "downLast90days": {}}}], "maxAge": 1}, "financialData": {"maxAge": 86400, "currentPrice": 14.69, "recommendationKey": "none", "grossProfits": 10608000, "financialCurrency": "INR"}}}