{"FIBERWEB.BO": {"recommendationTrend": {"trend": [{"period": "0m", "strongBuy": 0, "buy": 0, "hold": 0, "sell": 0, "strongSell": 0}, {"period": "-1m", "strongBuy": 0, "buy": 0, "hold": 0, "sell": 0, "strongSell": 0}, {"period": "-2m", "strongBuy": 0, "buy": 0, "hold": 0, "sell": 0, "strongSell": 0}, {"period": "-3m", "strongBuy": 0, "buy": 0, "hold": 0, "sell": 0, "strongSell": 0}], "maxAge": 86400}, "cashflowStatementHistory": {"cashflowStatements": [{"maxAge": 1, "endDate": "2020-03-31", "netIncome": 103008234, "depreciation": 47131759, "changeToNetincome": 9808529, "changeToAccountReceivables": 56285904, "changeToLiabilities": -31434397, "changeToInventory": -134478617, "changeToOperatingActivities": -9436371, "totalCashFromOperatingActivities": 40885041, "capitalExpenditures": -39392936, "otherCashflowsFromInvestingActivities": 753604, "totalCashflowsFromInvestingActivities": -38465109, "dividendsPaid": -1184290, "netBorrowings": 61148959, "otherCashflowsFromFinancingActivities": -14111838, "totalCashFromFinancingActivities": 45852831, "changeInCash": 48272763}, {"maxAge": 1, "endDate": "2019-03-31", "netIncome": 90865453, "depreciation": 45413109, "changeToNetincome": -34442543, "changeToAccountReceivables": 56285904, "changeToLiabilities": -149273, "changeToInventory": -11131023, "changeToOperatingActivities": 21480029, "totalCashFromOperatingActivities": 112035752, "capitalExpenditures": -114684457, "investments": -2873821, "otherCashflowsFromInvestingActivities": 629684, "totalCashflowsFromInvestingActivities": -116878594, "dividendsPaid": -5758342, "netBorrowings": 61148959, "otherCashflowsFromFinancingActivities": 939517, "totalCashFromFinancingActivities": -4818825, "changeInCash": -9661667}, {"maxAge": 1, "endDate": "2018-03-31", "netIncome": 363091754, "depreciation": 32486232, "changeToNetincome": 140058, "changeToAccountReceivables": -138773732, "changeToLiabilities": -20922645, "changeToInventory": -48979984, "changeToOperatingActivities": -34256004, "totalCashFromOperatingActivities": 152785679, "capitalExpenditures": -490245728, "investments": 4027325, "otherCashflowsFromInvestingActivities": 403774, "totalCashflowsFromInvestingActivities": -461656474, "dividendsPaid": -8664990, "netBorrowings": 61148959, "otherCashflowsFromFinancingActivities": -2750000, "totalCashFromFinancingActivities": 140660010, "effectOfExchangeRate": -543832, "changeInCash": -168754617, "issuanceOfStock": 152075000}, {"maxAge": 1, "endDate": "2017-03-31", "netIncome": 172374033, "depreciation": 26941264, "changeToNetincome": 1838956, "changeToAccountReceivables": -343904729, "changeToLiabilities": 223506465, "changeToInventory": -29617866, "changeToOperatingActivities": -2841648, "totalCashFromOperatingActivities": 48284530, "capitalExpenditures": -6569021, "investments": 288112, "otherCashflowsFromInvestingActivities": 439056, "totalCashflowsFromInvestingActivities": -59262275, "dividendsPaid": -8664990, "netBorrowings": -1033851728, "otherCashflowsFromFinancingActivities": 1024290729, "totalCashFromFinancingActivities": 164164001, "effectOfExchangeRate": -2203776, "changeInCash": 150982480, "issuanceOfStock": 173725000}], "maxAge": 86400}, "institutionOwnership": {"maxAge": 1, "ownershipList": []}, "balanceSheetHistoryQuarterly": {"balanceSheetStatements": [{"maxAge": 1, "endDate": "2020-06-30", "totalStockholderEquity": 1622556900, "netTangibleAssets": 1622556900}, {"maxAge": 1, "endDate": "2020-03-31", "cash": 84719724, "netReceivables": 366913589, "inventory": 299232612, "otherCurrentAssets": 18347870, "totalCurrentAssets": 769993106, "longTermInvestments": 10700, "propertyPlantEquipment": 907074004, "otherAssets": 84607846, "deferredLongTermAssetCharges": 3483781, "totalAssets": 1761685656, "accountsPayable": 42749579, "otherCurrentLiab": 20615378, "totalCurrentLiabilities": 139127654, "totalLiab": 139127654, "commonStock": 287917100, "retainedEarnings": 832491680, "treasuryStock": 205860467, "capitalSurplus": 296288755, "otherStockholderEquity": 205860467, "totalStockholderEquity": 1622558002, "netTangibleAssets": 1622558002}, {"maxAge": 1, "endDate": "2019-12-31", "totalStockholderEquity": 1584124000, "netTangibleAssets": 1584124000}, {"maxAge": 1, "endDate": "2019-09-30", "cash": 54464300, "netReceivables": 410335700, "inventory": 195490900, "totalCurrentAssets": 660290900, "longTermInvestments": 10700, "propertyPlantEquipment": 1032777000, "totalAssets": 1693078600, "accountsPayable": 43191800, "otherCurrentLiab": 11774500, "totalCurrentLiabilities": 108954600, "totalLiab": 108954600, "commonStock": 287917000, "treasuryStock": 1296207000, "otherStockholderEquity": 1296207000, "totalStockholderEquity": 1584124000, "netTangibleAssets": 1584124000}], "maxAge": 86400}, "earningsHistory": {"history": [{"maxAge": 1, "epsActual": {}, "epsEstimate": {}, "epsDifference": {}, "surprisePercent": {}, "quarter": {}, "period": "-4q"}, {"maxAge": 1, "epsActual": {}, "epsEstimate": {}, "epsDifference": {}, "surprisePercent": {}, "quarter": {}, "period": "-3q"}, {"maxAge": 1, "epsActual": 2.36, "epsEstimate": 1.91, "epsDifference": 0.45, "surprisePercent": 0.236, "quarter": "2017-09-30", "period": "-2q"}, {"maxAge": 1, "epsActual": 5.28, "epsEstimate": 4.42, "epsDifference": 0.86, "surprisePercent": 0.195, "quarter": "2017-12-31", "period": "-1q"}], "maxAge": 86400}, "indexTrend": {"maxAge": 1, "symbol": "SP5", "peRatio": 19.7411, "pegRatio": 1.34172, "estimates": [{"period": "0q", "growth": 0.549}, {"period": "+1q", "growth": 0.431}, {"period": "0y", "growth": 0.305}, {"period": "+1y", "growth": 0.109}, {"period": "+5y", "growth": 0.120859005}, {"period": "-5y"}]}, "industryTrend": {"maxAge": 1, "symbol": null, "estimates": []}, "insiderTransactions": {"transactions": [{"maxAge": 1, "shares": 1349776, "filerUrl": "", "transactionText": "", "filerName": "Sheth (Unnati Pravin)", "filerRelation": "Promoter", "moneyText": "", "startDate": "2020-02-14", "ownership": "D"}, {"maxAge": 1, "shares": 1350000, "filerUrl": "", "transactionText": "", "filerName": "Sheth (Bhavesh P.)", "filerRelation": "Director (Non-Executive)", "moneyText": "", "startDate": "2020-02-14", "ownership": "D"}, {"maxAge": 1, "shares": 5000, "filerUrl": "", "transactionText": "", "filerName": "Sheth (Soniya P)", "filerRelation": "Director", "moneyText": "", "startDate": "2019-08-16", "ownership": "D"}, {"maxAge": 1, "shares": 6169, "filerUrl": "", "transactionText": "", "filerName": "Sheth (Pravin V)", "filerRelation": "Director (Non-Executive)", "moneyText": "", "startDate": "2019-07-05", "ownership": "D"}, {"maxAge": 1, "shares": 32650, "filerUrl": "", "transactionText": "", "filerName": "Sheth (Pravin V)", "filerRelation": "Non Executive Chairman", "moneyText": "", "startDate": "2019-07-03", "ownership": "D"}, {"maxAge": 1, "shares": 2727, "filerUrl": "", "transactionText": "", "filerName": "Sheth (Pravin V)", "filerRelation": "Non Executive Chairman", "moneyText": "", "startDate": "2019-06-28", "ownership": "D"}, {"maxAge": 1, "shares": 29414, "filerUrl": "", "transactionText": "", "filerName": "Sheth (Pravin V)", "filerRelation": "Non Executive Chairman", "moneyText": "", "startDate": "2019-06-27", "ownership": "D"}, {"maxAge": 1, "shares": 4753, "filerUrl": "", "transactionText": "", "filerName": "Sheth (Pravin V)", "filerRelation": "Non Executive Chairman", "moneyText": "", "startDate": "2019-06-26", "ownership": "D"}, {"maxAge": 1, "shares": 40174, "filerUrl": "", "transactionText": "", "filerName": "Sheth (Pravin V)", "filerRelation": "Non Executive Chairman", "moneyText": "", "startDate": "2019-06-25", "ownership": "D"}, {"maxAge": 1, "shares": 11000, "filerUrl": "", "transactionText": "", "filerName": "Sheth (Pravin V)", "filerRelation": "Non Executive Chairman", "moneyText": "", "startDate": "2019-06-04", "ownership": "D"}, {"maxAge": 1, "shares": 7084, "filerUrl": "", "transactionText": "", "filerName": "Sheth (Pravin V)", "filerRelation": "Non Executive Chairman", "moneyText": "", "startDate": "2019-02-07", "ownership": "D"}, {"maxAge": 1, "shares": 5711, "filerUrl": "", "transactionText": "", "filerName": "Sheth (Pravin V)", "filerRelation": "Non Executive Chairman", "moneyText": "", "startDate": "2019-02-06", "ownership": "D"}, {"maxAge": 1, "shares": 26804, "filerUrl": "", "transactionText": "", "filerName": "Sheth (Pravin V)", "filerRelation": "Non Executive Chairman", "moneyText": "", "startDate": "2019-02-05", "ownership": "D"}, {"maxAge": 1, "shares": 6000, "filerUrl": "", "transactionText": "", "filerName": "Sheth (Pravin V)", "filerRelation": "Non Executive Chairman", "moneyText": "", "startDate": "2019-02-04", "ownership": "D"}, {"maxAge": 1, "shares": 8966, "filerUrl": "", "transactionText": "", "filerName": "Sheth (Pravin V)", "filerRelation": "Non Executive Chairman", "moneyText": "", "startDate": "2019-02-01", "ownership": "D"}, {"maxAge": 1, "shares": 8194, "filerUrl": "", "transactionText": "", "filerName": "Sheth (Pravin V)", "filerRelation": "Non Executive Chairman", "moneyText": "", "startDate": "2019-01-31", "ownership": "D"}, {"maxAge": 1, "shares": 15209, "filerUrl": "", "transactionText": "", "filerName": "Sheth (Pravin V)", "filerRelation": "Managing Director", "moneyText": "", "startDate": "2019-01-30", "ownership": "D"}, {"maxAge": 1, "shares": 1000, "filerUrl": "", "transactionText": "", "filerName": "Sheth (Unnati Pravin)", "filerRelation": "Promoter", "moneyText": "", "startDate": "2019-01-21", "ownership": "D"}, {"maxAge": 1, "shares": 881, "filerUrl": "", "transactionText": "", "filerName": "Sheth (Unnati Pravin)", "filerRelation": "Promoter", "moneyText": "", "startDate": "2018-11-14", "ownership": "D"}, {"maxAge": 1, "shares": 3688, "filerUrl": "", "transactionText": "", "filerName": "Sheth (Pravin V)", "filerRelation": "Managing Director", "moneyText": "", "startDate": "2018-11-12", "ownership": "D"}], "maxAge": 1}, "quoteType": {"exchange": "BSE", "quoteType": "EQUITY", "symbol": "FIBERWEB.BO", "underlyingSymbol": "FIBERWEB.BO", "shortName": "FIBERWEB (INDIA) LTD.", "longName": "Fiberweb (India) Limited", "firstTradeDateEpochUtc": "2001-02-06 09:15:00", "timeZoneFullName": "Asia/Kolkata", "timeZoneShortName": "IST", "uuid": "d218993e-9300-3792-92b0-8659262e5ff5", "messageBoardId": null, "gmtOffSetMilliseconds": 19800000, "maxAge": 1}, "incomeStatementHistory": {"incomeStatementHistory": [{"maxAge": 1, "endDate": "2020-03-31", "totalRevenue": 988861069, "costOfRevenue": 649613844, "grossProfit": 339247225, "researchDevelopment": {}, "sellingGeneralAdministrative": 51747992, "nonRecurring": {}, "otherOperatingExpenses": 111119926, "totalOperatingExpenses": 859613521, "operatingIncome": 129247548, "totalOtherIncomeExpenseNet": -9723095, "ebit": 129247548, "interestExpense": -10857425, "incomeBeforeTax": 119524453, "incomeTaxExpense": 16516219, "minorityInterest": {}, "netIncomeFromContinuingOps": 103008234, "discontinuedOperations": {}, "extraordinaryItems": {}, "effectOfAccountingCharges": {}, "otherItems": {}, "netIncome": 103008234, "netIncomeApplicableToCommonShares": 103008234}, {"maxAge": 1, "endDate": "2019-03-31", "totalRevenue": 1977767210, "costOfRevenue": 1486839968, "grossProfit": 490927242, "researchDevelopment": {}, "sellingGeneralAdministrative": 50553928, "nonRecurring": {}, "otherOperatingExpenses": 148578088, "totalOperatingExpenses": 1731385093, "operatingIncome": 246382117, "totalOtherIncomeExpenseNet": -155516664, "ebit": 246382117, "interestExpense": -10857425, "incomeBeforeTax": 90865453, "incomeTaxExpense": 0, "minorityInterest": {}, "netIncomeFromContinuingOps": 90865453, "discontinuedOperations": {}, "extraordinaryItems": {}, "effectOfAccountingCharges": {}, "otherItems": {}, "netIncome": 90865453, "netIncomeApplicableToCommonShares": 90865453}, {"maxAge": 1, "endDate": "2018-03-31", "totalRevenue": 2861285897, "costOfRevenue": 2302470028, "grossProfit": 558815869, "researchDevelopment": {}, "sellingGeneralAdministrative": 52438508, "nonRecurring": {}, "otherOperatingExpenses": 110659317, "totalOperatingExpenses": 2498054085, "operatingIncome": 363231812, "totalOtherIncomeExpenseNet": -140058, "ebit": 363231812, "interestExpense": -10857425, "incomeBeforeTax": 363091754, "incomeTaxExpense": 0, "minorityInterest": {}, "netIncomeFromContinuingOps": 363091754, "discontinuedOperations": {}, "extraordinaryItems": {}, "effectOfAccountingCharges": {}, "otherItems": {}, "netIncome": 363091754, "netIncomeApplicableToCommonShares": 363091754}, {"maxAge": 1, "endDate": "2017-03-31", "totalRevenue": 1303774747, "costOfRevenue": 922529170, "grossProfit": 381245577, "researchDevelopment": {}, "sellingGeneralAdministrative": 53777934, "nonRecurring": {}, "otherOperatingExpenses": 126315272, "totalOperatingExpenses": 1129563640, "operatingIncome": 174211107, "totalOtherIncomeExpenseNet": -1837074, "ebit": 174211107, "interestExpense": -210999, "incomeBeforeTax": 172374033, "incomeTaxExpense": 0, "minorityInterest": {}, "netIncomeFromContinuingOps": 172374033, "discontinuedOperations": {}, "extraordinaryItems": {}, "effectOfAccountingCharges": {}, "otherItems": {}, "netIncome": 172374033, "netIncomeApplicableToCommonShares": 172374033}], "maxAge": 86400}, "fundOwnership": {"maxAge": 1, "ownershipList": []}, "summaryDetail": {"maxAge": 1, "priceHint": 2, "previousClose": 28.9, "open": 29.45, "dayLow": 28.55, "dayHigh": 29.45, "regularMarketPreviousClose": 28.9, "regularMarketOpen": 29.45, "regularMarketDayLow": 28.55, "regularMarketDayHigh": 29.45, "trailingPE": 6.57357, "forwardPE": 2.3866448, "volume": 38645, "regularMarketVolume": 38645, "averageVolume": 57869, "averageVolume10days": 45738, "averageDailyVolume10Day": 45738, "bid": 29.0, "ask": 29.1, "bidSize": 0, "askSize": 0, "marketCap": 833519744, "fiftyTwoWeekLow": 8.89, "fiftyTwoWeekHigh": 35.4, "fiftyDayAverage": 29.545713, "twoHundredDayAverage": 29.19562, "trailingAnnualDividendRate": 0.0, "trailingAnnualDividendYield": 0.0, "currency": "INR", "fromCurrency": null, "toCurrency": null, "lastMarket": null, "algorithm": null, "tradeable": false}, "sectorTrend": {"maxAge": 1, "symbol": null, "estimates": []}, "incomeStatementHistoryQuarterly": {"incomeStatementHistory": [{"maxAge": 1, "endDate": "2020-06-30", "totalRevenue": 289373000, "costOfRevenue": 201321000, "grossProfit": 88052000, "researchDevelopment": {}, "sellingGeneralAdministrative": 15782000, "nonRecurring": {}, "otherOperatingExpenses": 6106000, "totalOperatingExpenses": 236605000, "operatingIncome": 52768000, "totalOtherIncomeExpenseNet": -1172000, "ebit": 52768000, "interestExpense": -72000, "incomeBeforeTax": 51596000, "incomeTaxExpense": 10000000, "minorityInterest": {}, "netIncomeFromContinuingOps": 41596000, "discontinuedOperations": {}, "extraordinaryItems": {}, "effectOfAccountingCharges": {}, "otherItems": {}, "netIncome": 41596000, "netIncomeApplicableToCommonShares": 41596000}, {"maxAge": 1, "endDate": "2020-03-31", "totalRevenue": 216614069, "costOfRevenue": 90851844, "grossProfit": 125762225, "researchDevelopment": {}, "sellingGeneralAdministrative": -11763008, "nonRecurring": {}, "otherOperatingExpenses": 88342926, "totalOperatingExpenses": 180815521, "operatingIncome": 35798548, "totalOtherIncomeExpenseNet": -4468095, "ebit": 35798548, "interestExpense": -6902425, "incomeBeforeTax": 31330453, "incomeTaxExpense": 16516219, "minorityInterest": {}, "netIncomeFromContinuingOps": 14814234, "discontinuedOperations": {}, "extraordinaryItems": {}, "effectOfAccountingCharges": {}, "otherItems": {}, "netIncome": 14814234, "netIncomeApplicableToCommonShares": 14814234}, {"maxAge": 1, "endDate": "2019-12-31", "totalRevenue": 273148000, "costOfRevenue": 200352000, "grossProfit": 72796000, "researchDevelopment": {}, "sellingGeneralAdministrative": 21960000, "nonRecurring": {}, "otherOperatingExpenses": 6195000, "totalOperatingExpenses": 239978000, "operatingIncome": 33170000, "totalOtherIncomeExpenseNet": -2608000, "ebit": 33170000, "interestExpense": -1508000, "incomeBeforeTax": 30562000, "incomeTaxExpense": 0, "minorityInterest": {}, "netIncomeFromContinuingOps": 30562000, "discontinuedOperations": {}, "extraordinaryItems": {}, "effectOfAccountingCharges": {}, "otherItems": {}, "netIncome": 30562000, "netIncomeApplicableToCommonShares": 30562000}, {"maxAge": 1, "endDate": "2019-09-30", "totalRevenue": 326701000, "costOfRevenue": 243893000, "grossProfit": 82808000, "researchDevelopment": {}, "sellingGeneralAdministrative": 20622000, "nonRecurring": {}, "otherOperatingExpenses": 7581000, "totalOperatingExpenses": 283673000, "operatingIncome": 43028000, "totalOtherIncomeExpenseNet": -2176000, "ebit": 43028000, "interestExpense": -2176000, "incomeBeforeTax": 40852000, "incomeTaxExpense": 0, "minorityInterest": {}, "netIncomeFromContinuingOps": 40852000, "discontinuedOperations": {}, "extraordinaryItems": {}, "effectOfAccountingCharges": {}, "otherItems": {}, "netIncome": 40852000, "netIncomeApplicableToCommonShares": 40852000}], "maxAge": 86400}, "cashflowStatementHistoryQuarterly": {"cashflowStatements": [{"maxAge": 1, "endDate": "2020-06-30", "netIncome": 41596000, "changeToLiabilities": 0}, {"maxAge": 1, "endDate": "2020-03-31", "netIncome": 14814234, "changeToLiabilities": 0}, {"maxAge": 1, "endDate": "2019-12-31", "netIncome": 30562000, "changeToLiabilities": 0}, {"maxAge": 1, "endDate": "2019-09-30", "netIncome": 40852000, "changeToLiabilities": 0}], "maxAge": 86400}, "insiderHolders": {"holders": [{"maxAge": 1, "name": "Sheth (Bhavesh P.)", "relation": "Director (Non-Executive)", "url": "", "transactionDescription": "Gift", "latestTransDate": "2020-02-14", "positionDirect": 6249596, "positionDirectDate": "2020-02-14"}, {"maxAge": 1, "name": "Sheth (Pravin V)", "relation": "Director (Non-Executive)", "url": "", "transactionDescription": "Acquisition", "latestTransDate": "2019-07-05", "positionDirect": 3554873, "positionDirectDate": "2019-07-05"}, {"maxAge": 1, "name": "Sheth (Soniya P)", "relation": "Director", "url": "", "transactionDescription": "Acquisition", "latestTransDate": "2019-08-16", "positionDirect": 11000, "positionDirectDate": "2019-08-16"}, {"maxAge": 1, "name": "Sheth (Unnati Pravin)", "relation": "Promoter", "url": "", "transactionDescription": "Gift", "latestTransDate": "2020-02-14", "positionDirect": 2329, "positionDirectDate": "2020-02-14"}], "maxAge": 1}, "earnings": {"maxAge": 86400, "earningsChart": {"quarterly": [{"date": "3Q2017", "actual": 2.36, "estimate": 1.91}, {"date": "4Q2017", "actual": 5.28, "estimate": 4.42}], "currentQuarterEstimateDate": "1Q", "currentQuarterEstimateYear": 2018, "earningsDate": []}, "financialsChart": {"yearly": [{"date": 2017, "revenue": 1303774747, "earnings": 172374033}, {"date": 2018, "revenue": 2861285897, "earnings": 363091754}, {"date": 2019, "revenue": 1977767210, "earnings": 90865453}, {"date": 2020, "revenue": 988861069, "earnings": 103008234}], "quarterly": [{"date": "3Q2019", "revenue": 326701000, "earnings": 40852000}, {"date": "4Q2019", "revenue": 273148000, "earnings": 30562000}, {"date": "1Q2020", "revenue": 216614069, "earnings": 14814234}, {"date": "2Q2020", "revenue": 289373000, "earnings": 41596000}]}, "financialCurrency": "INR"}, "calendarEvents": {"maxAge": 1, "earnings": {"earningsDate": []}}, "price": {"maxAge": 1, "regularMarketChangePercent": 0.0017301434, "regularMarketChange": 0.050001144, "regularMarketTime": "2021-04-30 15:29:35", "priceHint": 2, "regularMarketPrice": 28.95, "regularMarketDayHigh": 29.45, "regularMarketDayLow": 28.55, "regularMarketVolume": 38645, "averageDailyVolume10Day": 45738, "averageDailyVolume3Month": 57869, "regularMarketPreviousClose": 28.9, "regularMarketSource": "FREE_REALTIME", "regularMarketOpen": 29.45, "exchange": "BSE", "exchangeName": "BSE", "exchangeDataDelayedBy": 0, "marketState": "CLOSED", "quoteType": "EQUITY", "symbol": "FIBERWEB.BO", "underlyingSymbol": null, "shortName": "FIBERWEB (INDIA) LTD.", "longName": "Fiberweb (India) Limited", "currency": "INR", "quoteSourceName": "Delayed Quote", "currencySymbol": "\u20b9", "fromCurrency": null, "toCurrency": null, "lastMarket": null, "marketCap": 833519744}, "balanceSheetHistory": {"balanceSheetStatements": [{"maxAge": 1, "endDate": "2020-03-31", "cash": 84719724, "netReceivables": 366913589, "inventory": 299232612, "otherCurrentAssets": 18347870, "totalCurrentAssets": 769993106, "longTermInvestments": 10700, "propertyPlantEquipment": 907074004, "otherAssets": 84607846, "deferredLongTermAssetCharges": 3483781, "totalAssets": 1761685656, "accountsPayable": 42749579, "otherCurrentLiab": 20615378, "totalCurrentLiabilities": 139127654, "totalLiab": 139127654, "commonStock": 287917100, "retainedEarnings": 832491680, "treasuryStock": 205860467, "capitalSurplus": 296288755, "otherStockholderEquity": 205860467, "totalStockholderEquity": 1622558002, "netTangibleAssets": 1622558002}, {"maxAge": 1, "endDate": "2019-03-31", "cash": 36446960, "netReceivables": 442902387, "inventory": 164753995, "otherCurrentAssets": 15227415, "totalCurrentAssets": 659362267, "longTermInvestments": 10700, "propertyPlantEquipment": 914987051, "otherAssets": 33380770, "totalAssets": 1607740788, "accountsPayable": 74183976, "otherCurrentLiab": 6166112, "totalCurrentLiabilities": 87006730, "totalLiab": 87006730, "commonStock": 287917100, "retainedEarnings": 730667736, "treasuryStock": 205860467, "capitalSurplus": 296288755, "otherStockholderEquity": 205860467, "totalStockholderEquity": 1520734058, "netTangibleAssets": 1520734058}, {"maxAge": 1, "endDate": "2018-03-31", "cash": 46393222, "netReceivables": 536008860, "inventory": 153622972, "otherCurrentAssets": 33735909, "totalCurrentAssets": 771480738, "longTermInvestments": 59465, "propertyPlantEquipment": 845958336, "otherAssets": 45858103, "totalAssets": 1663356642, "accountsPayable": 201246507, "otherCurrentLiab": 557043, "totalCurrentLiabilities": 231818742, "totalLiab": 231818742, "commonStock": 287917100, "retainedEarnings": 645560624, "treasuryStock": 201771421, "capitalSurplus": 296288755, "otherStockholderEquity": 201771421, "totalStockholderEquity": 1431537900, "netTangibleAssets": 1431537900}, {"maxAge": 1, "endDate": "2017-03-31", "cash": 215147839, "netReceivables": 397210990, "inventory": 104642988, "otherCurrentAssets": 1831563, "totalCurrentAssets": 719394873, "longTermInvestments": 728811, "propertyPlantEquipment": 388198841, "otherAssets": 69346912, "totalAssets": 1177669437, "accountsPayable": 236385992, "otherCurrentLiab": 1577983, "totalCurrentLiabilities": 253910624, "totalLiab": 253910624, "commonStock": 132958550, "retainedEarnings": 291133860, "treasuryStock": 200494098, "capitalSurplus": 299172305, "otherStockholderEquity": 200494098, "totalStockholderEquity": 923758813, "netTangibleAssets": 923758813}], "maxAge": 86400}, "earningsTrend": {"trend": [{"maxAge": 1, "period": "0q", "endDate": "2018-03-31", "growth": {}, "earningsEstimate": {"avg": 0.0, "low": 0.0, "high": 0.0, "yearAgoEps": {}, "numberOfAnalysts": 0, "growth": {}}, "revenueEstimate": {"avg": 0, "low": 0, "high": 0, "numberOfAnalysts": 0, "yearAgoRevenue": {}, "growth": {}}, "epsTrend": {"current": 0.0, "7daysAgo": 0.0, "30daysAgo": 0.0, "60daysAgo": 0.0, "90daysAgo": 0.0}, "epsRevisions": {"upLast7days": 0, "upLast30days": 0, "downLast30days": 0, "downLast90days": {}}}, {"maxAge": 1, "period": "+1q", "endDate": "2018-06-30", "growth": {}, "earningsEstimate": {"avg": 0.0, "low": 0.0, "high": 0.0, "yearAgoEps": {}, "numberOfAnalysts": 0, "growth": {}}, "revenueEstimate": {"avg": 0, "low": 0, "high": 0, "numberOfAnalysts": 0, "yearAgoRevenue": {}, "growth": {}}, "epsTrend": {"current": 0.0, "7daysAgo": 0.0, "30daysAgo": 0.0, "60daysAgo": 0.0, "90daysAgo": 0.0}, "epsRevisions": {"upLast7days": 0, "upLast30days": 0, "downLast30days": 0, "downLast90days": {}}}, {"maxAge": 1, "period": "0y", "endDate": "2018-03-31", "growth": {}, "earningsEstimate": {"avg": 0.0, "low": 0.0, "high": 0.0, "yearAgoEps": {}, "numberOfAnalysts": 0, "growth": {}}, "revenueEstimate": {"avg": 2861290000, "low": 1623000000, "high": 1742790000, "numberOfAnalysts": 2, "yearAgoRevenue": 1303770000, "growth": 1.195}, "epsTrend": {"current": 0.0, "7daysAgo": 8.84, "30daysAgo": 8.84, "60daysAgo": 8.84, "90daysAgo": 8.84}, "epsRevisions": {"upLast7days": 0, "upLast30days": 0, "downLast30days": 0, "downLast90days": {}}}, {"maxAge": 1, "period": "+1y", "endDate": "2019-03-31", "growth": {}, "earningsEstimate": {"avg": 0.0, "low": 0.0, "high": 0.0, "yearAgoEps": {}, "numberOfAnalysts": 0, "growth": {}}, "revenueEstimate": {"avg": 2509200000, "low": 2509200000, "high": 2509200000, "numberOfAnalysts": 1, "yearAgoRevenue": 2861290000, "growth": -0.123}, "epsTrend": {"current": 0.0, "7daysAgo": 12.13, "30daysAgo": 12.13, "60daysAgo": 12.13, "90daysAgo": 12.13}, "epsRevisions": {"upLast7days": 0, "upLast30days": 0, "downLast30days": 0, "downLast90days": {}}}, {"maxAge": 1, "period": "+5y", "endDate": null, "growth": {}, "earningsEstimate": {"avg": {}, "low": {}, "high": {}, "yearAgoEps": {}, "numberOfAnalysts": {}, "growth": {}}, "revenueEstimate": {"avg": {}, "low": {}, "high": {}, "numberOfAnalysts": {}, "yearAgoRevenue": {}, "growth": {}}, "epsTrend": {"current": {}, "7daysAgo": {}, "30daysAgo": {}, "60daysAgo": {}, "90daysAgo": {}}, "epsRevisions": {"upLast7days": {}, "upLast30days": {}, "downLast30days": {}, "downLast90days": {}}}, {"maxAge": 1, "period": "-5y", "endDate": null, "growth": {}, "earningsEstimate": {"avg": {}, "low": {}, "high": {}, "yearAgoEps": {}, "numberOfAnalysts": {}, "growth": {}}, "revenueEstimate": {"avg": {}, "low": {}, "high": {}, "numberOfAnalysts": {}, "yearAgoRevenue": {}, "growth": {}}, "epsTrend": {"current": {}, "7daysAgo": {}, "30daysAgo": {}, "60daysAgo": {}, "90daysAgo": {}}, "epsRevisions": {"upLast7days": {}, "upLast30days": {}, "downLast30days": {}, "downLast90days": {}}}], "maxAge": 1}, "financialData": {"maxAge": 86400, "currentPrice": 28.95, "targetHighPrice": 275.0, "targetLowPrice": 275.0, "targetMeanPrice": 275.0, "targetMedianPrice": 275.0, "recommendationKey": "none", "numberOfAnalystOpinions": 1, "grossProfits": 339247225, "financialCurrency": "INR"}}}