{"FILATFASH.BO": {"cashflowStatementHistory": {"cashflowStatements": [{"maxAge": 1, "endDate": "2020-03-31", "netIncome": 6818000, "depreciation": 5029000, "changeToNetincome": -15039000, "changeToAccountReceivables": -40110000, "changeToLiabilities": 23617000, "changeToInventory": -254000, "changeToOperatingActivities": -133795000, "totalCashFromOperatingActivities": -153734000, "capitalExpenditures": -2707000, "otherCashflowsFromInvestingActivities": 15326000, "totalCashflowsFromInvestingActivities": 12619000, "netBorrowings": -4686000, "otherCashflowsFromFinancingActivities": -286000, "totalCashFromFinancingActivities": 136390000, "changeInCash": -4725000, "issuanceOfStock": 141362000}, {"maxAge": 1, "endDate": "2019-03-31", "netIncome": 2890000, "depreciation": 5029000, "changeToNetincome": -15039000, "changeToAccountReceivables": -40110000, "changeToLiabilities": 0, "changeToInventory": -254000, "changeToOperatingActivities": -133795000, "totalCashFromOperatingActivities": -153734000, "capitalExpenditures": -2707000, "otherCashflowsFromInvestingActivities": 15326000, "totalCashflowsFromInvestingActivities": 12619000, "netBorrowings": -4686000, "otherCashflowsFromFinancingActivities": -286000, "totalCashFromFinancingActivities": 136390000, "changeInCash": -4725000, "issuanceOfStock": 141362000}, {"maxAge": 1, "endDate": "2018-03-31", "netIncome": 619520, "depreciation": 5016665, "changeToNetincome": 1072537, "changeToAccountReceivables": -19465373, "changeToLiabilities": 1551317, "changeToInventory": 494895, "changeToOperatingActivities": -38669058, "totalCashFromOperatingActivities": -49379497, "capitalExpenditures": -2707000, "otherCashflowsFromInvestingActivities": 123427, "totalCashflowsFromInvestingActivities": 123427, "netBorrowings": -28671975, "otherCashflowsFromFinancingActivities": 81135231, "totalCashFromFinancingActivities": 52463256, "changeInCash": 3207186, "issuanceOfStock": 141362000}, {"maxAge": 1, "endDate": "2017-03-31", "netIncome": -631080, "depreciation": 8867042, "changeToNetincome": 2004174, "changeToAccountReceivables": 549508938, "changeToLiabilities": -586808692, "changeToInventory": 21823966, "changeToOperatingActivities": -22205851, "totalCashFromOperatingActivities": -27441503, "capitalExpenditures": -1223134, "otherCashflowsFromInvestingActivities": 98237, "totalCashflowsFromInvestingActivities": -1124897, "netBorrowings": 22726317, "otherCashflowsFromFinancingActivities": -1563228, "totalCashFromFinancingActivities": 21163089, "changeInCash": -7403311, "issuanceOfStock": 141362000}], "maxAge": 86400}, "institutionOwnership": {"maxAge": 1, "ownershipList": []}, "balanceSheetHistoryQuarterly": {"balanceSheetStatements": [{"maxAge": 1, "endDate": "2020-06-30", "totalStockholderEquity": 711707000, "netTangibleAssets": 711707000}, {"maxAge": 1, "endDate": "2020-03-31", "cash": 4427000, "shortTermInvestments": 1602000, "netReceivables": 431182000, "inventory": 6507000, "otherCurrentAssets": 49500000, "totalCurrentAssets": 493218000, "longTermInvestments": 13500000, "propertyPlantEquipment": 24306000, "otherAssets": 282429000, "deferredLongTermAssetCharges": 1024000, "totalAssets": 813453000, "accountsPayable": 90057000, "otherCurrentLiab": 8686000, "longTermDebt": 3003000, "totalCurrentLiabilities": 98743000, "totalLiab": 101746000, "commonStock": 484073000, "treasuryStock": 227634000, "otherStockholderEquity": 227634000, "totalStockholderEquity": 711707000, "netTangibleAssets": 711707000}, {"maxAge": 1, "endDate": "2019-12-31", "totalStockholderEquity": 648249000, "netTangibleAssets": 648249000}, {"maxAge": 1, "endDate": "2019-09-30", "cash": 3021000, "netReceivables": 408522000, "inventory": 1690000, "otherCurrentAssets": 47660000, "totalCurrentAssets": 460893000, "longTermInvestments": 15354000, "propertyPlantEquipment": 24632000, "otherAssets": 222977000, "deferredLongTermAssetCharges": 973000, "totalAssets": 723856000, "accountsPayable": 59002000, "otherCurrentLiab": 13846000, "longTermDebt": 2759000, "totalCurrentLiabilities": 72848000, "totalLiab": 75607000, "commonStock": 145273000, "treasuryStock": 502976000, "otherStockholderEquity": 502976000, "totalStockholderEquity": 648249000, "netTangibleAssets": 648249000}], "maxAge": 86400}, "indexTrend": {"maxAge": 1, "symbol": "SP5", "peRatio": 19.7411, "pegRatio": 1.34172, "estimates": [{"period": "0q", "growth": 0.549}, {"period": "+1q", "growth": 0.431}, {"period": "0y", "growth": 0.305}, {"period": "+1y", "growth": 0.109}, {"period": "+5y", "growth": 0.120859005}, {"period": "-5y"}]}, "insiderTransactions": {"transactions": [{"maxAge": 1, "shares": 10100, "filerUrl": "", "transactionText": "", "filerName": "Sethia (Prabhat)", "filerRelation": "Managing Director", "moneyText": "", "startDate": "2012-08-10", "ownership": "D"}, {"maxAge": 1, "shares": 3701, "filerUrl": "", "transactionText": "", "filerName": "Sethia (Prabhat)", "filerRelation": "Managing Director", "moneyText": "", "startDate": "2012-08-08", "ownership": "D"}, {"maxAge": 1, "shares": 13303, "filerUrl": "", "transactionText": "", "filerName": "Sethia (Prabhat)", "filerRelation": "Managing Director", "moneyText": "", "startDate": "2012-08-07", "ownership": "D"}, {"maxAge": 1, "shares": 48900, "filerUrl": "", "transactionText": "", "filerName": "Sethia (Prabhat)", "filerRelation": "Managing Director", "moneyText": "", "startDate": "2012-08-06", "ownership": "D"}, {"maxAge": 1, "shares": 1100, "filerUrl": "", "transactionText": "", "filerName": "Sethia (Prabhat)", "filerRelation": "Managing Director", "moneyText": "", "startDate": "2012-08-03", "ownership": "D"}, {"maxAge": 1, "shares": 12840, "filerUrl": "", "transactionText": "", "filerName": "Sethia (Prabhat)", "filerRelation": "Managing Director", "moneyText": "", "startDate": "2012-08-02", "ownership": "D"}, {"maxAge": 1, "shares": 450, "filerUrl": "", "transactionText": "", "filerName": "Sethia (Prabhat)", "filerRelation": "Managing Director", "moneyText": "", "startDate": "2012-08-01", "ownership": "D"}, {"maxAge": 1, "shares": 3570, "filerUrl": "", "transactionText": "", "filerName": "Sethia (Prabhat)", "filerRelation": "Managing Director", "moneyText": "", "startDate": "2012-07-31", "ownership": "D"}, {"maxAge": 1, "shares": 1300, "filerUrl": "", "transactionText": "", "filerName": "Sethia (Prabhat)", "filerRelation": "Managing Director", "moneyText": "", "startDate": "2012-07-26", "ownership": "D"}, {"maxAge": 1, "shares": 10399, "filerUrl": "", "transactionText": "", "filerName": "Sethia (Prabhat)", "filerRelation": "Managing Director", "moneyText": "", "startDate": "2012-07-25", "ownership": "D"}, {"maxAge": 1, "shares": 3470, "filerUrl": "", "transactionText": "", "filerName": "Sethia (Prabhat)", "filerRelation": "Managing Director", "moneyText": "", "startDate": "2012-07-24", "ownership": "D"}, {"maxAge": 1, "shares": 5497, "filerUrl": "", "transactionText": "", "filerName": "Sethia (Prabhat)", "filerRelation": "Managing Director", "moneyText": "", "startDate": "2012-07-23", "ownership": "D"}, {"maxAge": 1, "shares": 1751162, "filerUrl": "", "transactionText": "", "filerName": "Sethia (Prabhat)", "filerRelation": "Managing Director", "moneyText": "", "startDate": "2012-07-20", "ownership": "D"}, {"maxAge": 1, "shares": 25625, "filerUrl": "", "transactionText": "", "filerName": "Sethia (Prabhat)", "filerRelation": "Managing Director", "moneyText": "", "startDate": "2010-06-30", "ownership": "D"}, {"maxAge": 1, "shares": 29500, "filerUrl": "", "transactionText": "", "filerName": "Sethia (Prabhat)", "filerRelation": "Managing Director", "moneyText": "", "startDate": "2010-06-25", "ownership": "D"}, {"maxAge": 1, "shares": 24000, "filerUrl": "", "transactionText": "", "filerName": "Bidawarka (Rajkumar )", "filerRelation": "Director", "moneyText": "", "startDate": "2010-05-11", "ownership": "D"}, {"maxAge": 1, "shares": 23000, "filerUrl": "", "transactionText": "", "filerName": "Bidawarka (Rajkumar )", "filerRelation": "Director", "moneyText": "", "startDate": "2010-05-10", "ownership": "D"}, {"maxAge": 1, "shares": 200000, "filerUrl": "", "transactionText": "", "filerName": "Sethia (Prabhat)", "filerRelation": "Managing Director", "moneyText": "", "startDate": "2010-04-29", "ownership": "D"}, {"maxAge": 1, "shares": 165171, "filerUrl": "", "transactionText": "", "filerName": "Sethia (Prabhat)", "filerRelation": "Managing Director", "moneyText": "", "startDate": "2010-04-23", "ownership": "D"}], "maxAge": 1}, "quoteType": {"exchange": "BSE", "quoteType": "EQUITY", "symbol": "FILATFASH.BO", "underlyingSymbol": "FILATFASH.BO", "shortName": "FILATEX FASHIONS LTD.", "longName": "Filatex Fashions Limited", "firstTradeDateEpochUtc": "2005-11-21 09:15:00", "timeZoneFullName": "Asia/Kolkata", "timeZoneShortName": "IST", "uuid": "cfeb7c9f-30bc-3291-b2b0-eed978e39c7b", "messageBoardId": null, "gmtOffSetMilliseconds": 19800000, "maxAge": 1}, "incomeStatementHistory": {"incomeStatementHistory": [{"maxAge": 1, "endDate": "2020-03-31", "totalRevenue": 586697000, "costOfRevenue": 554211000, "grossProfit": 32486000, "researchDevelopment": {}, "sellingGeneralAdministrative": 9729000, "nonRecurring": {}, "otherOperatingExpenses": 24009000, "totalOperatingExpenses": 592978000, "operatingIncome": -6281000, "totalOtherIncomeExpenseNet": 15294000, "ebit": -6281000, "interestExpense": -286000, "incomeBeforeTax": 9013000, "incomeTaxExpense": 2195000, "minorityInterest": {}, "netIncomeFromContinuingOps": 6818000, "discontinuedOperations": {}, "extraordinaryItems": {}, "effectOfAccountingCharges": {}, "otherItems": {}, "netIncome": 6818000, "netIncomeApplicableToCommonShares": 6818000}, {"maxAge": 1, "endDate": "2019-03-31", "totalRevenue": 436610000, "costOfRevenue": 409230000, "grossProfit": 27380000, "researchDevelopment": {}, "sellingGeneralAdministrative": 10240000, "nonRecurring": {}, "otherOperatingExpenses": 10600000, "totalOperatingExpenses": 435340000, "operatingIncome": 1270000, "totalOtherIncomeExpenseNet": 3100000, "ebit": 1270000, "interestExpense": -380000, "incomeBeforeTax": 4370000, "incomeTaxExpense": 1480000, "minorityInterest": {}, "netIncomeFromContinuingOps": 2890000, "discontinuedOperations": {}, "extraordinaryItems": {}, "effectOfAccountingCharges": {}, "otherItems": {}, "netIncome": 2890000, "netIncomeApplicableToCommonShares": 2890000}, {"maxAge": 1, "endDate": "2018-03-31", "totalRevenue": 196510205, "costOfRevenue": 171550732, "grossProfit": 24959473, "researchDevelopment": {}, "sellingGeneralAdministrative": 7987095, "nonRecurring": {}, "otherOperatingExpenses": 9675807, "totalOperatingExpenses": 194230299, "operatingIncome": 2279906, "totalOtherIncomeExpenseNet": -1241342, "ebit": 2279906, "interestExpense": -498740, "incomeBeforeTax": 1038564, "incomeTaxExpense": 419044, "minorityInterest": {}, "netIncomeFromContinuingOps": 619520, "discontinuedOperations": {}, "extraordinaryItems": {}, "effectOfAccountingCharges": {}, "otherItems": {}, "netIncome": 619520, "netIncomeApplicableToCommonShares": 619520}, {"maxAge": 1, "endDate": "2017-03-31", "totalRevenue": 382169711, "costOfRevenue": 356450492, "grossProfit": 25719219, "researchDevelopment": {}, "sellingGeneralAdministrative": 6971084, "nonRecurring": {}, "otherOperatingExpenses": 7907999, "totalOperatingExpenses": 380196617, "operatingIncome": 1973094, "totalOtherIncomeExpenseNet": -1464991, "ebit": 1973094, "interestExpense": -418364, "incomeBeforeTax": 508103, "incomeTaxExpense": 1139183, "minorityInterest": {}, "netIncomeFromContinuingOps": -631080, "discontinuedOperations": {}, "extraordinaryItems": {}, "effectOfAccountingCharges": {}, "otherItems": {}, "netIncome": -631080, "netIncomeApplicableToCommonShares": -631080}], "maxAge": 86400}, "fundOwnership": {"maxAge": 1, "ownershipList": []}, "summaryDetail": {"maxAge": 1, "priceHint": 4, "previousClose": 2.62, "open": 2.75, "dayLow": 2.52, "dayHigh": 2.75, "regularMarketPreviousClose": 2.62, "regularMarketOpen": 2.75, "regularMarketDayLow": 2.52, "regularMarketDayHigh": 2.75, "trailingPE": 36.0, "volume": 8007, "regularMarketVolume": 8007, "averageVolume": 18131, "averageVolume10days": 2872, "averageDailyVolume10Day": 2872, "bid": 2.52, "ask": 2.75, "bidSize": 0, "askSize": 0, "marketCap": 243972528, "fiftyTwoWeekLow": 1.73, "fiftyTwoWeekHigh": 3.85, "fiftyDayAverage": 2.4628572, "twoHundredDayAverage": 2.4864964, "trailingAnnualDividendRate": 0.02, "trailingAnnualDividendYield": 0.007633588, "currency": "INR", "fromCurrency": null, "toCurrency": null, "lastMarket": null, "algorithm": null, "tradeable": false}, "incomeStatementHistoryQuarterly": {"incomeStatementHistory": [{"maxAge": 1, "endDate": "2020-06-30", "totalRevenue": 4442000, "costOfRevenue": 4369000, "grossProfit": 73000, "researchDevelopment": {}, "sellingGeneralAdministrative": 1351000, "nonRecurring": {}, "otherOperatingExpenses": 1083000, "totalOperatingExpenses": 7802000, "operatingIncome": -3360000, "totalOtherIncomeExpenseNet": -4000, "ebit": -3360000, "interestExpense": -28000, "incomeBeforeTax": -3364000, "incomeTaxExpense": 0, "minorityInterest": {}, "netIncomeFromContinuingOps": -3364000, "discontinuedOperations": {}, "extraordinaryItems": {}, "effectOfAccountingCharges": {}, "otherItems": {}, "netIncome": -3364000, "netIncomeApplicableToCommonShares": -3364000}, {"maxAge": 1, "endDate": "2020-03-31", "totalRevenue": 32038000, "costOfRevenue": 25851000, "grossProfit": 6187000, "researchDevelopment": {}, "sellingGeneralAdministrative": 2758000, "nonRecurring": {}, "otherOperatingExpenses": 13203000, "totalOperatingExpenses": 42811000, "operatingIncome": -10773000, "totalOtherIncomeExpenseNet": 15508000, "ebit": -10773000, "interestExpense": -28000, "incomeBeforeTax": 4735000, "incomeTaxExpense": 1299000, "minorityInterest": {}, "netIncomeFromContinuingOps": 3436000, "discontinuedOperations": {}, "extraordinaryItems": {}, "effectOfAccountingCharges": {}, "otherItems": {}, "netIncome": 3436000, "netIncomeApplicableToCommonShares": 3436000}, {"maxAge": 1, "endDate": "2019-12-31", "totalRevenue": 178767000, "costOfRevenue": 170088000, "grossProfit": 8679000, "researchDevelopment": {}, "sellingGeneralAdministrative": 2222000, "nonRecurring": {}, "otherOperatingExpenses": 3006000, "totalOperatingExpenses": 176756000, "operatingIncome": 2011000, "totalOtherIncomeExpenseNet": -31000, "ebit": 2011000, "interestExpense": -55000, "incomeBeforeTax": 1980000, "incomeTaxExpense": 400000, "minorityInterest": {}, "netIncomeFromContinuingOps": 1580000, "discontinuedOperations": {}, "extraordinaryItems": {}, "effectOfAccountingCharges": {}, "otherItems": {}, "netIncome": 1580000, "netIncomeApplicableToCommonShares": 1580000}, {"maxAge": 1, "endDate": "2019-09-30", "totalRevenue": 186221000, "costOfRevenue": 177291000, "grossProfit": 8930000, "researchDevelopment": {}, "sellingGeneralAdministrative": 2460000, "nonRecurring": {}, "otherOperatingExpenses": 3887000, "totalOperatingExpenses": 185078000, "operatingIncome": 1143000, "totalOtherIncomeExpenseNet": -154000, "ebit": 1143000, "interestExpense": -178000, "incomeBeforeTax": 989000, "incomeTaxExpense": 300000, "minorityInterest": {}, "netIncomeFromContinuingOps": 689000, "discontinuedOperations": {}, "extraordinaryItems": {}, "effectOfAccountingCharges": {}, "otherItems": {}, "netIncome": 689000, "netIncomeApplicableToCommonShares": 689000}], "maxAge": 86400}, "cashflowStatementHistoryQuarterly": {"cashflowStatements": [{"maxAge": 1, "endDate": "2020-06-30", "netIncome": -3364000, "changeToLiabilities": 0}, {"maxAge": 1, "endDate": "2020-03-31", "netIncome": 3436000, "changeToLiabilities": 0}, {"maxAge": 1, "endDate": "2019-12-31", "netIncome": 1580000, "changeToLiabilities": 0}, {"maxAge": 1, "endDate": "2019-09-30", "netIncome": 689000, "changeToLiabilities": 0}], "maxAge": 86400}, "insiderHolders": {"holders": [{"maxAge": 1, "name": "Bidawarka (Rajkumar )", "relation": "Director", "url": "", "transactionDescription": "Sale", "latestTransDate": "2010-05-11", "positionDirect": 326200, "positionDirectDate": "2010-05-11"}, {"maxAge": 1, "name": "Sethia (Prabhat)", "relation": "Managing Director", "url": "", "transactionDescription": "Sale", "latestTransDate": "2012-08-10", "positionDirect": 1069757, "positionDirectDate": "2012-08-10"}], "maxAge": 1}, "calendarEvents": {"maxAge": 1, "earnings": {"earningsDate": []}}, "price": {"maxAge": 1, "regularMarketChangePercent": -0.038167905, "regularMarketChange": -0.099999905, "regularMarketTime": "2021-04-30 15:26:00", "priceHint": 4, "regularMarketPrice": 2.52, "regularMarketDayHigh": 2.75, "regularMarketDayLow": 2.52, "regularMarketVolume": 8007, "averageDailyVolume10Day": 2872, "averageDailyVolume3Month": 18131, "regularMarketPreviousClose": 2.62, "regularMarketSource": "FREE_REALTIME", "regularMarketOpen": 2.75, "exchange": "BSE", "exchangeName": "BSE", "exchangeDataDelayedBy": 0, "marketState": "CLOSED", "quoteType": "EQUITY", "symbol": "FILATFASH.BO", "underlyingSymbol": null, "shortName": "FILATEX FASHIONS LTD.", "longName": "Filatex Fashions Limited", "currency": "INR", "quoteSourceName": "Delayed Quote", "currencySymbol": "\u20b9", "fromCurrency": null, "toCurrency": null, "lastMarket": null, "marketCap": 243972528}, "balanceSheetHistory": {"balanceSheetStatements": [{"maxAge": 1, "endDate": "2020-03-31", "cash": 4427000, "shortTermInvestments": 1602000, "netReceivables": 431182000, "inventory": 6507000, "otherCurrentAssets": 49500000, "totalCurrentAssets": 493218000, "longTermInvestments": 13500000, "propertyPlantEquipment": 24306000, "otherAssets": 282429000, "deferredLongTermAssetCharges": 1024000, "totalAssets": 813453000, "accountsPayable": 90057000, "otherCurrentLiab": 8686000, "longTermDebt": 3003000, "totalCurrentLiabilities": 98743000, "totalLiab": 101746000, "commonStock": 484073000, "treasuryStock": 227634000, "otherStockholderEquity": 227634000, "totalStockholderEquity": 711707000, "netTangibleAssets": 711707000}, {"maxAge": 1, "endDate": "2019-03-31"}, {"maxAge": 1, "endDate": "2018-03-31", "cash": 8757968, "netReceivables": 346901999, "inventory": 6074929, "totalCurrentAssets": 361734896, "propertyPlantEquipment": 37587879, "otherAssets": 44374563, "deferredLongTermAssetCharges": 456814, "totalAssets": 443697338, "accountsPayable": 3268423, "shortLongTermDebt": 1191060, "otherCurrentLiab": 9886128, "longTermDebt": 13432439, "otherLiab": 1, "totalCurrentLiabilities": 15033110, "totalLiab": 28465550, "commonStock": 145272725, "retainedEarnings": 111209063, "treasuryStock": 82500000, "capitalSurplus": 76250000, "otherStockholderEquity": 82500000, "totalStockholderEquity": 415231788, "netTangibleAssets": 415231788}, {"maxAge": 1, "endDate": "2017-03-31", "cash": 5550782, "netReceivables": 325924758, "inventory": 6569824, "totalCurrentAssets": 338045364, "propertyPlantEquipment": 42604544, "otherAssets": 20733157, "deferredLongTermAssetCharges": 288008, "totalAssets": 401383065, "accountsPayable": 1717106, "shortLongTermDebt": 1131060, "otherCurrentLiab": 22599295, "longTermDebt": 42104414, "totalCurrentLiabilities": 27166383, "totalLiab": 69270797, "commonStock": 145272725, "retainedEarnings": 110589543, "capitalSurplus": 76250000, "totalStockholderEquity": 332112268, "netTangibleAssets": 332112268}], "maxAge": 86400}, "financialData": {"maxAge": 86400, "currentPrice": 2.52, "recommendationKey": "none", "grossProfits": 32486000, "financialCurrency": "INR"}}}