{"FINCABLES.NS": {"assetProfile": {"address1": "26-27, Mumbai-Pune Road", "address2": "Pimpri", "city": "Pune", "zip": "411018", "country": "India", "phone": "91 20 2747 5963", "fax": "91 20 2747 0344", "website": "http://www.finolex.com", "industry": "Electrical Equipment & Parts", "sector": "Industrials", "longBusinessSummary": "Finolex Cables Limited manufactures and sells electrical and communication cables, and other electrical appliances in India. The company operates through Electrical Cables, Communication Cables, Copper Rods, and Others segments. It offers electrical cables, such as 1100V and motor winding PVC insulated, automotive/battery, UPS, elevator, and solar cables, as well as heavy duty, underground, low voltage, power, and control cables; and communication cables, including optic fiber, coaxial, local area network, CCTV, speaker, jelly filled telephone, PE insulated telephone, and V-SAT cables. The company also provides copper rods; electrical switches, sockets, regulators, etc.; and retrofit and non-retrofit CFL lamps, T5 tube lights, and fittings, as well as LED based lighting solutions. In addition, it offers ceiling, table, wall, pedestal, and exhaust fans; switchgear products, such as miniature and residual current circuit breakers, molded case circuit breakers, and distribution boards; and instant and storage water heaters. Further, the company offers its products online. It also exports its products to the United States and the United Arab Emirates. Finolex Cables Limited was founded in 1958 and is headquartered in Pune, India.", "fullTimeEmployees": 1762, "companyOfficers": [{"maxAge": 1, "name": "Mr. Deepak Kisandas Chhabria", "age": 57, "title": "Exec. Chairman", "yearBorn": 1963, "fiscalYear": 2020, "totalPay": 86404000, "exercisedValue": 0, "unexercisedValue": 0}, {"maxAge": 1, "name": "Mr. Mahesh  Viswanathan A.C.A., B.Com., B.Com ACA", "age": 60, "title": "CFO, Deputy MD & Exec. Director", "yearBorn": 1960, "fiscalYear": 2020, "totalPay": 32531573, "exercisedValue": 0, "unexercisedValue": 0}, {"maxAge": 1, "name": "Mr. Richard George D'Silva", "title": "Pres of Legal & Company Sec.", "fiscalYear": 2018, "exercisedValue": 0, "unexercisedValue": 0}, {"maxAge": 1, "name": "Ms. Gayatri  Kulkarni", "title": "Compliance Officer", "exercisedValue": 0, "unexercisedValue": 0}, {"maxAge": 1, "name": "Mr. Sunil  Upmanyu", "age": 55, "title": "Exec. Director", "yearBorn": 1965, "exercisedValue": 0, "unexercisedValue": 0}, {"maxAge": 1, "name": "Mr. Vijay Kishan Chhabria", "title": "Managing Director of Finolex Plasson Industries Limited", "fiscalYear": 2010, "exercisedValue": 0, "unexercisedValue": 0}], "compensationAsOfEpochDate": "2020-12-31 05:30:00", "maxAge": 86400}, "recommendationTrend": {"trend": [{"period": "0m", "strongBuy": 0, "buy": 0, "hold": 0, "sell": 0, "strongSell": 0}, {"period": "-1m", "strongBuy": 0, "buy": 0, "hold": 0, "sell": 0, "strongSell": 0}, {"period": "-2m", "strongBuy": 0, "buy": 0, "hold": 0, "sell": 0, "strongSell": 0}, {"period": "-3m", "strongBuy": 0, "buy": 0, "hold": 0, "sell": 0, "strongSell": 0}], "maxAge": 86400}, "cashflowStatementHistory": {"cashflowStatements": [{"maxAge": 1, "endDate": "2020-03-31", "netIncome": 3910000000, "depreciation": 386200000, "changeToNetincome": -1205200000, "changeToAccountReceivables": 180400000, "changeToLiabilities": -496000000, "changeToInventory": -58600000, "changeToOperatingActivities": -129500000, "totalCashFromOperatingActivities": 2590200000, "capitalExpenditures": -323300000, "investments": 5842900000, "otherCashflowsFromInvestingActivities": 844600000, "totalCashflowsFromInvestingActivities": 6370400000, "dividendsPaid": -683800000, "netBorrowings": -23400000, "otherCashflowsFromFinancingActivities": -157000000, "totalCashFromFinancingActivities": -864200000, "changeInCash": 8096400000}, {"maxAge": 1, "endDate": "2019-03-31", "netIncome": 4074700000, "depreciation": 402700000, "changeToNetincome": -1450300000, "changeToAccountReceivables": -406400000, "changeToLiabilities": 308200000, "changeToInventory": -881400000, "changeToOperatingActivities": -509700000, "totalCashFromOperatingActivities": 1540600000, "capitalExpenditures": -443200000, "investments": -1131200000, "otherCashflowsFromInvestingActivities": 473500000, "totalCashflowsFromInvestingActivities": -1100300000, "dividendsPaid": -607400000, "netBorrowings": -2900000, "otherCashflowsFromFinancingActivities": -134900000, "totalCashFromFinancingActivities": -745200000, "changeInCash": -304900000}, {"maxAge": 1, "endDate": "2018-03-31", "netIncome": 3301100000, "depreciation": 435900000, "changeToNetincome": -459800000, "changeToAccountReceivables": -525000000, "changeToLiabilities": -108400000, "changeToInventory": -370500000, "changeToOperatingActivities": 81400000, "totalCashFromOperatingActivities": 2356800000, "capitalExpenditures": -369400000, "investments": -1579600000, "otherCashflowsFromInvestingActivities": 604400000, "totalCashflowsFromInvestingActivities": -1344600000, "dividendsPaid": -455700000, "netBorrowings": -4000000, "otherCashflowsFromFinancingActivities": -107800000, "totalCashFromFinancingActivities": -567500000, "changeInCash": 444700000}, {"maxAge": 1, "endDate": "2017-03-31", "netIncome": 4002400000, "depreciation": 478800000, "changeToNetincome": -1439900000, "changeToAccountReceivables": 12800000, "changeToLiabilities": 179300000, "changeToInventory": -1327200000, "changeToOperatingActivities": 219900000, "totalCashFromOperatingActivities": 2127600000, "capitalExpenditures": -352500000, "investments": -1460300000, "otherCashflowsFromInvestingActivities": 549100000, "totalCashflowsFromInvestingActivities": -1261100000, "dividendsPaid": -378600000, "netBorrowings": -255100000, "otherCashflowsFromFinancingActivities": -120100000, "totalCashFromFinancingActivities": -753800000, "changeInCash": 112700000}], "maxAge": 86400}, "indexTrend": {"maxAge": 1, "symbol": "SP5", "peRatio": 19.7411, "pegRatio": 1.34172, "estimates": [{"period": "0q", "growth": 0.549}, {"period": "+1q", "growth": 0.431}, {"period": "0y", "growth": 0.305}, {"period": "+1y", "growth": 0.109}, {"period": "+5y", "growth": 0.120865}, {"period": "-5y"}]}, "defaultKeyStatistics": {"maxAge": 1, "priceHint": 2, "enterpriseValue": 41117868032, "profitMargins": 0.14345, "floatShares": 66189857, "sharesOutstanding": 152939008, "heldPercentInsiders": 0.60448, "heldPercentInstitutions": 0.23245001, "beta": 1.171767, "category": null, "bookValue": 201.082, "priceToBook": 1.7990173, "fundFamily": null, "legalType": null, "lastFiscalYearEnd": "2020-03-31 05:30:00", "nextFiscalYearEnd": "2022-03-31 05:30:00", "mostRecentQuarter": "2020-12-31 05:30:00", "earningsQuarterlyGrowth": 0.431, "netIncomeToCommon": 3583600128, "trailingEps": 23.426, "forwardEps": 27.77, "lastSplitFactor": "5:1", "lastSplitDate": "2007-01-08 05:30:00", "enterpriseToRevenue": 1.646, "enterpriseToEbitda": 12.236, "52WeekChange": 0.4926759, "SandP52WeekChange": 0.48148263, "lastDividendValue": 5.5, "lastDividendDate": 1600300800}, "industryTrend": {"maxAge": 1, "symbol": null, "estimates": []}, "quoteType": {"exchange": "NSI", "quoteType": "EQUITY", "symbol": "FINCABLES.NS", "underlyingSymbol": "FINCABLES.NS", "shortName": "FINOLEX CABLES", "longName": "Finolex Cables Limited", "firstTradeDateEpochUtc": "2002-07-01 09:15:00", "timeZoneFullName": "Asia/Kolkata", "timeZoneShortName": "IST", "uuid": "9028da0c-a126-3047-8a2a-4fbd49109252", "messageBoardId": "finmb_878366", "gmtOffSetMilliseconds": 19800000, "maxAge": 1}, "incomeStatementHistory": {"incomeStatementHistory": [{"maxAge": 1, "endDate": "2020-03-31", "totalRevenue": 28773000000, "costOfRevenue": 20904000000, "grossProfit": 7869000000, "researchDevelopment": {}, "sellingGeneralAdministrative": 1792200000, "nonRecurring": {}, "otherOperatingExpenses": 2027900000, "totalOperatingExpenses": 25111300000, "operatingIncome": 3661700000, "totalOtherIncomeExpenseNet": 1458800000, "ebit": 3661700000, "interestExpense": -15500000, "incomeBeforeTax": 5120500000, "incomeTaxExpense": 1210500000, "minorityInterest": {}, "netIncomeFromContinuingOps": 3910000000, "discontinuedOperations": {}, "extraordinaryItems": {}, "effectOfAccountingCharges": {}, "otherItems": {}, "netIncome": 3910000000, "netIncomeApplicableToCommonShares": 3910000000}, {"maxAge": 1, "endDate": "2019-03-31", "totalRevenue": 30777900000, "costOfRevenue": 22736000000, "grossProfit": 8041900000, "researchDevelopment": {}, "sellingGeneralAdministrative": 1747000000, "nonRecurring": {}, "otherOperatingExpenses": 1513400000, "totalOperatingExpenses": 26400300000, "operatingIncome": 4377600000, "totalOtherIncomeExpenseNet": 1724600000, "ebit": 4377600000, "interestExpense": -9200000, "incomeBeforeTax": 6102200000, "incomeTaxExpense": 2027500000, "minorityInterest": {}, "netIncomeFromContinuingOps": 4074700000, "discontinuedOperations": {}, "extraordinaryItems": {}, "effectOfAccountingCharges": {}, "otherItems": {}, "netIncome": 4074700000, "netIncomeApplicableToCommonShares": 4074700000}, {"maxAge": 1, "endDate": "2018-03-31", "totalRevenue": 28151200000, "costOfRevenue": 20419600000, "grossProfit": 7731600000, "researchDevelopment": {}, "sellingGeneralAdministrative": 1663500000, "nonRecurring": {}, "otherOperatingExpenses": 1472700000, "totalOperatingExpenses": 23992100000, "operatingIncome": 4159100000, "totalOtherIncomeExpenseNet": 1332300000, "ebit": 4159100000, "interestExpense": -14400000, "incomeBeforeTax": 5491400000, "incomeTaxExpense": 2190300000, "minorityInterest": {}, "netIncomeFromContinuingOps": 3301100000, "discontinuedOperations": {}, "extraordinaryItems": {}, "effectOfAccountingCharges": {}, "otherItems": {}, "netIncome": 3301100000, "netIncomeApplicableToCommonShares": 3301100000}, {"maxAge": 1, "endDate": "2017-03-31", "totalRevenue": 24448400000, "costOfRevenue": 17341500000, "grossProfit": 7106900000, "researchDevelopment": {}, "sellingGeneralAdministrative": 1411800000, "nonRecurring": {}, "otherOperatingExpenses": 1737500000, "totalOperatingExpenses": 20969400000, "operatingIncome": 3479000000, "totalOtherIncomeExpenseNet": 1557800000, "ebit": 3479000000, "interestExpense": -42900000, "incomeBeforeTax": 5036800000, "incomeTaxExpense": 1034400000, "minorityInterest": {}, "netIncomeFromContinuingOps": 4002400000, "discontinuedOperations": {}, "extraordinaryItems": {}, "effectOfAccountingCharges": {}, "otherItems": {}, "netIncome": 4002400000, "netIncomeApplicableToCommonShares": 4002400000}], "maxAge": 86400}, "fundOwnership": {"maxAge": 1, "ownershipList": [{"maxAge": 1, "reportDate": "2021-03-31", "organization": "iShares Core MSCI Emerging Markets ETF", "pctHeld": 0.0050999997, "position": 775631, "value": 295476629}, {"maxAge": 1, "reportDate": "2021-01-31", "organization": "DFA Emerging Markets Core Equity Portfolio", "pctHeld": 0.0038, "position": 583226, "value": 213519038}, {"maxAge": 1, "reportDate": "2021-01-31", "organization": "Vanguard International Stock Index-Emerging Markets Stk", "pctHeld": 0.0034999999, "position": 542703, "value": 198683568}, {"maxAge": 1, "reportDate": "2021-01-31", "organization": "DFA Emerging Markets Small Cap Series", "pctHeld": 0.0034999999, "position": 540301, "value": 197804196}, {"maxAge": 1, "reportDate": "2021-01-31", "organization": "DFA Investment Dimensions-DFA Emerging Mkts Value", "pctHeld": 0.0034, "position": 513719, "value": 188072525}, {"maxAge": 1, "reportDate": "2020-12-31", "organization": "Matthews International Fds-Matthews Asia Small Companies Fd", "pctHeld": 0.0031, "position": 471149, "value": 162381502}, {"maxAge": 1, "reportDate": "2021-01-31", "organization": "Vanguard International Stock Index-Total Intl Stock Indx", "pctHeld": 0.0026, "position": 397800, "value": 145634580}, {"maxAge": 1, "reportDate": "2021-02-28", "organization": "WisdomTree Tr-WisdomTree Emerging Markets Small Cap Dividend Fund", "pctHeld": 0.0015, "position": 223814, "value": 87365794}, {"maxAge": 1, "reportDate": "2021-03-31", "organization": "iShares Core MSCI Total International Stock ETF", "pctHeld": 0.0013, "position": 197653, "value": 75295910}, {"maxAge": 1, "reportDate": "2021-02-28", "organization": "WisdomTree Tr-WisdomTree India Earnings Fd", "pctHeld": 0.001, "position": 150612, "value": 58791394}]}, "summaryDetail": {"maxAge": 1, "priceHint": 2, "previousClose": 366.15, "open": 365.0, "dayLow": 360.7, "dayHigh": 367.95, "regularMarketPreviousClose": 366.15, "regularMarketOpen": 365.0, "regularMarketDayLow": 360.7, "regularMarketDayHigh": 367.95, "dividendRate": 5.5, "dividendYield": 0.015, "exDividendDate": "2020-09-17 05:30:00", "payoutRatio": 0.2347, "fiveYearAvgDividendYield": 0.9, "beta": 1.171767, "trailingPE": 15.442244, "forwardPE": 13.026648, "volume": 70194, "regularMarketVolume": 70194, "averageVolume": 229305, "averageVolume10days": 94650, "averageDailyVolume10Day": 94650, "bid": 0.0, "ask": 0.0, "bidSize": 0, "askSize": 0, "marketCap": 55325687808, "fiftyTwoWeekLow": 192.0, "fiftyTwoWeekHigh": 426.35, "priceToSalesTrailing12Months": 2.214622, "fiftyDayAverage": 374.83383, "twoHundredDayAverage": 349.91013, "trailingAnnualDividendRate": 5.5, "trailingAnnualDividendYield": 0.015021167, "currency": "INR", "fromCurrency": null, "toCurrency": null, "lastMarket": null, "algorithm": null, "tradeable": false}, "insiderHolders": {"holders": [{"maxAge": 1, "name": "Chhabria (Pralhad Parsram)", "relation": "Director", "url": "", "transactionDescription": "Sale", "latestTransDate": "2014-11-17", "positionDirect": 100, "positionDirectDate": "2014-11-17"}, {"maxAge": 1, "name": "Katara (Aruna M)", "relation": "Promoter", "url": "", "transactionDescription": "Gift", "latestTransDate": "2014-08-27", "positionDirect": 2812850, "positionDirectDate": "2014-08-27"}, {"maxAge": 1, "name": "Life Insurance Corporation of India", "relation": "Institution- Corporation", "url": "", "transactionDescription": "Sale", "latestTransDate": "2013-11-11", "positionDirect": 4805005, "positionDirectDate": "2013-11-11"}, {"maxAge": 1, "name": "Orbit Electricals Pvt Ltd", "relation": "Promoter", "url": "", "transactionDescription": "Purchase", "latestTransDate": "2014-03-26", "positionDirect": 46956120, "positionDirectDate": "2014-03-26"}], "maxAge": 1}, "calendarEvents": {"maxAge": 1, "earnings": {"earningsDate": [], "revenueAverage": 7603000000, "revenueLow": 7603000000, "revenueHigh": 7603000000}, "exDividendDate": "2020-09-17 05:30:00"}, "price": {"maxAge": 1, "regularMarketChangePercent": -0.012016917, "regularMarketChange": -4.399994, "regularMarketTime": "2021-04-30 15:29:57", "priceHint": 2, "regularMarketPrice": 361.75, "regularMarketDayHigh": 367.95, "regularMarketDayLow": 360.7, "regularMarketVolume": 70194, "averageDailyVolume10Day": 94650, "averageDailyVolume3Month": 229305, "regularMarketPreviousClose": 366.15, "regularMarketSource": "FREE_REALTIME", "regularMarketOpen": 365.0, "exchange": "NSI", "exchangeName": "NSE", "exchangeDataDelayedBy": 15, "marketState": "CLOSED", "quoteType": "EQUITY", "symbol": "FINCABLES.NS", "underlyingSymbol": null, "shortName": "FINOLEX CABLES", "longName": "Finolex Cables Limited", "currency": "INR", "quoteSourceName": "Delayed Quote", "currencySymbol": "\u20b9", "fromCurrency": null, "toCurrency": null, "lastMarket": null, "marketCap": 55325687808}, "balanceSheetHistory": {"balanceSheetStatements": [{"maxAge": 1, "endDate": "2020-03-31", "cash": 8560200000, "shortTermInvestments": 750000000, "netReceivables": 2161300000, "inventory": 5930600000, "otherCurrentAssets": 815900000, "totalCurrentAssets": 20691700000, "longTermInvestments": 8743500000, "propertyPlantEquipment": 4133700000, "intangibleAssets": 4500000, "otherAssets": 494600000, "totalAssets": 34068000000, "accountsPayable": 1381000000, "shortLongTermDebt": 100000, "otherCurrentLiab": 595000000, "otherLiab": 1586000000, "totalCurrentLiabilities": 2389200000, "totalLiab": 4030900000, "commonStock": 305900000, "retainedEarnings": 28031200000, "treasuryStock": 609000000, "capitalSurplus": 1091000000, "otherStockholderEquity": 609000000, "totalStockholderEquity": 30037100000, "netTangibleAssets": 30032600000}, {"maxAge": 1, "endDate": "2019-03-31", "cash": 463800000, "netReceivables": 2221300000, "inventory": 5872000000, "otherCurrentAssets": 674500000, "totalCurrentAssets": 16920200000, "longTermInvestments": 9993100000, "propertyPlantEquipment": 4138600000, "intangibleAssets": 7100000, "otherAssets": 482400000, "totalAssets": 31541400000, "accountsPayable": 1894100000, "shortLongTermDebt": 1300000, "otherCurrentLiab": 337200000, "longTermDebt": 100000, "otherLiab": 1554900000, "totalCurrentLiabilities": 2611900000, "totalLiab": 4170600000, "commonStock": 305900000, "retainedEarnings": 24986300000, "treasuryStock": 987600000, "capitalSurplus": 1091000000, "otherStockholderEquity": 987600000, "totalStockholderEquity": 27370800000, "netTangibleAssets": 27363700000}, {"maxAge": 1, "endDate": "2018-03-31", "cash": 768700000, "shortTermInvestments": 247500000, "netReceivables": 1985000000, "inventory": 4990600000, "otherCurrentAssets": 97200000, "totalCurrentAssets": 15098800000, "longTermInvestments": 8216500000, "propertyPlantEquipment": 4132000000, "intangibleAssets": 9900000, "otherAssets": 381400000, "totalAssets": 27838600000, "accountsPayable": 1548400000, "shortLongTermDebt": 2500000, "otherCurrentLiab": 204500000, "otherLiab": 1147900000, "totalCurrentLiabilities": 2397000000, "totalLiab": 3549000000, "commonStock": 305900000, "retainedEarnings": 21681800000, "treasuryStock": 1210900000, "capitalSurplus": 1091000000, "otherStockholderEquity": 1210900000, "totalStockholderEquity": 24289600000, "netTangibleAssets": 24279700000}, {"maxAge": 1, "endDate": "2017-03-31", "cash": 324000000, "shortTermInvestments": 1417500000, "netReceivables": 1312300000, "inventory": 4620100000, "otherCurrentAssets": 169600000, "totalCurrentAssets": 12554400000, "longTermInvestments": 7135600000, "propertyPlantEquipment": 4218200000, "intangibleAssets": 12000000, "otherAssets": 475700000, "totalAssets": 24395900000, "accountsPayable": 1694000000, "shortLongTermDebt": 3700000, "otherCurrentLiab": 244300000, "longTermDebt": 3800000, "otherLiab": 244700000, "totalCurrentLiabilities": 2734100000, "totalLiab": 2987100000, "commonStock": 305900000, "retainedEarnings": 18937800000, "treasuryStock": 1074100000, "capitalSurplus": 1091000000, "otherStockholderEquity": 1074100000, "totalStockholderEquity": 21408800000, "netTangibleAssets": 21396800000}], "maxAge": 86400}, "earningsTrend": {"trend": [{"maxAge": 1, "period": "0q", "endDate": "2018-12-31", "growth": {}, "earningsEstimate": {"avg": 0.0, "low": 0.0, "high": 0.0, "yearAgoEps": 4.9, "numberOfAnalysts": 0, "growth": {}}, "revenueEstimate": {"avg": 7603000000, "low": 7603000000, "high": 7603000000, "numberOfAnalysts": 1, "yearAgoRevenue": 6567800000, "growth": 0.158}, "epsTrend": {"current": 0.0, "7daysAgo": 5.36, "30daysAgo": 5.36, "60daysAgo": 5.36, "90daysAgo": 5.36}, "epsRevisions": {"upLast7days": 0, "upLast30days": 0, "downLast30days": 0, "downLast90days": {}}}, {"maxAge": 1, "period": "+1q", "endDate": "2019-03-31", "growth": {}, "earningsEstimate": {"avg": 0.0, "low": 0.0, "high": 0.0, "yearAgoEps": 5.3, "numberOfAnalysts": 0, "growth": {}}, "revenueEstimate": {"avg": 8566000000, "low": 8566000000, "high": 8566000000, "numberOfAnalysts": 1, "yearAgoRevenue": 7959600000, "growth": 0.076}, "epsTrend": {"current": 0.0, "7daysAgo": 6.4, "30daysAgo": 6.4, "60daysAgo": 6.4, "90daysAgo": 6.4}, "epsRevisions": {"upLast7days": 0, "upLast30days": 0, "downLast30days": 0, "downLast90days": {}}}, {"maxAge": 1, "period": "0y", "endDate": "2019-03-31", "growth": {}, "earningsEstimate": {"avg": 0.0, "low": 0.0, "high": 0.0, "yearAgoEps": {}, "numberOfAnalysts": 0, "growth": {}}, "revenueEstimate": {"avg": 31288300000, "low": 30153000000, "high": 32155000000, "numberOfAnalysts": 9, "yearAgoRevenue": 28151200000, "growth": 0.111}, "epsTrend": {"current": 0.0, "7daysAgo": 24.22, "30daysAgo": 24.22, "60daysAgo": 24.22, "90daysAgo": 24.22}, "epsRevisions": {"upLast7days": 0, "upLast30days": 0, "downLast30days": 0, "downLast90days": {}}}, {"maxAge": 1, "period": "+1y", "endDate": "2020-03-31", "growth": {}, "earningsEstimate": {"avg": 0.0, "low": 0.0, "high": 0.0, "yearAgoEps": {}, "numberOfAnalysts": 0, "growth": {}}, "revenueEstimate": {"avg": 35222500000, "low": 33953200000, "high": 36580000000, "numberOfAnalysts": 9, "yearAgoRevenue": 31288300000, "growth": 0.126}, "epsTrend": {"current": 0.0, "7daysAgo": 27.77, "30daysAgo": 27.77, "60daysAgo": 27.77, "90daysAgo": 27.77}, "epsRevisions": {"upLast7days": 0, "upLast30days": 0, "downLast30days": 0, "downLast90days": {}}}, {"maxAge": 1, "period": "+5y", "endDate": null, "growth": 0.314, "earningsEstimate": {"avg": {}, "low": {}, "high": {}, "yearAgoEps": {}, "numberOfAnalysts": {}, "growth": {}}, "revenueEstimate": {"avg": {}, "low": {}, "high": {}, "numberOfAnalysts": {}, "yearAgoRevenue": {}, "growth": {}}, "epsTrend": {"current": {}, "7daysAgo": {}, "30daysAgo": {}, "60daysAgo": {}, "90daysAgo": {}}, "epsRevisions": {"upLast7days": {}, "upLast30days": {}, "downLast30days": {}, "downLast90days": {}}}, {"maxAge": 1, "period": "-5y", "endDate": null, "growth": {}, "earningsEstimate": {"avg": {}, "low": {}, "high": {}, "yearAgoEps": {}, "numberOfAnalysts": {}, "growth": {}}, "revenueEstimate": {"avg": {}, "low": {}, "high": {}, "numberOfAnalysts": {}, "yearAgoRevenue": {}, "growth": {}}, "epsTrend": {"current": {}, "7daysAgo": {}, "30daysAgo": {}, "60daysAgo": {}, "90daysAgo": {}}, "epsRevisions": {"upLast7days": {}, "upLast30days": {}, "downLast30days": {}, "downLast90days": {}}}], "maxAge": 1}, "institutionOwnership": {"maxAge": 1, "ownershipList": []}, "majorHoldersBreakdown": {"maxAge": 1, "insidersPercentHeld": 0.60448, "institutionsPercentHeld": 0.23245001, "institutionsFloatPercentHeld": 0.5877, "institutionsCount": 34}, "balanceSheetHistoryQuarterly": {"balanceSheetStatements": [{"maxAge": 1, "endDate": "2020-12-31", "totalStockholderEquity": 30775500000, "netTangibleAssets": 30772400000}, {"maxAge": 1, "endDate": "2020-09-30", "cash": 2952900000, "shortTermInvestments": 12000800000, "netReceivables": 1163600000, "inventory": 5629400000, "otherCurrentAssets": 650200000, "totalCurrentAssets": 22396900000, "longTermInvestments": 8489200000, "propertyPlantEquipment": 4069900000, "intangibleAssets": 3100000, "otherAssets": 486800000, "totalAssets": 35445900000, "accountsPayable": 1307800000, "otherCurrentLiab": 1524100000, "otherLiab": 1693100000, "totalCurrentLiabilities": 2932800000, "totalLiab": 4670400000, "commonStock": 305900000, "treasuryStock": 30469600000, "otherStockholderEquity": 30469600000, "totalStockholderEquity": 30775500000, "netTangibleAssets": 30772400000}, {"maxAge": 1, "endDate": "2020-06-30", "totalStockholderEquity": 30037100000, "netTangibleAssets": 30032600000}, {"maxAge": 1, "endDate": "2020-03-31", "cash": 8560200000, "shortTermInvestments": 750000000, "netReceivables": 2161300000, "inventory": 5930600000, "otherCurrentAssets": 815900000, "totalCurrentAssets": 20691700000, "longTermInvestments": 8743500000, "propertyPlantEquipment": 4133700000, "intangibleAssets": 4500000, "otherAssets": 494600000, "totalAssets": 34068000000, "accountsPayable": 1381000000, "shortLongTermDebt": 100000, "otherCurrentLiab": 595000000, "otherLiab": 1586000000, "totalCurrentLiabilities": 2389200000, "totalLiab": 4030900000, "commonStock": 305900000, "retainedEarnings": 28031200000, "treasuryStock": 609000000, "capitalSurplus": 1091000000, "otherStockholderEquity": 609000000, "totalStockholderEquity": 30037100000, "netTangibleAssets": 30032600000}], "maxAge": 86400}, "earningsHistory": {"history": [{"maxAge": 1, "epsActual": 4.9, "epsEstimate": 5.62, "epsDifference": -0.72, "surprisePercent": -0.128, "quarter": "2017-12-31", "period": "-4q"}, {"maxAge": 1, "epsActual": 5.3, "epsEstimate": 5.57, "epsDifference": -0.27, "surprisePercent": -0.048, "quarter": "2018-03-31", "period": "-3q"}, {"maxAge": 1, "epsActual": 5.91, "epsEstimate": 6.27, "epsDifference": -0.36, "surprisePercent": -0.056999996, "quarter": "2018-06-30", "period": "-2q"}, {"maxAge": 1, "epsActual": 6.07, "epsEstimate": 6.8, "epsDifference": -0.73, "surprisePercent": -0.107, "quarter": "2018-09-30", "period": "-1q"}], "maxAge": 86400}, "summaryProfile": {"address1": "26-27, Mumbai-Pune Road", "address2": "Pimpri", "city": "Pune", "zip": "411018", "country": "India", "phone": "91 20 2747 5963", "fax": "91 20 2747 0344", "website": "http://www.finolex.com", "industry": "Electrical Equipment & Parts", "sector": "Industrials", "longBusinessSummary": "Finolex Cables Limited manufactures and sells electrical and communication cables, and other electrical appliances in India. The company operates through Electrical Cables, Communication Cables, Copper Rods, and Others segments. It offers electrical cables, such as 1100V and motor winding PVC insulated, automotive/battery, UPS, elevator, and solar cables, as well as heavy duty, underground, low voltage, power, and control cables; and communication cables, including optic fiber, coaxial, local area network, CCTV, speaker, jelly filled telephone, PE insulated telephone, and V-SAT cables. The company also provides copper rods; electrical switches, sockets, regulators, etc.; and retrofit and non-retrofit CFL lamps, T5 tube lights, and fittings, as well as LED based lighting solutions. In addition, it offers ceiling, table, wall, pedestal, and exhaust fans; switchgear products, such as miniature and residual current circuit breakers, molded case circuit breakers, and distribution boards; and instant and storage water heaters. Further, the company offers its products online. It also exports its products to the United States and the United Arab Emirates. Finolex Cables Limited was founded in 1958 and is headquartered in Pune, India.", "fullTimeEmployees": 1762, "companyOfficers": [], "maxAge": 86400}, "netSharePurchaseActivity": {"maxAge": 1, "period": "6m", "buyInfoCount": 0, "buyInfoShares": 0, "sellInfoCount": 0, "netInfoCount": 0, "netInfoShares": 0, "netPercentInsiderShares": 0.0, "totalInsiderShares": 92458392}, "insiderTransactions": {"transactions": [{"maxAge": 1, "shares": 300, "filerUrl": "", "transactionText": "", "filerName": "Chhabria (Pralhad Parsram)", "filerRelation": "Director", "moneyText": "", "startDate": "2014-11-17", "ownership": "D"}, {"maxAge": 1, "shares": 1760000, "filerUrl": "", "transactionText": "", "filerName": "Chhabria (Pralhad Parsram)", "filerRelation": "Director", "moneyText": "", "startDate": "2014-08-27", "ownership": "D"}, {"maxAge": 1, "shares": 1760000, "filerUrl": "", "transactionText": "", "filerName": "Katara (Aruna M)", "filerRelation": "Promoter", "moneyText": "", "startDate": "2014-08-27", "ownership": "D"}, {"maxAge": 1, "shares": 63000, "filerUrl": "", "transactionText": "", "filerName": "Orbit Electricals Pvt Ltd", "filerRelation": "Promoter", "moneyText": "", "startDate": "2014-03-26", "ownership": "D"}, {"maxAge": 1, "shares": 10000, "filerUrl": "", "transactionText": "", "filerName": "Orbit Electricals Pvt Ltd", "filerRelation": "Promoter", "moneyText": "", "startDate": "2014-03-07", "ownership": "D"}, {"maxAge": 1, "shares": 10000, "filerUrl": "", "transactionText": "", "filerName": "Orbit Electricals Pvt Ltd", "filerRelation": "Promoter", "moneyText": "", "startDate": "2014-03-06", "ownership": "D"}, {"maxAge": 1, "shares": 10000, "filerUrl": "", "transactionText": "", "filerName": "Orbit Electricals Pvt Ltd", "filerRelation": "Promoter", "moneyText": "", "startDate": "2014-03-05", "ownership": "D"}, {"maxAge": 1, "shares": 10000, "filerUrl": "", "transactionText": "", "filerName": "Orbit Electricals Pvt Ltd", "filerRelation": "Promoter", "moneyText": "", "startDate": "2014-03-04", "ownership": "D"}, {"maxAge": 1, "shares": 10000, "filerUrl": "", "transactionText": "", "filerName": "Orbit Electricals Pvt Ltd", "filerRelation": "Promoter", "moneyText": "", "startDate": "2014-03-03", "ownership": "D"}, {"maxAge": 1, "shares": 3352275, "filerUrl": "", "transactionText": "", "filerName": "Life Insurance Corporation of India", "filerRelation": "Institution- Corporation", "moneyText": "", "startDate": "2013-11-11", "ownership": "D"}, {"maxAge": 1, "shares": 3365860, "filerUrl": "", "transactionText": "", "filerName": "Life Insurance Corporation of India", "filerRelation": "Institution- Corporation", "moneyText": "", "startDate": "2013-01-01", "ownership": "D"}, {"maxAge": 1, "shares": 200000, "filerUrl": "", "transactionText": "", "filerName": "Orbit Electricals Pvt Ltd", "filerRelation": "Promoter", "moneyText": "", "startDate": "2012-12-31", "ownership": "D"}, {"maxAge": 1, "shares": 37000, "filerUrl": "", "transactionText": "", "filerName": "Orbit Electricals Pvt Ltd", "filerRelation": "Promoter", "moneyText": "", "startDate": "2011-12-26", "ownership": "D"}, {"maxAge": 1, "shares": 16422, "filerUrl": "", "transactionText": "", "filerName": "Orbit Electricals Pvt Ltd", "filerRelation": "Promoter", "moneyText": "", "startDate": "2011-12-26", "ownership": "D"}, {"maxAge": 1, "shares": 85003, "filerUrl": "", "transactionText": "", "filerName": "Orbit Electricals Pvt Ltd", "filerRelation": "Promoter", "moneyText": "", "startDate": "2011-12-23", "ownership": "D"}, {"maxAge": 1, "shares": 25300, "filerUrl": "", "transactionText": "", "filerName": "Orbit Electricals Pvt Ltd", "filerRelation": "Promoter", "moneyText": "", "startDate": "2011-12-23", "ownership": "D"}, {"maxAge": 1, "shares": 14965, "filerUrl": "", "transactionText": "", "filerName": "Orbit Electricals Pvt Ltd", "filerRelation": "Promoter", "moneyText": "", "startDate": "2011-12-22", "ownership": "D"}, {"maxAge": 1, "shares": 24402, "filerUrl": "", "transactionText": "", "filerName": "Orbit Electricals Pvt Ltd", "filerRelation": "Promoter", "moneyText": "", "startDate": "2011-12-22", "ownership": "D"}, {"maxAge": 1, "shares": 68700, "filerUrl": "", "transactionText": "", "filerName": "Orbit Electricals Pvt Ltd", "filerRelation": "Promoter", "moneyText": "", "startDate": "2011-12-21", "ownership": "D"}, {"maxAge": 1, "shares": 35688, "filerUrl": "", "transactionText": "", "filerName": "Orbit Electricals Pvt Ltd", "filerRelation": "Promoter", "moneyText": "", "startDate": "2011-12-21", "ownership": "D"}, {"maxAge": 1, "shares": 19688, "filerUrl": "", "transactionText": "", "filerName": "Orbit Electricals Pvt Ltd", "filerRelation": "Promoter", "moneyText": "", "startDate": "2011-12-20", "ownership": "D"}, {"maxAge": 1, "shares": 21822, "filerUrl": "", "transactionText": "", "filerName": "Orbit Electricals Pvt Ltd", "filerRelation": "Promoter", "moneyText": "", "startDate": "2011-12-20", "ownership": "D"}, {"maxAge": 1, "shares": 34686, "filerUrl": "", "transactionText": "", "filerName": "Orbit Electricals Pvt Ltd", "filerRelation": "Promoter", "moneyText": "", "startDate": "2011-12-19", "ownership": "D"}, {"maxAge": 1, "shares": 36789226, "filerUrl": "", "transactionText": "", "filerName": "Orbit Electricals Pvt Ltd", "filerRelation": "Promoter", "moneyText": "", "startDate": "2011-12-19", "ownership": "D"}, {"maxAge": 1, "shares": 2900, "filerUrl": "", "transactionText": "", "filerName": "Orbit Electricals Pvt Ltd", "filerRelation": "Promoter", "moneyText": "", "startDate": "2011-08-26", "ownership": "D"}, {"maxAge": 1, "shares": 16700, "filerUrl": "", "transactionText": "", "filerName": "Orbit Electricals Pvt Ltd", "filerRelation": "Promoter", "moneyText": "", "startDate": "2011-08-26", "ownership": "D"}, {"maxAge": 1, "shares": 35000, "filerUrl": "", "transactionText": "", "filerName": "Orbit Electricals Pvt Ltd", "filerRelation": "Promoter", "moneyText": "", "startDate": "2011-08-25", "ownership": "D"}, {"maxAge": 1, "shares": 14000, "filerUrl": "", "transactionText": "", "filerName": "Orbit Electricals Pvt Ltd", "filerRelation": "Promoter", "moneyText": "", "startDate": "2011-08-25", "ownership": "D"}, {"maxAge": 1, "shares": 19318, "filerUrl": "", "transactionText": "", "filerName": "Orbit Electricals Pvt Ltd", "filerRelation": "Promoter", "moneyText": "", "startDate": "2011-08-24", "ownership": "D"}, {"maxAge": 1, "shares": 24700, "filerUrl": "", "transactionText": "", "filerName": "Orbit Electricals Pvt Ltd", "filerRelation": "Promoter", "moneyText": "", "startDate": "2011-08-24", "ownership": "D"}, {"maxAge": 1, "shares": 111326, "filerUrl": "", "transactionText": "", "filerName": "Orbit Electricals Pvt Ltd", "filerRelation": "Promoter", "moneyText": "", "startDate": "2011-08-23", "ownership": "D"}, {"maxAge": 1, "shares": 144619, "filerUrl": "", "transactionText": "", "filerName": "Orbit Electricals Pvt Ltd", "filerRelation": "Promoter", "moneyText": "", "startDate": "2011-08-23", "ownership": "D"}, {"maxAge": 1, "shares": 12600, "filerUrl": "", "transactionText": "", "filerName": "Orbit Electricals Pvt Ltd", "filerRelation": "Promoter", "moneyText": "", "startDate": "2011-08-22", "ownership": "D"}, {"maxAge": 1, "shares": 24500, "filerUrl": "", "transactionText": "", "filerName": "Orbit Electricals Pvt Ltd", "filerRelation": "Promoter", "moneyText": "", "startDate": "2011-08-22", "ownership": "D"}, {"maxAge": 1, "shares": 13552, "filerUrl": "", "transactionText": "", "filerName": "Orbit Electricals Pvt Ltd", "filerRelation": "Promoter", "moneyText": "", "startDate": "2011-08-19", "ownership": "D"}, {"maxAge": 1, "shares": 29113, "filerUrl": "", "transactionText": "", "filerName": "Orbit Electricals Pvt Ltd", "filerRelation": "Promoter", "moneyText": "", "startDate": "2011-08-19", "ownership": "D"}, {"maxAge": 1, "shares": 20148, "filerUrl": "", "transactionText": "", "filerName": "Orbit Electricals Pvt Ltd", "filerRelation": "Promoter", "moneyText": "", "startDate": "2011-08-18", "ownership": "D"}, {"maxAge": 1, "shares": 10917, "filerUrl": "", "transactionText": "", "filerName": "Orbit Electricals Pvt Ltd", "filerRelation": "Promoter", "moneyText": "", "startDate": "2011-08-18", "ownership": "D"}, {"maxAge": 1, "shares": 3095473, "filerUrl": "", "transactionText": "", "filerName": "Life Insurance Corporation of India", "filerRelation": "Institution- Corporation", "moneyText": "", "startDate": "2011-01-03", "ownership": "D"}], "maxAge": 1}, "sectorTrend": {"maxAge": 1, "symbol": null, "estimates": []}, "incomeStatementHistoryQuarterly": {"incomeStatementHistory": [{"maxAge": 1, "endDate": "2020-12-31", "totalRevenue": 8302300000, "costOfRevenue": 6207300000, "grossProfit": 2095000000, "researchDevelopment": {}, "sellingGeneralAdministrative": 382500000, "nonRecurring": {}, "otherOperatingExpenses": 621100000, "totalOperatingExpenses": 7295700000, "operatingIncome": 1006600000, "totalOtherIncomeExpenseNet": 1015000000, "ebit": 1006600000, "interestExpense": -1700000, "incomeBeforeTax": 2021600000, "incomeTaxExpense": 551700000, "minorityInterest": {}, "netIncomeFromContinuingOps": 1469900000, "discontinuedOperations": {}, "extraordinaryItems": {}, "effectOfAccountingCharges": {}, "otherItems": {}, "netIncome": 1469900000, "netIncomeApplicableToCommonShares": 1469900000}, {"maxAge": 1, "endDate": "2020-09-30", "totalRevenue": 6394100000, "costOfRevenue": 4646600000, "grossProfit": 1747500000, "researchDevelopment": {}, "sellingGeneralAdministrative": 339100000, "nonRecurring": {}, "otherOperatingExpenses": 494800000, "totalOperatingExpenses": 5578400000, "operatingIncome": 815700000, "totalOtherIncomeExpenseNet": 541100000, "ebit": 815700000, "interestExpense": -1800000, "incomeBeforeTax": 1356800000, "incomeTaxExpense": 332900000, "minorityInterest": {}, "netIncomeFromContinuingOps": 1023900000, "discontinuedOperations": {}, "extraordinaryItems": {}, "effectOfAccountingCharges": {}, "otherItems": {}, "netIncome": 1023900000, "netIncomeApplicableToCommonShares": 1023900000}, {"maxAge": 1, "endDate": "2020-06-30", "totalRevenue": 3771200000, "costOfRevenue": 2834500000, "grossProfit": 936700000, "researchDevelopment": {}, "sellingGeneralAdministrative": 339600000, "nonRecurring": {}, "otherOperatingExpenses": 251700000, "totalOperatingExpenses": 3526000000, "operatingIncome": 245200000, "totalOtherIncomeExpenseNet": 363900000, "ebit": 245200000, "interestExpense": -1700000, "incomeBeforeTax": 609100000, "incomeTaxExpense": 164200000, "minorityInterest": {}, "netIncomeFromContinuingOps": 444900000, "discontinuedOperations": {}, "extraordinaryItems": {}, "effectOfAccountingCharges": {}, "otherItems": {}, "netIncome": 444900000, "netIncomeApplicableToCommonShares": 444900000}, {"maxAge": 1, "endDate": "2020-03-31", "totalRevenue": 6514400000, "costOfRevenue": 4683200000, "grossProfit": 1831200000, "researchDevelopment": {}, "sellingGeneralAdministrative": 656500000, "nonRecurring": {}, "otherOperatingExpenses": 154700000, "totalOperatingExpenses": 5588200000, "operatingIncome": 926200000, "totalOtherIncomeExpenseNet": 42900000, "ebit": 926200000, "interestExpense": -7300000, "incomeBeforeTax": 969100000, "incomeTaxExpense": 324200000, "minorityInterest": {}, "netIncomeFromContinuingOps": 644900000, "discontinuedOperations": {}, "extraordinaryItems": {}, "effectOfAccountingCharges": {}, "otherItems": {}, "netIncome": 644900000, "netIncomeApplicableToCommonShares": 644900000}], "maxAge": 86400}, "cashflowStatementHistoryQuarterly": {"cashflowStatements": [{"maxAge": 1, "endDate": "2020-12-31", "netIncome": 1469900000, "changeToLiabilities": 0}, {"maxAge": 1, "endDate": "2020-09-30", "netIncome": 1023900000, "changeToLiabilities": 0}, {"maxAge": 1, "endDate": "2020-06-30", "netIncome": 444900000, "changeToLiabilities": 0}, {"maxAge": 1, "endDate": "2020-03-31", "netIncome": 644900000, "changeToLiabilities": 0}], "maxAge": 86400}, "earnings": {"maxAge": 86400, "earningsChart": {"quarterly": [{"date": "4Q2017", "actual": 4.9, "estimate": 5.62}, {"date": "1Q2018", "actual": 5.3, "estimate": 5.57}, {"date": "2Q2018", "actual": 5.91, "estimate": 6.27}, {"date": "3Q2018", "actual": 6.07, "estimate": 6.8}], "currentQuarterEstimateDate": "4Q", "currentQuarterEstimateYear": 2018, "earningsDate": []}, "financialsChart": {"yearly": [{"date": 2017, "revenue": 24448400000, "earnings": 4002400000}, {"date": 2018, "revenue": 28151200000, "earnings": 3301100000}, {"date": 2019, "revenue": 30777900000, "earnings": 4074700000}, {"date": 2020, "revenue": 28773000000, "earnings": 3910000000}], "quarterly": [{"date": "1Q2020", "revenue": 6514400000, "earnings": 644900000}, {"date": "2Q2020", "revenue": 3771200000, "earnings": 444900000}, {"date": "3Q2020", "revenue": 6394100000, "earnings": 1023900000}, {"date": "4Q2020", "revenue": 8302300000, "earnings": 1469900000}]}, "financialCurrency": "INR"}, "financialData": {"maxAge": 86400, "currentPrice": 361.75, "targetHighPrice": 760.0, "targetLowPrice": 500.0, "targetMeanPrice": 605.5, "targetMedianPrice": 601.0, "recommendationKey": "none", "numberOfAnalystOpinions": 8, "totalCash": 14953700352, "totalCashPerShare": 97.765, "ebitda": 3360349952, "totalDebt": 67000000, "totalRevenue": 24981999616, "debtToEquity": 0.218, "revenuePerShare": 163.309, "grossProfits": 7869000000, "earningsGrowth": 0.43, "revenueGrowth": 0.182, "grossMargins": 0.26461, "ebitdaMargins": 0.13451, "operatingMargins": 0.11983, "profitMargins": 0.14345, "financialCurrency": "INR"}}}