{"FINEORG.NS": {"assetProfile": {"address1": "Fine House", "address2": "Anandji Street Off M.G. Road Ghatkopar East", "city": "Mumbai", "zip": "400077", "country": "India", "phone": "91 22 2102 5000", "fax": "91 22 2102 8899", "website": "http://www.fineorganics.com", "industry": "Specialty Chemicals", "sector": "Basic Materials", "longBusinessSummary": "Fine Organic Industries Limited manufactures and sells oleochemical-based additives in India and internationally. The company offers food additives, such as emulsifiers, anti-fungal agents, and other specialty additives; and plastic additives, including disperse agents, slip agents, anti-stats, lubricants, antifogging, processing aids, anti-stats, and flow improvers additives. It also provides additives for rubber, cosmetics and pharmaceutical, paints and inks, textiles, and other industries. The company was formerly known as Fine Organic Industries Private Limited. Fine Organic Industries Limited was founded in 1970 and is headquartered in Mumbai, India.", "fullTimeEmployees": 701, "companyOfficers": [{"maxAge": 1, "name": "Mr. Prakash Damodar Kamat", "title": "Exec. Chairman", "fiscalYear": 2020, "totalPay": 26400000, "exercisedValue": 0, "unexercisedValue": 0}, {"maxAge": 1, "name": "Mr. Jayen Ramesh Shah", "title": "CEO & Exec. Director", "fiscalYear": 2020, "totalPay": 26400000, "exercisedValue": 0, "unexercisedValue": 0}, {"maxAge": 1, "name": "Mr. Mukesh Maganlal Shah", "title": "MD & Exec. Director", "fiscalYear": 2020, "totalPay": 26400000, "exercisedValue": 0, "unexercisedValue": 0}, {"maxAge": 1, "name": "Mr. Tushar Ramesh Shah", "age": 52, "title": "CFO & Exec. Director", "yearBorn": 1968, "fiscalYear": 2020, "totalPay": 26400000, "exercisedValue": 0, "unexercisedValue": 0}, {"maxAge": 1, "name": "Ms. Pooja  Lohor", "title": "Company Sec. & Compliance Officer", "fiscalYear": 2020, "totalPay": 1327000, "exercisedValue": 0, "unexercisedValue": 0}, {"maxAge": 1, "name": "Mr. Bimal Mukesh Shah", "title": "Exec. Director", "fiscalYear": 2020, "totalPay": 26400000, "exercisedValue": 0, "unexercisedValue": 0}, {"maxAge": 1, "name": "Mr. Nikhil  Kamat", "title": "Sr. VP", "exercisedValue": 0, "unexercisedValue": 0}, {"maxAge": 1, "name": "Ms. Sonali  Bhadani", "title": "VP of Fin.", "exercisedValue": 0, "unexercisedValue": 0}], "compensationAsOfEpochDate": "2020-12-31 05:30:00", "maxAge": 86400}, "recommendationTrend": {"trend": [{"period": "0m", "strongBuy": 0, "buy": 0, "hold": 0, "sell": 0, "strongSell": 0}, {"period": "-1m", "strongBuy": 0, "buy": 0, "hold": 0, "sell": 0, "strongSell": 0}, {"period": "-2m", "strongBuy": 0, "buy": 0, "hold": 0, "sell": 0, "strongSell": 0}, {"period": "-3m", "strongBuy": 0, "buy": 0, "hold": 0, "sell": 0, "strongSell": 0}], "maxAge": 86400}, "cashflowStatementHistory": {"cashflowStatements": [{"maxAge": 1, "endDate": "2020-03-31", "netIncome": 1647815000, "depreciation": 344524000, "changeToNetincome": -226333000, "changeToAccountReceivables": 232856000, "changeToLiabilities": 323661000, "changeToInventory": -424084000, "changeToOperatingActivities": 282705000, "totalCashFromOperatingActivities": 2183173000, "capitalExpenditures": -721576000, "investments": -287577000, "otherCashflowsFromInvestingActivities": 173903000, "totalCashflowsFromInvestingActivities": -840456000, "dividendsPaid": -337259000, "netBorrowings": -13610000, "otherCashflowsFromFinancingActivities": -16430000, "totalCashFromFinancingActivities": -367299000, "changeInCash": 975418000}, {"maxAge": 1, "endDate": "2019-03-31", "netIncome": 1362099000, "depreciation": 173968000, "changeToNetincome": -59570000, "changeToAccountReceivables": -91328000, "changeToLiabilities": -165591000, "changeToInventory": -1265000, "changeToOperatingActivities": -234533000, "totalCashFromOperatingActivities": 984349000, "capitalExpenditures": -817733000, "investments": -42044000, "otherCashflowsFromInvestingActivities": -73147000, "totalCashflowsFromInvestingActivities": -933905000, "dividendsPaid": -214620000, "netBorrowings": 1080802000, "otherCashflowsFromFinancingActivities": 57891000, "totalCashFromFinancingActivities": 924073000, "changeInCash": 974517000}, {"maxAge": 1, "endDate": "2018-03-31", "netIncome": 953274000, "depreciation": 200242000, "changeToNetincome": -66291000, "changeToAccountReceivables": -360798000, "changeToLiabilities": 57979000, "changeToInventory": 30463000, "changeToOperatingActivities": -163974000, "totalCashFromOperatingActivities": 651094000, "capitalExpenditures": -519274000, "investments": -1825000, "otherCashflowsFromInvestingActivities": 4603000, "totalCashflowsFromInvestingActivities": -515111000, "dividendsPaid": -229950000, "netBorrowings": 133469000, "otherCashflowsFromFinancingActivities": 60968000, "totalCashFromFinancingActivities": -168982000, "changeInCash": -32999000}, {"maxAge": 1, "endDate": "2017-03-31", "netIncome": 778727000, "depreciation": 236445000, "changeToNetincome": -62194000, "changeToAccountReceivables": -238112000, "changeToLiabilities": 108075000, "changeToInventory": -161602000, "changeToOperatingActivities": -211118000, "totalCashFromOperatingActivities": 450907000, "capitalExpenditures": -150995000, "investments": -56330000, "otherCashflowsFromInvestingActivities": 48862000, "totalCashflowsFromInvestingActivities": -159624000, "dividendsPaid": -229950000, "netBorrowings": -538737000, "otherCashflowsFromFinancingActivities": -14403000, "totalCashFromFinancingActivities": -553140000, "changeInCash": -261857000}], "maxAge": 86400}, "indexTrend": {"maxAge": 1, "symbol": "SP5", "peRatio": 19.7411, "pegRatio": 1.34172, "estimates": [{"period": "0q", "growth": 0.549}, {"period": "+1q", "growth": 0.431}, {"period": "0y", "growth": 0.305}, {"period": "+1y", "growth": 0.109}, {"period": "+5y", "growth": 0.120865}, {"period": "-5y"}]}, "defaultKeyStatistics": {"maxAge": 1, "priceHint": 2, "enterpriseValue": 86339108864, "profitMargins": 0.11619, "floatShares": 7661966, "sharesOutstanding": 30660000, "heldPercentInsiders": 0.75, "heldPercentInstitutions": 0.18018, "beta": -0.069269, "category": null, "bookValue": 218.5, "priceToBook": 13.101602, "fundFamily": null, "legalType": null, "lastFiscalYearEnd": "2020-03-31 05:30:00", "nextFiscalYearEnd": "2022-03-31 05:30:00", "mostRecentQuarter": "2020-12-31 05:30:00", "earningsQuarterlyGrowth": -0.199, "netIncomeToCommon": 1228870016, "trailingEps": 40.085, "lastSplitFactor": null, "enterpriseToRevenue": 8.164, "enterpriseToEbitda": 41.366, "52WeekChange": 0.4559927, "SandP52WeekChange": 0.48148263, "lastDividendValue": 3.0, "lastDividendDate": 1599696000}, "industryTrend": {"maxAge": 1, "symbol": null, "estimates": []}, "quoteType": {"exchange": "NSI", "quoteType": "EQUITY", "symbol": "FINEORG.NS", "underlyingSymbol": "FINEORG.NS", "shortName": "FINE ORGANIC IND", "longName": "Fine Organic Industries Limited", "firstTradeDateEpochUtc": "2018-07-02 09:15:00", "timeZoneFullName": "Asia/Kolkata", "timeZoneShortName": "IST", "uuid": "2ac169a1-c855-3985-94e9-91f01a3cdf4b", "messageBoardId": "finmb_99084557", "gmtOffSetMilliseconds": 19800000, "maxAge": 1}, "incomeStatementHistory": {"incomeStatementHistory": [{"maxAge": 1, "endDate": "2020-03-31", "totalRevenue": 10380797000, "costOfRevenue": 6200774000, "grossProfit": 4180023000, "researchDevelopment": {}, "sellingGeneralAdministrative": 736559000, "nonRecurring": {}, "otherOperatingExpenses": 1034729000, "totalOperatingExpenses": 8318615000, "operatingIncome": 2062182000, "totalOtherIncomeExpenseNet": 99039000, "ebit": 2062182000, "interestExpense": -38068000, "incomeBeforeTax": 2161221000, "incomeTaxExpense": 513218000, "minorityInterest": 508000, "netIncomeFromContinuingOps": 1648003000, "discontinuedOperations": {}, "extraordinaryItems": {}, "effectOfAccountingCharges": {}, "otherItems": {}, "netIncome": 1647815000, "netIncomeApplicableToCommonShares": 1647815000}, {"maxAge": 1, "endDate": "2019-03-31", "totalRevenue": 10603328000, "costOfRevenue": 6661112000, "grossProfit": 3942216000, "researchDevelopment": {}, "sellingGeneralAdministrative": 638065000, "nonRecurring": {}, "otherOperatingExpenses": 959447000, "totalOperatingExpenses": 8433161000, "operatingIncome": 2170167000, "totalOtherIncomeExpenseNet": 137609000, "ebit": 2170167000, "interestExpense": -6289000, "incomeBeforeTax": 2307776000, "incomeTaxExpense": 945222000, "minorityInterest": 320000, "netIncomeFromContinuingOps": 1362554000, "discontinuedOperations": {}, "extraordinaryItems": {}, "effectOfAccountingCharges": {}, "otherItems": {}, "netIncome": 1362099000, "netIncomeApplicableToCommonShares": 1362099000}, {"maxAge": 1, "endDate": "2018-03-31", "totalRevenue": 8558135000, "costOfRevenue": 5673211000, "grossProfit": 2884924000, "researchDevelopment": {}, "sellingGeneralAdministrative": 529547000, "nonRecurring": {}, "otherOperatingExpenses": 767354000, "totalOperatingExpenses": 7170553000, "operatingIncome": 1387582000, "totalOtherIncomeExpenseNet": 124294000, "ebit": 1387582000, "interestExpense": -20932000, "incomeBeforeTax": 1511876000, "incomeTaxExpense": 558602000, "minorityInterest": 8000, "netIncomeFromContinuingOps": 953274000, "discontinuedOperations": {}, "extraordinaryItems": {}, "effectOfAccountingCharges": {}, "otherItems": {}, "netIncome": 953274000, "netIncomeApplicableToCommonShares": 953274000}, {"maxAge": 1, "endDate": "2017-03-31", "totalRevenue": 7791563000, "costOfRevenue": 5045910000, "grossProfit": 2745653000, "researchDevelopment": {}, "sellingGeneralAdministrative": 662031000, "nonRecurring": {}, "otherOperatingExpenses": 623211000, "totalOperatingExpenses": 6570314000, "operatingIncome": 1221249000, "totalOtherIncomeExpenseNet": -13297000, "ebit": 1221249000, "interestExpense": -38204000, "incomeBeforeTax": 1207952000, "incomeTaxExpense": 429225000, "minorityInterest": 8000, "netIncomeFromContinuingOps": 778727000, "discontinuedOperations": {}, "extraordinaryItems": {}, "effectOfAccountingCharges": {}, "otherItems": {}, "netIncome": 778727000, "netIncomeApplicableToCommonShares": 778727000}], "maxAge": 86400}, "fundOwnership": {"maxAge": 1, "ownershipList": []}, "summaryDetail": {"maxAge": 1, "priceHint": 2, "previousClose": 2900.85, "open": 2861.35, "dayLow": 2852.35, "dayHigh": 2948.0, "regularMarketPreviousClose": 2900.85, "regularMarketOpen": 2861.35, "regularMarketDayLow": 2852.35, "regularMarketDayHigh": 2948.0, "dividendRate": 7.0, "dividendYield": 0.0025, "exDividendDate": "2020-09-10 05:30:00", "payoutRatio": 0.17459999, "beta": -0.069269, "trailingPE": 71.41574, "volume": 117967, "regularMarketVolume": 117967, "averageVolume": 65335, "averageVolume10days": 240249, "averageDailyVolume10Day": 240249, "bid": 0.0, "ask": 0.0, "bidSize": 0, "askSize": 0, "marketCap": 87740039168, "fiftyTwoWeekLow": 1825.0, "fiftyTwoWeekHigh": 3260.0, "priceToSalesTrailing12Months": 8.296044, "fiftyDayAverage": 2417.082, "twoHundredDayAverage": 2477.9153, "trailingAnnualDividendRate": 3.0, "trailingAnnualDividendYield": 0.0010341796, "currency": "INR", "fromCurrency": null, "toCurrency": null, "lastMarket": null, "algorithm": null, "tradeable": false}, "insiderHolders": {"holders": [], "maxAge": 1}, "calendarEvents": {"maxAge": 1, "earnings": {"earningsDate": ["2021-02-12 05:30:S"]}, "exDividendDate": "2020-09-10 05:30:00"}, "price": {"maxAge": 1, "regularMarketChangePercent": -0.013151368, "regularMarketChange": -38.150146, "regularMarketTime": "2021-04-30 15:29:55", "priceHint": 2, "regularMarketPrice": 2862.7, "regularMarketDayHigh": 2948.0, "regularMarketDayLow": 2852.35, "regularMarketVolume": 117967, "averageDailyVolume10Day": 240249, "averageDailyVolume3Month": 65335, "regularMarketPreviousClose": 2900.85, "regularMarketSource": "FREE_REALTIME", "regularMarketOpen": 2861.35, "exchange": "NSI", "exchangeName": "NSE", "exchangeDataDelayedBy": 15, "marketState": "CLOSED", "quoteType": "EQUITY", "symbol": "FINEORG.NS", "underlyingSymbol": null, "shortName": "FINE ORGANIC IND", "longName": "Fine Organic Industries Limited", "currency": "INR", "quoteSourceName": "Delayed Quote", "currencySymbol": "\u20b9", "fromCurrency": null, "toCurrency": null, "lastMarket": null, "marketCap": 87740039168}, "balanceSheetHistory": {"balanceSheetStatements": [{"maxAge": 1, "endDate": "2020-03-31", "cash": 2056637000, "shortTermInvestments": 47514000, "netReceivables": 1393542000, "inventory": 1316715000, "otherCurrentAssets": 402947000, "totalCurrentAssets": 5242624000, "longTermInvestments": 354255000, "propertyPlantEquipment": 2217580000, "intangibleAssets": 8574000, "otherAssets": 697531000, "deferredLongTermAssetCharges": 67181000, "totalAssets": 8520564000, "accountsPayable": 857508000, "shortLongTermDebt": 332585000, "otherCurrentLiab": 90442000, "longTermDebt": 990194000, "minorityInterest": 508000, "totalCurrentLiabilities": 1340955000, "totalLiab": 2331149000, "commonStock": 153300000, "retainedEarnings": 6043000000, "treasuryStock": -7393000, "otherStockholderEquity": -7393000, "totalStockholderEquity": 6188907000, "netTangibleAssets": 6180333000}, {"maxAge": 1, "endDate": "2019-03-31", "cash": 1081219000, "shortTermInvestments": 10874000, "netReceivables": 1599909000, "inventory": 892630000, "otherCurrentAssets": 737145000, "totalCurrentAssets": 4341805000, "longTermInvestments": 117300000, "propertyPlantEquipment": 1841116000, "intangibleAssets": 3451000, "otherAssets": 720177000, "deferredLongTermAssetCharges": 1951000, "totalAssets": 7023849000, "accountsPayable": 533849000, "shortLongTermDebt": 152584000, "otherCurrentLiab": 108421000, "longTermDebt": 967310000, "otherLiab": 39092000, "minorityInterest": 320000, "totalCurrentLiabilities": 1053851000, "totalLiab": 2021161000, "commonStock": 153300000, "retainedEarnings": 4801762000, "treasuryStock": 47306000, "otherStockholderEquity": 47306000, "totalStockholderEquity": 5002368000, "netTangibleAssets": 4998917000}, {"maxAge": 1, "endDate": "2018-03-31", "cash": 106702000, "shortTermInvestments": 17043000, "netReceivables": 1511368000, "inventory": 891365000, "otherCurrentAssets": 786922000, "totalCurrentAssets": 3332448000, "longTermInvestments": 108802000, "propertyPlantEquipment": 1197355000, "intangibleAssets": 2668000, "otherAssets": 656837000, "deferredLongTermAssetCharges": 48487000, "totalAssets": 5298110000, "accountsPayable": 699440000, "otherCurrentLiab": 78180000, "minorityInterest": 8000, "totalCurrentLiabilities": 1342267000, "totalLiab": 1342267000, "commonStock": 153300000, "retainedEarnings": 3697832000, "treasuryStock": 104703000, "otherStockholderEquity": 104703000, "totalStockholderEquity": 3955835000, "netTangibleAssets": 3953167000}, {"maxAge": 1, "endDate": "2017-03-31", "cash": 139701000, "shortTermInvestments": 39460000, "netReceivables": 1111410000, "inventory": 921829000, "otherCurrentAssets": 573813000, "totalCurrentAssets": 2808792000, "longTermInvestments": 110882000, "propertyPlantEquipment": 995704000, "intangibleAssets": 2100000, "otherAssets": 529685000, "deferredLongTermAssetCharges": 39463000, "totalAssets": 4447163000, "accountsPayable": 641461000, "otherCurrentLiab": 52433000, "minorityInterest": 8000, "totalCurrentLiabilities": 1163952000, "totalLiab": 1163952000, "commonStock": 48300000, "retainedEarnings": 3123520000, "treasuryStock": 111383000, "otherStockholderEquity": 111383000, "totalStockholderEquity": 3283203000, "netTangibleAssets": 3281103000}], "maxAge": 86400}, "earningsTrend": {"trend": [{"maxAge": 1, "period": "0q", "endDate": null, "growth": {}, "earningsEstimate": {"avg": 0.0, "low": 0.0, "high": 0.0, "yearAgoEps": {}, "numberOfAnalysts": 0, "growth": {}}, "revenueEstimate": {"avg": 0, "low": 0, "high": 0, "numberOfAnalysts": 0, "yearAgoRevenue": {}, "growth": {}}, "epsTrend": {"current": 0.0, "7daysAgo": 0.0, "30daysAgo": 0.0, "60daysAgo": 0.0, "90daysAgo": 0.0}, "epsRevisions": {"upLast7days": 0, "upLast30days": 0, "downLast30days": 0, "downLast90days": {}}}, {"maxAge": 1, "period": "+1q", "endDate": null, "growth": {}, "earningsEstimate": {"avg": 0.0, "low": 0.0, "high": 0.0, "yearAgoEps": {}, "numberOfAnalysts": 0, "growth": {}}, "revenueEstimate": {"avg": 0, "low": 0, "high": 0, "numberOfAnalysts": 0, "yearAgoRevenue": {}, "growth": {}}, "epsTrend": {"current": 0.0, "7daysAgo": 0.0, "30daysAgo": 0.0, "60daysAgo": 0.0, "90daysAgo": 0.0}, "epsRevisions": {"upLast7days": 0, "upLast30days": 0, "downLast30days": 0, "downLast90days": {}}}, {"maxAge": 1, "period": "0y", "endDate": null, "growth": {}, "earningsEstimate": {"avg": 0.0, "low": 0.0, "high": 0.0, "yearAgoEps": {}, "numberOfAnalysts": 0, "growth": {}}, "revenueEstimate": {"avg": 0, "low": 0, "high": 0, "numberOfAnalysts": 0, "yearAgoRevenue": {}, "growth": {}}, "epsTrend": {"current": 0.0, "7daysAgo": 0.0, "30daysAgo": 0.0, "60daysAgo": 0.0, "90daysAgo": 0.0}, "epsRevisions": {"upLast7days": 0, "upLast30days": 0, "downLast30days": 0, "downLast90days": {}}}, {"maxAge": 1, "period": "+1y", "endDate": null, "growth": {}, "earningsEstimate": {"avg": 0.0, "low": 0.0, "high": 0.0, "yearAgoEps": {}, "numberOfAnalysts": 0, "growth": {}}, "revenueEstimate": {"avg": 0, "low": 0, "high": 0, "numberOfAnalysts": 0, "yearAgoRevenue": {}, "growth": {}}, "epsTrend": {"current": 0.0, "7daysAgo": 0.0, "30daysAgo": 0.0, "60daysAgo": 0.0, "90daysAgo": 0.0}, "epsRevisions": {"upLast7days": 0, "upLast30days": 0, "downLast30days": 0, "downLast90days": {}}}, {"maxAge": 1, "period": "+5y", "endDate": null, "growth": {}, "earningsEstimate": {"avg": {}, "low": {}, "high": {}, "yearAgoEps": {}, "numberOfAnalysts": {}, "growth": {}}, "revenueEstimate": {"avg": {}, "low": {}, "high": {}, "numberOfAnalysts": {}, "yearAgoRevenue": {}, "growth": {}}, "epsTrend": {"current": {}, "7daysAgo": {}, "30daysAgo": {}, "60daysAgo": {}, "90daysAgo": {}}, "epsRevisions": {"upLast7days": {}, "upLast30days": {}, "downLast30days": {}, "downLast90days": {}}}, {"maxAge": 1, "period": "-5y", "endDate": null, "growth": {}, "earningsEstimate": {"avg": {}, "low": {}, "high": {}, "yearAgoEps": {}, "numberOfAnalysts": {}, "growth": {}}, "revenueEstimate": {"avg": {}, "low": {}, "high": {}, "numberOfAnalysts": {}, "yearAgoRevenue": {}, "growth": {}}, "epsTrend": {"current": {}, "7daysAgo": {}, "30daysAgo": {}, "60daysAgo": {}, "90daysAgo": {}}, "epsRevisions": {"upLast7days": {}, "upLast30days": {}, "downLast30days": {}, "downLast90days": {}}}], "maxAge": 1}, "institutionOwnership": {"maxAge": 1, "ownershipList": []}, "majorHoldersBreakdown": {"maxAge": 1, "insidersPercentHeld": 0.75, "institutionsPercentHeld": 0.18018, "institutionsFloatPercentHeld": 0.72073, "institutionsCount": 30}, "balanceSheetHistoryQuarterly": {"balanceSheetStatements": [{"maxAge": 1, "endDate": "2020-12-31", "totalStockholderEquity": 6699568000, "netTangibleAssets": 6692836000}, {"maxAge": 1, "endDate": "2020-09-30", "cash": 2618058000, "netReceivables": 1515290000, "inventory": 1242271000, "otherCurrentAssets": 423293000, "totalCurrentAssets": 5798912000, "longTermInvestments": 353389000, "propertyPlantEquipment": 2187097000, "intangibleAssets": 6732000, "otherAssets": 729717000, "deferredLongTermAssetCharges": 64940000, "totalAssets": 9075847000, "accountsPayable": 1007904000, "shortLongTermDebt": 427286000, "otherCurrentLiab": 105011000, "longTermDebt": 793687000, "minorityInterest": 557000, "totalCurrentLiabilities": 1582035000, "totalLiab": 2375722000, "commonStock": 153300000, "treasuryStock": 6546268000, "otherStockholderEquity": 6546268000, "totalStockholderEquity": 6699568000, "netTangibleAssets": 6692836000}, {"maxAge": 1, "endDate": "2020-06-30", "totalStockholderEquity": 6188908000, "netTangibleAssets": 6180334000}, {"maxAge": 1, "endDate": "2020-03-31", "cash": 2056637000, "shortTermInvestments": 47514000, "netReceivables": 1393542000, "inventory": 1316715000, "otherCurrentAssets": 402947000, "totalCurrentAssets": 5242624000, "longTermInvestments": 354255000, "propertyPlantEquipment": 2217580000, "intangibleAssets": 8574000, "otherAssets": 697531000, "deferredLongTermAssetCharges": 67181000, "totalAssets": 8520564000, "accountsPayable": 857508000, "shortLongTermDebt": 332585000, "otherCurrentLiab": 90442000, "longTermDebt": 990194000, "minorityInterest": 508000, "totalCurrentLiabilities": 1340955000, "totalLiab": 2331149000, "commonStock": 153300000, "retainedEarnings": 6043000000, "treasuryStock": -7393000, "otherStockholderEquity": -7393000, "totalStockholderEquity": 6188907000, "netTangibleAssets": 6180333000}], "maxAge": 86400}, "earningsHistory": {"history": [{"maxAge": 1, "epsActual": {}, "epsEstimate": {}, "epsDifference": {}, "surprisePercent": {}, "quarter": {}, "period": "-4q"}, {"maxAge": 1, "epsActual": {}, "epsEstimate": {}, "epsDifference": {}, "surprisePercent": {}, "quarter": {}, "period": "-3q"}, {"maxAge": 1, "epsActual": {}, "epsEstimate": {}, "epsDifference": {}, "surprisePercent": {}, "quarter": {}, "period": "-2q"}, {"maxAge": 1, "epsActual": {}, "epsEstimate": {}, "epsDifference": {}, "surprisePercent": {}, "quarter": {}, "period": "-1q"}], "maxAge": 86400}, "summaryProfile": {"address1": "Fine House", "address2": "Anandji Street Off M.G. Road Ghatkopar East", "city": "Mumbai", "zip": "400077", "country": "India", "phone": "91 22 2102 5000", "fax": "91 22 2102 8899", "website": "http://www.fineorganics.com", "industry": "Specialty Chemicals", "sector": "Basic Materials", "longBusinessSummary": "Fine Organic Industries Limited manufactures and sells oleochemical-based additives in India and internationally. The company offers food additives, such as emulsifiers, anti-fungal agents, and other specialty additives; and plastic additives, including disperse agents, slip agents, anti-stats, lubricants, antifogging, processing aids, anti-stats, and flow improvers additives. It also provides additives for rubber, cosmetics and pharmaceutical, paints and inks, textiles, and other industries. The company was formerly known as Fine Organic Industries Private Limited. Fine Organic Industries Limited was founded in 1970 and is headquartered in Mumbai, India.", "fullTimeEmployees": 701, "companyOfficers": [], "maxAge": 86400}, "netSharePurchaseActivity": {"maxAge": 1, "period": "6m", "buyInfoCount": 0, "buyInfoShares": 0, "sellInfoCount": 0, "netInfoCount": 0, "netInfoShares": 0, "netPercentInsiderShares": 0.0, "totalInsiderShares": 22985898}, "sectorTrend": {"maxAge": 1, "symbol": null, "estimates": []}, "incomeStatementHistoryQuarterly": {"incomeStatementHistory": [{"maxAge": 1, "endDate": "2020-12-31", "totalRevenue": 2993385000, "costOfRevenue": 1955029000, "grossProfit": 1038356000, "researchDevelopment": {}, "sellingGeneralAdministrative": 221872000, "nonRecurring": {}, "otherOperatingExpenses": 344478000, "totalOperatingExpenses": 2640288000, "operatingIncome": 353097000, "totalOtherIncomeExpenseNet": 32952000, "ebit": 353097000, "interestExpense": -15514000, "incomeBeforeTax": 386049000, "incomeTaxExpense": 99145000, "minorityInterest": {}, "netIncomeFromContinuingOps": 286904000, "discontinuedOperations": {}, "extraordinaryItems": {}, "effectOfAccountingCharges": {}, "otherItems": {}, "netIncome": 286864000, "netIncomeApplicableToCommonShares": 286864000}, {"maxAge": 1, "endDate": "2020-09-30", "totalRevenue": 2709814000, "costOfRevenue": 1690483000, "grossProfit": 1019331000, "researchDevelopment": {}, "sellingGeneralAdministrative": 182231000, "nonRecurring": {}, "otherOperatingExpenses": 325141000, "totalOperatingExpenses": 2311565000, "operatingIncome": 398249000, "totalOtherIncomeExpenseNet": 18308000, "ebit": 398249000, "interestExpense": -15735000, "incomeBeforeTax": 416557000, "incomeTaxExpense": 104399000, "minorityInterest": 557000, "netIncomeFromContinuingOps": 312158000, "discontinuedOperations": {}, "extraordinaryItems": {}, "effectOfAccountingCharges": {}, "otherItems": {}, "netIncome": 312135000, "netIncomeApplicableToCommonShares": 312135000}, {"maxAge": 1, "endDate": "2020-06-30", "totalRevenue": 2400145000, "costOfRevenue": 1464248000, "grossProfit": 935897000, "researchDevelopment": {}, "sellingGeneralAdministrative": 191168000, "nonRecurring": {}, "otherOperatingExpenses": 220038000, "totalOperatingExpenses": 1986707000, "operatingIncome": 413438000, "totalOtherIncomeExpenseNet": -7558000, "ebit": 413438000, "interestExpense": -17548000, "incomeBeforeTax": 405880000, "incomeTaxExpense": 119533000, "minorityInterest": 557000, "netIncomeFromContinuingOps": 286347000, "discontinuedOperations": {}, "extraordinaryItems": {}, "effectOfAccountingCharges": {}, "otherItems": {}, "netIncome": 286320000, "netIncomeApplicableToCommonShares": 286320000}, {"maxAge": 1, "endDate": "2020-03-31", "totalRevenue": 2472786000, "costOfRevenue": 1555338000, "grossProfit": 917448000, "researchDevelopment": {}, "sellingGeneralAdministrative": 180904000, "nonRecurring": {}, "otherOperatingExpenses": 159246000, "totalOperatingExpenses": 2022808000, "operatingIncome": 449978000, "totalOtherIncomeExpenseNet": 17087000, "ebit": 449978000, "interestExpense": -5554000, "incomeBeforeTax": 467065000, "incomeTaxExpense": 123442000, "minorityInterest": 508000, "netIncomeFromContinuingOps": 343623000, "discontinuedOperations": {}, "extraordinaryItems": {}, "effectOfAccountingCharges": {}, "otherItems": {}, "netIncome": 343551000, "netIncomeApplicableToCommonShares": 343551000}], "maxAge": 86400}, "cashflowStatementHistoryQuarterly": {"cashflowStatements": [{"maxAge": 1, "endDate": "2020-12-31", "netIncome": 286864000, "changeToLiabilities": 0}, {"maxAge": 1, "endDate": "2020-09-30", "netIncome": 312135000, "changeToLiabilities": 0}, {"maxAge": 1, "endDate": "2020-06-30", "netIncome": 286320000, "changeToLiabilities": 0}, {"maxAge": 1, "endDate": "2020-03-31", "netIncome": 343551000, "changeToLiabilities": 0}], "maxAge": 86400}, "earnings": {"maxAge": 86400, "earningsChart": {"quarterly": [], "earningsDate": ["2021-02-12 05:30:S"]}, "financialsChart": {"yearly": [{"date": 2017, "revenue": 7791563000, "earnings": 778727000}, {"date": 2018, "revenue": 8558135000, "earnings": 953274000}, {"date": 2019, "revenue": 10603328000, "earnings": 1362099000}, {"date": 2020, "revenue": 10380797000, "earnings": 1647815000}], "quarterly": [{"date": "1Q2020", "revenue": 2472786000, "earnings": 343551000}, {"date": "2Q2020", "revenue": 2400145000, "earnings": 286320000}, {"date": "3Q2020", "revenue": 2709814000, "earnings": 312135000}, {"date": "4Q2020", "revenue": 2993385000, "earnings": 286864000}]}, "financialCurrency": "INR"}, "financialData": {"maxAge": 86400, "currentPrice": 2862.7, "targetHighPrice": 925.0, "targetLowPrice": 925.0, "targetMeanPrice": 925.0, "targetMedianPrice": 925.0, "recommendationKey": "none", "numberOfAnalystOpinions": 1, "totalCash": 2618057984, "totalCashPerShare": 85.424, "ebitda": 2087202944, "totalDebt": 1220973056, "totalRevenue": 10576130048, "debtToEquity": 18.223, "revenuePerShare": 344.988, "grossProfits": 4180023000, "earningsGrowth": -0.199, "revenueGrowth": 0.125, "grossMargins": 0.3698, "ebitdaMargins": 0.19735001, "operatingMargins": 0.15268, "profitMargins": 0.11619, "financialCurrency": "INR"}}}