{"FINELINE.BO": {"cashflowStatementHistory": {"cashflowStatements": [{"maxAge": 1, "endDate": "2020-03-31", "netIncome": -870000, "depreciation": 8001000, "changeToNetincome": 5392000, "changeToAccountReceivables": 4239000, "changeToLiabilities": -12215000, "changeToInventory": 11905000, "totalCashFromOperatingActivities": 16460000, "capitalExpenditures": -3915000, "investments": -75000, "otherCashflowsFromInvestingActivities": 846000, "totalCashflowsFromInvestingActivities": -2941000, "netBorrowings": -6664000, "otherCashflowsFromFinancingActivities": -5509000, "totalCashFromFinancingActivities": -12173000, "changeInCash": 1345000}, {"maxAge": 1, "endDate": "2019-03-31", "netIncome": 1640000, "depreciation": 8038000, "changeToNetincome": 4980000, "changeToAccountReceivables": -8965000, "changeToLiabilities": -2624000, "changeToInventory": -2161000, "totalCashFromOperatingActivities": 908000, "capitalExpenditures": -5494000, "investments": -350000, "otherCashflowsFromInvestingActivities": 431000, "totalCashflowsFromInvestingActivities": -5337000, "netBorrowings": 19266000, "otherCashflowsFromFinancingActivities": -5434000, "totalCashFromFinancingActivities": 13832000, "changeInCash": 9403000}, {"maxAge": 1, "endDate": "2018-03-31", "netIncome": 929000, "depreciation": 8106000, "changeToNetincome": 2897000, "changeToAccountReceivables": -9388000, "changeToLiabilities": 13213000, "changeToInventory": -5625000, "totalCashFromOperatingActivities": 10132000, "capitalExpenditures": -8007000, "investments": -50000, "otherCashflowsFromInvestingActivities": 294000, "totalCashflowsFromInvestingActivities": -7718000, "netBorrowings": 12094000, "otherCashflowsFromFinancingActivities": -5555000, "totalCashFromFinancingActivities": 6539000, "changeInCash": 8953000}, {"maxAge": 1, "endDate": "2017-03-31", "netIncome": 356000, "depreciation": 6747000, "changeToNetincome": 4268000, "changeToAccountReceivables": 3914000, "changeToLiabilities": -7403000, "changeToInventory": -5587000, "totalCashFromOperatingActivities": 2295000, "capitalExpenditures": -12946000, "investments": -50000, "otherCashflowsFromInvestingActivities": 210000, "totalCashflowsFromInvestingActivities": -12686000, "netBorrowings": 3167000, "otherCashflowsFromFinancingActivities": -3959000, "totalCashFromFinancingActivities": -792000, "effectOfExchangeRate": -265000, "changeInCash": -11448000}], "maxAge": 86400}, "institutionOwnership": {"ownershipList": [], "maxAge": 1}, "balanceSheetHistoryQuarterly": {"balanceSheetStatements": [{"maxAge": 1, "endDate": "2020-03-31", "cash": 21910000, "netReceivables": 44814000, "inventory": 54241000, "otherCurrentAssets": 6286000, "totalCurrentAssets": 127659000, "longTermInvestments": 500000, "propertyPlantEquipment": 28377000, "intangibleAssets": 619000, "otherAssets": 7403000, "deferredLongTermAssetCharges": 1635000, "totalAssets": 164558000, "accountsPayable": 22006000, "shortLongTermDebt": 5225000, "otherCurrentLiab": 5327000, "longTermDebt": 5787000, "totalCurrentLiabilities": 85369000, "totalLiab": 91156000, "commonStock": 48078000, "retainedEarnings": 14384000, "treasuryStock": 8915000, "capitalSurplus": 2025000, "otherStockholderEquity": 8915000, "totalStockholderEquity": 73402000, "netTangibleAssets": 72783000}, {"maxAge": 1, "endDate": "2019-12-31", "totalStockholderEquity": 73080000, "netTangibleAssets": 71373000}, {"maxAge": 1, "endDate": "2019-09-30", "cash": 21160000, "netReceivables": 27341000, "inventory": 63883000, "otherCurrentAssets": 11452000, "totalCurrentAssets": 123836000, "longTermInvestments": 500000, "propertyPlantEquipment": 29126000, "intangibleAssets": 1707000, "otherAssets": 5817000, "deferredLongTermAssetCharges": 1706000, "totalAssets": 160986000, "accountsPayable": 25097000, "shortLongTermDebt": 5108000, "otherCurrentLiab": 9836000, "longTermDebt": 8357000, "totalCurrentLiabilities": 79549000, "totalLiab": 87906000, "commonStock": 48265000, "treasuryStock": 24815000, "otherStockholderEquity": 24815000, "totalStockholderEquity": 73080000, "netTangibleAssets": 71373000}, {"maxAge": 1, "endDate": "2019-06-30", "totalStockholderEquity": 72590000, "netTangibleAssets": 69782000}], "maxAge": 86400}, "indexTrend": {"maxAge": 1, "symbol": "SP5", "peRatio": 19.7411, "pegRatio": 1.34172, "estimates": [{"period": "0q", "growth": 0.549}, {"period": "+1q", "growth": 0.431}, {"period": "0y", "growth": 0.305}, {"period": "+1y", "growth": 0.109}, {"period": "+5y", "growth": 0.120859005}, {"period": "-5y"}]}, "insiderTransactions": {"transactions": [{"maxAge": 1, "shares": 199000, "filerUrl": "", "transactionText": "", "filerName": "Kapurwala Properties Pvt Ltd", "filerRelation": "Promoter", "moneyText": "", "startDate": "2017-12-08", "ownership": "D"}], "maxAge": 1}, "quoteType": {"exchange": "BSE", "quoteType": "EQUITY", "symbol": "FINELINE.BO", "underlyingSymbol": "FINELINE.BO", "shortName": "FINE-LINE CIRCUITS LTD.", "longName": "Fine-Line Circuits Limited", "firstTradeDateEpochUtc": "2001-12-18 09:15:00", "timeZoneFullName": "Asia/Kolkata", "timeZoneShortName": "IST", "uuid": "d281e9c5-072f-37b6-9fe9-554f1ca8dbb4", "gmtOffSetMilliseconds": 19800000, "maxAge": 1}, "incomeStatementHistory": {"incomeStatementHistory": [{"maxAge": 1, "endDate": "2020-03-31", "totalRevenue": 266983000, "costOfRevenue": 98988000, "grossProfit": 167995000, "researchDevelopment": {}, "sellingGeneralAdministrative": 58367000, "nonRecurring": {}, "otherOperatingExpenses": 102183000, "totalOperatingExpenses": 267547000, "operatingIncome": -564000, "totalOtherIncomeExpenseNet": -299000, "ebit": -564000, "interestExpense": -5509000, "incomeBeforeTax": -863000, "incomeTaxExpense": 7000, "minorityInterest": {}, "netIncomeFromContinuingOps": -870000, "discontinuedOperations": {}, "extraordinaryItems": {}, "effectOfAccountingCharges": {}, "otherItems": {}, "netIncome": -870000, "netIncomeApplicableToCommonShares": -870000}, {"maxAge": 1, "endDate": "2019-03-31", "totalRevenue": 315367000, "costOfRevenue": 139830000, "grossProfit": 175537000, "researchDevelopment": {}, "sellingGeneralAdministrative": 56155000, "nonRecurring": {}, "otherOperatingExpenses": 108779000, "totalOperatingExpenses": 312802000, "operatingIncome": 2565000, "totalOtherIncomeExpenseNet": -951000, "ebit": 2565000, "interestExpense": -5435000, "incomeBeforeTax": 1614000, "incomeTaxExpense": -26000, "minorityInterest": {}, "netIncomeFromContinuingOps": 1640000, "discontinuedOperations": {}, "extraordinaryItems": {}, "effectOfAccountingCharges": {}, "otherItems": {}, "netIncome": 1640000, "netIncomeApplicableToCommonShares": 1640000}, {"maxAge": 1, "endDate": "2018-03-31", "totalRevenue": 283060000, "costOfRevenue": 118156000, "grossProfit": 164904000, "researchDevelopment": {}, "sellingGeneralAdministrative": 50057000, "nonRecurring": {}, "otherOperatingExpenses": 106902000, "totalOperatingExpenses": 283221000, "operatingIncome": -161000, "totalOtherIncomeExpenseNet": 1504000, "ebit": -161000, "interestExpense": -4437000, "incomeBeforeTax": 1343000, "incomeTaxExpense": 414000, "minorityInterest": {}, "netIncomeFromContinuingOps": 929000, "discontinuedOperations": {}, "extraordinaryItems": {}, "effectOfAccountingCharges": {}, "otherItems": {}, "netIncome": 929000, "netIncomeApplicableToCommonShares": 929000}, {"maxAge": 1, "endDate": "2017-03-31", "totalRevenue": 255209000, "costOfRevenue": 95972000, "grossProfit": 159237000, "researchDevelopment": {}, "sellingGeneralAdministrative": 47103000, "nonRecurring": {}, "otherOperatingExpenses": 101640000, "totalOperatingExpenses": 251462000, "operatingIncome": 3747000, "totalOtherIncomeExpenseNet": -2179000, "ebit": 3747000, "interestExpense": -3958000, "incomeBeforeTax": 1568000, "incomeTaxExpense": 1212000, "minorityInterest": {}, "netIncomeFromContinuingOps": 356000, "discontinuedOperations": {}, "extraordinaryItems": {}, "effectOfAccountingCharges": {}, "otherItems": {}, "netIncome": 356000, "netIncomeApplicableToCommonShares": 356000}], "maxAge": 86400}, "fundOwnership": {"ownershipList": [], "maxAge": 1}, "summaryDetail": {"maxAge": 1, "priceHint": 2, "previousClose": 26.9, "open": 27.95, "dayLow": 25.6, "dayHigh": 27.95, "regularMarketPreviousClose": 26.9, "regularMarketOpen": 27.95, "regularMarketDayLow": 25.6, "regularMarketDayHigh": 27.95, "volume": 407, "regularMarketVolume": 407, "averageVolume": 784, "averageVolume10days": 386, "averageDailyVolume10Day": 386, "bid": 25.7, "ask": 27.9, "bidSize": 0, "askSize": 0, "marketCap": 134377728, "fiftyTwoWeekLow": 15.75, "fiftyTwoWeekHigh": 39.85, "fiftyDayAverage": 23.545454, "twoHundredDayAverage": 28.489416, "currency": "INR", "fromCurrency": null, "lastMarket": null, "algorithm": null, "tradeable": false}, "incomeStatementHistoryQuarterly": {"incomeStatementHistory": [{"maxAge": 1, "endDate": "2020-03-31", "totalRevenue": 69778000, "costOfRevenue": -23835000, "grossProfit": 93613000, "researchDevelopment": {}, "sellingGeneralAdministrative": 20526000, "nonRecurring": {}, "otherOperatingExpenses": 75990000, "totalOperatingExpenses": 74729000, "operatingIncome": -4951000, "totalOtherIncomeExpenseNet": 3307000, "ebit": -4951000, "interestExpense": -1461000, "incomeBeforeTax": -1644000, "incomeTaxExpense": 0, "minorityInterest": {}, "netIncomeFromContinuingOps": -1644000, "discontinuedOperations": {}, "extraordinaryItems": {}, "effectOfAccountingCharges": {}, "otherItems": {}, "netIncome": -1644000, "netIncomeApplicableToCommonShares": -1644000}, {"maxAge": 1, "endDate": "2019-12-31", "totalRevenue": 63837000, "costOfRevenue": 39327000, "grossProfit": 24510000, "researchDevelopment": {}, "sellingGeneralAdministrative": 12945000, "nonRecurring": {}, "otherOperatingExpenses": 7742000, "totalOperatingExpenses": 62045000, "operatingIncome": 1792000, "totalOtherIncomeExpenseNet": -1437000, "ebit": 1792000, "interestExpense": -1444000, "incomeBeforeTax": 355000, "incomeTaxExpense": 71000, "minorityInterest": {}, "netIncomeFromContinuingOps": 284000, "discontinuedOperations": {}, "extraordinaryItems": {}, "effectOfAccountingCharges": {}, "otherItems": {}, "netIncome": 284000, "netIncomeApplicableToCommonShares": 284000}, {"maxAge": 1, "endDate": "2019-09-30", "totalRevenue": 58038000, "costOfRevenue": 33421000, "grossProfit": 24617000, "researchDevelopment": {}, "sellingGeneralAdministrative": 13021000, "nonRecurring": {}, "otherOperatingExpenses": 8696000, "totalOperatingExpenses": 57127000, "operatingIncome": 911000, "totalOtherIncomeExpenseNet": -972000, "ebit": 911000, "interestExpense": -1188000, "incomeBeforeTax": -61000, "incomeTaxExpense": -174000, "minorityInterest": {}, "netIncomeFromContinuingOps": 113000, "discontinuedOperations": {}, "extraordinaryItems": {}, "effectOfAccountingCharges": {}, "otherItems": {}, "netIncome": 113000, "netIncomeApplicableToCommonShares": 113000}, {"maxAge": 1, "endDate": "2019-06-30", "totalRevenue": 75330000, "costOfRevenue": 50076000, "grossProfit": 25254000, "researchDevelopment": {}, "sellingGeneralAdministrative": 11874000, "nonRecurring": {}, "otherOperatingExpenses": 9755000, "totalOperatingExpenses": 73646000, "operatingIncome": 1684000, "totalOtherIncomeExpenseNet": -1197000, "ebit": 1684000, "interestExpense": -1416000, "incomeBeforeTax": 487000, "incomeTaxExpense": 110000, "minorityInterest": {}, "netIncomeFromContinuingOps": 377000, "discontinuedOperations": {}, "extraordinaryItems": {}, "effectOfAccountingCharges": {}, "otherItems": {}, "netIncome": 377000, "netIncomeApplicableToCommonShares": 377000}], "maxAge": 86400}, "cashflowStatementHistoryQuarterly": {"cashflowStatements": [{"maxAge": 1, "endDate": "2020-03-31", "netIncome": -1644000, "changeToLiabilities": 0}, {"maxAge": 1, "endDate": "2019-12-31", "netIncome": 284000, "changeToLiabilities": 0}, {"maxAge": 1, "endDate": "2019-09-30", "netIncome": 113000, "changeToLiabilities": 0}, {"maxAge": 1, "endDate": "2019-06-30", "netIncome": 377000, "changeToLiabilities": 0}], "maxAge": 86400}, "insiderHolders": {"holders": [{"maxAge": 1, "name": "Kapurwala Properties Pvt Ltd", "relation": "Promoter", "url": "", "transactionDescription": "Acquisition", "latestTransDate": "2017-12-08", "positionDirect": 301695, "positionDirectDate": "2017-12-08"}], "maxAge": 1}, "calendarEvents": {"maxAge": 1, "earnings": {"earningsDate": []}}, "upgradeDowngradeHistory": {"history": [], "maxAge": 86400}, "price": {"maxAge": 1, "regularMarketChangePercent": 0.0390335, "regularMarketChange": 1.0500011, "regularMarketTime": "2021-04-30 11:05:38", "priceHint": 2, "regularMarketPrice": 27.95, "regularMarketDayHigh": 27.95, "regularMarketDayLow": 25.6, "regularMarketVolume": 407, "averageDailyVolume10Day": 386, "averageDailyVolume3Month": 784, "regularMarketPreviousClose": 26.9, "regularMarketSource": "FREE_REALTIME", "regularMarketOpen": 27.95, "exchange": "BSE", "exchangeName": "BSE", "exchangeDataDelayedBy": 0, "marketState": "CLOSED", "quoteType": "EQUITY", "symbol": "FINELINE.BO", "underlyingSymbol": null, "shortName": "FINE-LINE CIRCUITS LTD.", "longName": "Fine-Line Circuits Limited", "currency": "INR", "quoteSourceName": "Delayed Quote", "currencySymbol": "\u20b9", "fromCurrency": null, "lastMarket": null, "marketCap": 134377728}, "balanceSheetHistory": {"balanceSheetStatements": [{"maxAge": 1, "endDate": "2020-03-31", "cash": 21910000, "netReceivables": 44814000, "inventory": 54241000, "otherCurrentAssets": 6286000, "totalCurrentAssets": 127659000, "longTermInvestments": 500000, "propertyPlantEquipment": 28377000, "intangibleAssets": 619000, "otherAssets": 7403000, "deferredLongTermAssetCharges": 1635000, "totalAssets": 164558000, "accountsPayable": 22006000, "shortLongTermDebt": 5225000, "otherCurrentLiab": 5327000, "longTermDebt": 5787000, "totalCurrentLiabilities": 85369000, "totalLiab": 91156000, "commonStock": 48078000, "retainedEarnings": 14384000, "treasuryStock": 8915000, "capitalSurplus": 2025000, "otherStockholderEquity": 8915000, "totalStockholderEquity": 73402000, "netTangibleAssets": 72783000}, {"maxAge": 1, "endDate": "2019-03-31", "cash": 20565000, "netReceivables": 48928000, "inventory": 66147000, "otherCurrentAssets": 6761000, "totalCurrentAssets": 143690000, "longTermInvestments": 425000, "propertyPlantEquipment": 30623000, "intangibleAssets": 2808000, "otherAssets": 5075000, "deferredLongTermAssetCharges": 1586000, "totalAssets": 182621000, "accountsPayable": 34838000, "shortLongTermDebt": 4668000, "otherCurrentLiab": 4354000, "longTermDebt": 11107000, "totalCurrentLiabilities": 98924000, "totalLiab": 110031000, "commonStock": 48078000, "retainedEarnings": 15254000, "treasuryStock": 7233000, "capitalSurplus": 2025000, "otherStockholderEquity": 7233000, "totalStockholderEquity": 72590000, "netTangibleAssets": 69782000}, {"maxAge": 1, "endDate": "2018-03-31", "cash": 11162000, "netReceivables": 41596000, "inventory": 63986000, "otherCurrentAssets": 5171000, "totalCurrentAssets": 122842000, "longTermInvestments": 75000, "propertyPlantEquipment": 30617000, "intangibleAssets": 5041000, "otherAssets": 4205000, "deferredLongTermAssetCharges": 1506000, "totalAssets": 162780000, "accountsPayable": 35330000, "shortLongTermDebt": 2728000, "otherCurrentLiab": 5029000, "longTermDebt": 15275000, "totalCurrentLiabilities": 77320000, "totalLiab": 92595000, "commonStock": 48078000, "retainedEarnings": 13615000, "treasuryStock": 6467000, "capitalSurplus": 2025000, "otherStockholderEquity": 6467000, "totalStockholderEquity": 70185000, "netTangibleAssets": 65144000}, {"maxAge": 1, "endDate": "2017-03-31", "cash": 2209000, "netReceivables": 34293000, "inventory": 58361000, "otherCurrentAssets": 2792000, "totalCurrentAssets": 99024000, "longTermInvestments": 25000, "propertyPlantEquipment": 34906000, "intangibleAssets": 3705000, "otherAssets": 4582000, "deferredLongTermAssetCharges": 1869000, "totalAssets": 142242000, "accountsPayable": 24695000, "shortLongTermDebt": 2538000, "otherCurrentLiab": 5632000, "longTermDebt": 13245000, "totalCurrentLiabilities": 60066000, "totalLiab": 73311000, "commonStock": 48078000, "retainedEarnings": 12686000, "treasuryStock": 6142000, "capitalSurplus": 2025000, "otherStockholderEquity": 6142000, "totalStockholderEquity": 68931000, "netTangibleAssets": 65226000}], "maxAge": 86400}, "financialData": {"maxAge": 86400, "currentPrice": 27.95, "recommendationKey": "none", "grossProfits": 167995000, "financialCurrency": "INR"}}}