{"FINKURVE.BO": {"cashflowStatementHistory": {"cashflowStatements": [{"maxAge": 1, "endDate": "2020-03-31", "netIncome": 40573104, "depreciation": 4592542, "changeToNetincome": 98111615, "changeToLiabilities": 0, "changeToOperatingActivities": -949099706, "totalCashFromOperatingActivities": -805216577, "capitalExpenditures": -5758559, "investments": -23149108, "otherCashflowsFromInvestingActivities": 1508566, "totalCashflowsFromInvestingActivities": -22421116, "netBorrowings": -205672074, "otherCashflowsFromFinancingActivities": -80769248, "totalCashFromFinancingActivities": 850395054, "changeInCash": 22757361, "issuanceOfStock": 1136836376}, {"maxAge": 1, "endDate": "2019-03-31", "netIncome": 4504970, "depreciation": 1365515, "changeToNetincome": 128342021, "changeToLiabilities": 0, "changeToOperatingActivities": 168485422, "totalCashFromOperatingActivities": 302805823, "capitalExpenditures": -2778949, "investments": -4077807, "otherCashflowsFromInvestingActivities": 3187314, "totalCashflowsFromInvestingActivities": -3669442, "netBorrowings": -174099144, "otherCashflowsFromFinancingActivities": -116288618, "totalCashFromFinancingActivities": -290387762, "changeInCash": 8748619, "issuanceOfStock": 1136836376}, {"maxAge": 1, "endDate": "2018-03-31", "netIncome": 19732803, "depreciation": 1092014, "changeToNetincome": 78521826, "changeToLiabilities": 825895, "changeToInventory": 19066196, "changeToOperatingActivities": -397460058, "totalCashFromOperatingActivities": -278106534, "capitalExpenditures": -2361074, "investments": -14849987, "otherCashflowsFromInvestingActivities": 2911360, "totalCashflowsFromInvestingActivities": -14299701, "netBorrowings": 359467524, "otherCashflowsFromFinancingActivities": -80583198, "totalCashFromFinancingActivities": 278884326, "changeInCash": -13521909, "issuanceOfStock": 1136836376}, {"maxAge": 1, "endDate": "2017-03-31", "netIncome": 5914846, "depreciation": 1149006, "changeToNetincome": 78998802, "changeToLiabilities": 264223, "changeToInventory": -10626403, "changeToOperatingActivities": -8665051, "totalCashFromOperatingActivities": 67150223, "capitalExpenditures": -2020015, "investments": 1127029, "otherCashflowsFromInvestingActivities": 3022778, "totalCashflowsFromInvestingActivities": 2129792, "netBorrowings": 32836501, "otherCashflowsFromFinancingActivities": -90770256, "totalCashFromFinancingActivities": -57933755, "changeInCash": 11346260, "issuanceOfStock": 1136836376}], "maxAge": 86400}, "institutionOwnership": {"maxAge": 1, "ownershipList": []}, "balanceSheetHistoryQuarterly": {"balanceSheetStatements": [{"maxAge": 1, "endDate": "2020-06-30", "totalStockholderEquity": 1332393380, "netTangibleAssets": 1331725271}, {"maxAge": 1, "endDate": "2020-03-31", "cash": 108495569, "netReceivables": 1956405982, "otherCurrentAssets": 10636495, "totalCurrentAssets": 2100108629, "propertyPlantEquipment": 19950649, "intangibleAssets": 668109, "otherAssets": 29590146, "deferredLongTermAssetCharges": 9756052, "totalAssets": 2150317533, "accountsPayable": 6250816, "shortLongTermDebt": 688865127, "otherCurrentLiab": 8818434, "longTermDebt": 43383034, "otherLiab": 35805939, "minorityInterest": 22376170, "totalCurrentLiabilities": 716359010, "totalLiab": 795547983, "commonStock": 126858198, "retainedEarnings": 94152374, "treasuryStock": 2104630, "capitalSurplus": 1109278178, "otherStockholderEquity": 2104630, "totalStockholderEquity": 1332393380, "netTangibleAssets": 1331725271}, {"maxAge": 1, "endDate": "2019-12-31", "totalStockholderEquity": 622794000, "netTangibleAssets": 617329000}, {"maxAge": 1, "endDate": "2019-09-30", "cash": 144498000, "netReceivables": 1201008000, "inventory": 56350000, "totalCurrentAssets": 1401856000, "longTermInvestments": 14890000, "propertyPlantEquipment": 7002000, "intangibleAssets": 5465000, "otherAssets": 5270000, "deferredLongTermAssetCharges": 2068000, "totalAssets": 1434483000, "accountsPayable": 2595000, "otherCurrentLiab": 4838000, "longTermDebt": 700286000, "otherLiab": 108808000, "totalCurrentLiabilities": 2595000, "totalLiab": 811689000, "commonStock": 108437000, "treasuryStock": 514357000, "otherStockholderEquity": 514357000, "totalStockholderEquity": 622794000, "netTangibleAssets": 617329000}], "maxAge": 86400}, "indexTrend": {"maxAge": 1, "symbol": "SP5", "peRatio": 19.7411, "pegRatio": 1.34172, "estimates": [{"period": "0q", "growth": 0.549}, {"period": "+1q", "growth": 0.431}, {"period": "0y", "growth": 0.305}, {"period": "+1y", "growth": 0.109}, {"period": "+5y", "growth": 0.120859005}, {"period": "-5y"}]}, "insiderTransactions": {"transactions": [{"maxAge": 1, "shares": 200000, "filerUrl": "", "transactionText": "", "filerName": "Bafna (Bhavna)", "filerRelation": "UNREPORTED", "moneyText": "", "startDate": "2017-03-22", "ownership": "D"}, {"maxAge": 1, "shares": 200000, "filerUrl": "", "transactionText": "", "filerName": "Kothari (Devkumari)", "filerRelation": "Promoter", "moneyText": "", "startDate": "2017-03-22", "ownership": "D"}, {"maxAge": 1, "shares": 200000, "filerUrl": "", "transactionText": "", "filerName": "Bafna (Bhavna)", "filerRelation": "UNREPORTED", "moneyText": "", "startDate": "2017-03-21", "ownership": "D"}, {"maxAge": 1, "shares": 7954420, "filerUrl": "", "transactionText": "", "filerName": "Kothari (Kalawati Prithviraj)", "filerRelation": "Promoter", "moneyText": "", "startDate": "2017-03-21", "ownership": "D"}, {"maxAge": 1, "shares": 635670, "filerUrl": "", "transactionText": "", "filerName": "Kothari (Rakesh)", "filerRelation": "UNREPORTED", "moneyText": "", "startDate": "2015-08-26", "ownership": "D"}, {"maxAge": 1, "shares": 100000, "filerUrl": "", "transactionText": "", "filerName": "Kothari (Kalawati Prithviraj)", "filerRelation": "Promoter", "moneyText": "", "startDate": "2012-03-29", "ownership": "D"}, {"maxAge": 1, "shares": 700000, "filerUrl": "", "transactionText": "", "filerName": "Kothari (Ketan B)", "filerRelation": "Promoter", "moneyText": "", "startDate": "2012-03-29", "ownership": "D"}, {"maxAge": 1, "shares": 100000, "filerUrl": "", "transactionText": "", "filerName": "Kothari (Mohinidevi Bhanwarlal)", "filerRelation": "Promoter", "moneyText": "", "startDate": "2012-03-29", "ownership": "D"}, {"maxAge": 1, "shares": 54499, "filerUrl": "", "transactionText": "", "filerName": "Doshi (Ashish Pratap)", "filerRelation": "UNREPORTED", "moneyText": "", "startDate": "2012-02-17", "ownership": "D"}, {"maxAge": 1, "shares": 54509, "filerUrl": "", "transactionText": "", "filerName": "Kothari (Ketan B)", "filerRelation": "Promoter", "moneyText": "", "startDate": "2012-02-17", "ownership": "D"}, {"maxAge": 1, "shares": 48299, "filerUrl": "", "transactionText": "", "filerName": "Doshi (Ashish Pratap)", "filerRelation": "UNREPORTED", "moneyText": "", "startDate": "2010-11-03", "ownership": "D"}, {"maxAge": 1, "shares": 25000, "filerUrl": "", "transactionText": "", "filerName": "Mehta (Narpat Raj)", "filerRelation": "UNREPORTED", "moneyText": "", "startDate": "2010-11-03", "ownership": "D"}, {"maxAge": 1, "shares": 27350, "filerUrl": "", "transactionText": "", "filerName": "Surana (Rajeev H)", "filerRelation": "UNREPORTED", "moneyText": "", "startDate": "2010-11-03", "ownership": "D"}], "maxAge": 1}, "quoteType": {"exchange": "BSE", "quoteType": "EQUITY", "symbol": "FINKURVE.BO", "underlyingSymbol": "FINKURVE.BO", "shortName": "FINKURVE FINANCIAL SERVICES LT", "longName": "Finkurve Financial Services Limited", "firstTradeDateEpochUtc": "2008-04-01 09:15:00", "timeZoneFullName": "Asia/Kolkata", "timeZoneShortName": "IST", "uuid": "cab910a5-f31c-3819-8d9e-693e755fea41", "messageBoardId": null, "gmtOffSetMilliseconds": 19800000, "maxAge": 1}, "incomeStatementHistory": {"incomeStatementHistory": [{"maxAge": 1, "endDate": "2020-03-31", "totalRevenue": 166529922, "costOfRevenue": 545959, "grossProfit": 165983963, "researchDevelopment": {}, "sellingGeneralAdministrative": 52210533, "nonRecurring": {}, "otherOperatingExpenses": 55747729, "totalOperatingExpenses": 113702631, "operatingIncome": 52827291, "totalOtherIncomeExpenseNet": 369527, "ebit": 0, "interestExpense": {}, "incomeBeforeTax": 53196818, "incomeTaxExpense": 12529517, "minorityInterest": 22376170, "netIncomeFromContinuingOps": 40667301, "discontinuedOperations": {}, "extraordinaryItems": {}, "effectOfAccountingCharges": {}, "otherItems": {}, "netIncome": 40573104, "netIncomeApplicableToCommonShares": 40573104}, {"maxAge": 1, "endDate": "2019-03-31", "totalRevenue": 60023076, "costOfRevenue": 1044859, "grossProfit": 58978217, "researchDevelopment": {}, "sellingGeneralAdministrative": 27351346, "nonRecurring": {}, "otherOperatingExpenses": 19871453, "totalOperatingExpenses": 49741068, "operatingIncome": 10282008, "totalOtherIncomeExpenseNet": -2679721, "ebit": 0, "interestExpense": {}, "incomeBeforeTax": 7602287, "incomeTaxExpense": 2867055, "minorityInterest": 22281973, "netIncomeFromContinuingOps": 4735232, "discontinuedOperations": {}, "extraordinaryItems": {}, "effectOfAccountingCharges": {}, "otherItems": {}, "netIncome": 4504970, "netIncomeApplicableToCommonShares": 4504970}, {"maxAge": 1, "endDate": "2018-03-31", "totalRevenue": 2908616180, "costOfRevenue": 2844396743, "grossProfit": 64219437, "researchDevelopment": {}, "sellingGeneralAdministrative": 20724653, "nonRecurring": {}, "otherOperatingExpenses": 11101131, "totalOperatingExpenses": 2877314541, "operatingIncome": 31301639, "totalOtherIncomeExpenseNet": -2881892, "ebit": 0, "interestExpense": {}, "incomeBeforeTax": 28419747, "incomeTaxExpense": 8550422, "minorityInterest": 22051711, "netIncomeFromContinuingOps": 19869325, "discontinuedOperations": {}, "extraordinaryItems": {}, "effectOfAccountingCharges": {}, "otherItems": {}, "netIncome": 19732803, "netIncomeApplicableToCommonShares": 19732803}, {"maxAge": 1, "endDate": "2017-03-31", "totalRevenue": 3177422403, "costOfRevenue": 3139958195, "grossProfit": 37464208, "researchDevelopment": {}, "sellingGeneralAdministrative": 14934755, "nonRecurring": {}, "otherOperatingExpenses": 12126536, "totalOperatingExpenses": 3168168492, "operatingIncome": 9253911, "totalOtherIncomeExpenseNet": -1, "ebit": 0, "interestExpense": {}, "incomeBeforeTax": 9253911, "incomeTaxExpense": 2955124, "minorityInterest": 21915189, "netIncomeFromContinuingOps": 6298787, "discontinuedOperations": {}, "extraordinaryItems": {}, "effectOfAccountingCharges": {}, "otherItems": {}, "netIncome": 5914846, "netIncomeApplicableToCommonShares": 5914846}], "maxAge": 86400}, "fundOwnership": {"maxAge": 1, "ownershipList": []}, "summaryDetail": {"maxAge": 1, "priceHint": 2, "previousClose": 44.6, "open": 45.8, "dayLow": 42.2, "dayHigh": 45.8, "regularMarketPreviousClose": 44.6, "regularMarketOpen": 45.8, "regularMarketDayLow": 42.2, "regularMarketDayHigh": 45.8, "trailingPE": 103.89151, "volume": 839, "regularMarketVolume": 839, "averageVolume": 28665, "averageVolume10days": 35356, "averageDailyVolume10Day": 35356, "bid": 42.75, "ask": 44.15, "bidSize": 0, "askSize": 0, "marketCap": 5588094976, "fiftyTwoWeekLow": 27.4, "fiftyTwoWeekHigh": 65.0, "fiftyDayAverage": 50.814285, "twoHundredDayAverage": 47.49051, "currency": "INR", "fromCurrency": null, "toCurrency": null, "lastMarket": null, "algorithm": null, "tradeable": false}, "incomeStatementHistoryQuarterly": {"incomeStatementHistory": [{"maxAge": 1, "endDate": "2020-06-30", "totalRevenue": 45636000, "costOfRevenue": 0, "grossProfit": 45636000, "researchDevelopment": {}, "sellingGeneralAdministrative": 6524000, "nonRecurring": {}, "otherOperatingExpenses": 16368000, "totalOperatingExpenses": 24673000, "operatingIncome": 20963000, "totalOtherIncomeExpenseNet": -21000, "ebit": 0, "interestExpense": {}, "incomeBeforeTax": 20942000, "incomeTaxExpense": 5633000, "minorityInterest": {}, "netIncomeFromContinuingOps": 15309000, "discontinuedOperations": {}, "extraordinaryItems": {}, "effectOfAccountingCharges": {}, "otherItems": {}, "netIncome": 15627000, "netIncomeApplicableToCommonShares": 15627000}, {"maxAge": 1, "endDate": "2020-03-31", "totalRevenue": 69762322, "costOfRevenue": 545959, "grossProfit": 69216363, "researchDevelopment": {}, "sellingGeneralAdministrative": 20883833, "nonRecurring": {}, "otherOperatingExpenses": 21488929, "totalOperatingExpenses": 45401031, "operatingIncome": 24361291, "totalOtherIncomeExpenseNet": 926327, "ebit": 0, "interestExpense": {}, "incomeBeforeTax": 25287618, "incomeTaxExpense": 12531917, "minorityInterest": 22376170, "netIncomeFromContinuingOps": 12755701, "discontinuedOperations": {}, "extraordinaryItems": {}, "effectOfAccountingCharges": {}, "otherItems": {}, "netIncome": 13915704, "netIncomeApplicableToCommonShares": 13915704}, {"maxAge": 1, "endDate": "2019-12-31", "totalRevenue": 46928100, "costOfRevenue": 0, "grossProfit": 46928100, "researchDevelopment": {}, "sellingGeneralAdministrative": 12923300, "nonRecurring": {}, "otherOperatingExpenses": 16255400, "totalOperatingExpenses": 30259600, "operatingIncome": 16668500, "totalOtherIncomeExpenseNet": 126700, "ebit": 0, "interestExpense": {}, "incomeBeforeTax": 16795200, "incomeTaxExpense": 0, "minorityInterest": 22376170, "netIncomeFromContinuingOps": 16795200, "discontinuedOperations": {}, "extraordinaryItems": {}, "effectOfAccountingCharges": {}, "otherItems": {}, "netIncome": 15526600, "netIncomeApplicableToCommonShares": 15526600}, {"maxAge": 1, "endDate": "2019-09-30", "totalRevenue": 27005000, "costOfRevenue": 0, "grossProfit": 27005000, "researchDevelopment": {}, "sellingGeneralAdministrative": 11340000, "nonRecurring": {}, "otherOperatingExpenses": 10093000, "totalOperatingExpenses": 22439000, "operatingIncome": 4566000, "totalOtherIncomeExpenseNet": -413000, "ebit": 0, "interestExpense": {}, "incomeBeforeTax": 4153000, "incomeTaxExpense": -2000, "minorityInterest": 22376170, "netIncomeFromContinuingOps": 4155000, "discontinuedOperations": {}, "extraordinaryItems": {}, "effectOfAccountingCharges": {}, "otherItems": {}, "netIncome": 4169000, "netIncomeApplicableToCommonShares": 4169000}], "maxAge": 86400}, "cashflowStatementHistoryQuarterly": {"cashflowStatements": [{"maxAge": 1, "endDate": "2020-06-30", "netIncome": 15627000, "changeToLiabilities": 0}, {"maxAge": 1, "endDate": "2020-03-31", "netIncome": 13915704, "changeToLiabilities": 0}, {"maxAge": 1, "endDate": "2019-12-31", "netIncome": 15526600, "changeToLiabilities": 0}, {"maxAge": 1, "endDate": "2019-09-30", "netIncome": 4169000, "changeToLiabilities": 0}], "maxAge": 86400}, "insiderHolders": {"holders": [{"maxAge": 1, "name": "Bafna (Bhavna)", "relation": "UNREPORTED", "url": "", "transactionDescription": "Acquisition", "latestTransDate": "2017-03-22", "positionDirect": 400000, "positionDirectDate": "2017-03-22"}, {"maxAge": 1, "name": "Doshi (Ashish Pratap)", "relation": "UNREPORTED", "url": "", "transactionDescription": "Sale", "latestTransDate": "2012-02-17", "positionDirect": 0, "positionDirectDate": "2012-02-17"}, {"maxAge": 1, "name": "Kothari (Devkumari)", "relation": "Promoter", "url": "", "transactionDescription": "Sale", "latestTransDate": "2017-03-22", "positionDirect": 1071270, "positionDirectDate": "2017-03-22"}, {"maxAge": 1, "name": "Kothari (Kalawati Prithviraj)", "relation": "Promoter", "url": "", "transactionDescription": "Sale", "latestTransDate": "2017-03-21", "positionDirect": 8072600, "positionDirectDate": "2017-03-21"}, {"maxAge": 1, "name": "Kothari (Ketan B)", "relation": "Promoter", "url": "", "transactionDescription": "Acquisition", "latestTransDate": "2012-03-29", "positionDirect": 763589, "positionDirectDate": "2012-03-29"}, {"maxAge": 1, "name": "Kothari (Mohinidevi Bhanwarlal)", "relation": "Promoter", "url": "", "transactionDescription": "Acquisition", "latestTransDate": "2012-03-29", "positionDirect": 109080, "positionDirectDate": "2012-03-29"}, {"maxAge": 1, "name": "Kothari (Rakesh)", "relation": "UNREPORTED", "url": "", "transactionDescription": "Other", "latestTransDate": "2015-08-26", "positionDirect": 0, "positionDirectDate": "2015-08-26"}, {"maxAge": 1, "name": "Mehta (Narpat Raj)", "relation": "UNREPORTED", "url": "", "transactionDescription": "Sale", "latestTransDate": "2010-11-03", "positionDirect": 0, "positionDirectDate": "2010-11-03"}, {"maxAge": 1, "name": "Surana (Rajeev H)", "relation": "UNREPORTED", "url": "", "transactionDescription": "Sale", "latestTransDate": "2010-11-03", "positionDirect": 0, "positionDirectDate": "2010-11-03"}], "maxAge": 1}, "calendarEvents": {"maxAge": 1, "earnings": {"earningsDate": []}}, "price": {"maxAge": 1, "regularMarketChangePercent": -0.012331822, "regularMarketChange": -0.54999924, "regularMarketTime": "2021-04-30 15:27:47", "priceHint": 2, "regularMarketPrice": 44.05, "regularMarketDayHigh": 45.8, "regularMarketDayLow": 42.2, "regularMarketVolume": 839, "averageDailyVolume10Day": 35356, "averageDailyVolume3Month": 28665, "regularMarketPreviousClose": 44.6, "regularMarketSource": "FREE_REALTIME", "regularMarketOpen": 45.8, "exchange": "BSE", "exchangeName": "BSE", "exchangeDataDelayedBy": 0, "marketState": "CLOSED", "quoteType": "EQUITY", "symbol": "FINKURVE.BO", "underlyingSymbol": null, "shortName": "FINKURVE FINANCIAL SERVICES LT", "longName": "Finkurve Financial Services Limited", "currency": "INR", "quoteSourceName": "Delayed Quote", "currencySymbol": "\u20b9", "fromCurrency": null, "toCurrency": null, "lastMarket": null, "marketCap": 5588094976}, "balanceSheetHistory": {"balanceSheetStatements": [{"maxAge": 1, "endDate": "2020-03-31", "cash": 108495569, "netReceivables": 1956405982, "otherCurrentAssets": 10636495, "totalCurrentAssets": 2100108629, "propertyPlantEquipment": 19950649, "intangibleAssets": 668109, "otherAssets": 29590146, "deferredLongTermAssetCharges": 9756052, "totalAssets": 2150317533, "accountsPayable": 6250816, "shortLongTermDebt": 688865127, "otherCurrentLiab": 8818434, "longTermDebt": 43383034, "otherLiab": 35805939, "minorityInterest": 22376170, "totalCurrentLiabilities": 716359010, "totalLiab": 795547983, "commonStock": 126858198, "retainedEarnings": 94152374, "treasuryStock": 2104630, "capitalSurplus": 1109278178, "otherStockholderEquity": 2104630, "totalStockholderEquity": 1332393380, "netTangibleAssets": 1331725271}, {"maxAge": 1, "endDate": "2019-03-31", "cash": 85738208, "netReceivables": 973356735, "otherCurrentAssets": 20187716, "totalCurrentAssets": 1088260054, "propertyPlantEquipment": 5111155, "intangibleAssets": 410176, "otherAssets": 30100325, "deferredLongTermAssetCharges": 5327966, "totalAssets": 1123881710, "accountsPayable": 4643591, "shortLongTermDebt": 889850825, "otherCurrentLiab": 3024113, "longTermDebt": 45023410, "otherLiab": 4073898, "minorityInterest": 22281973, "totalCurrentLiabilities": 897518529, "totalLiab": 946615837, "commonStock": 96600000, "retainedEarnings": 51438557, "treasuryStock": 4245343, "capitalSurplus": 2700000, "otherStockholderEquity": 4245343, "totalStockholderEquity": 154983900, "netTangibleAssets": 154573724}, {"maxAge": 1, "endDate": "2018-03-31", "cash": 37792945, "netReceivables": 1169432431, "inventory": 39234976, "otherCurrentAssets": 32839297, "totalCurrentAssets": 1279299649, "longTermInvestments": 25596384, "propertyPlantEquipment": 4162111, "intangibleAssets": 46571, "otherAssets": 19916430, "deferredLongTermAssetCharges": 986333, "totalAssets": 1329021145, "accountsPayable": 3781547, "otherCurrentLiab": 33918546, "longTermDebt": 117227539, "otherLiab": 5000000, "minorityInterest": 22051711, "totalCurrentLiabilities": 1029445934, "totalLiab": 1151673473, "commonStock": 96600000, "retainedEarnings": 51750618, "treasuryStock": 4245343, "capitalSurplus": 2700000, "otherStockholderEquity": 4245343, "totalStockholderEquity": 155295961, "netTangibleAssets": 155249390}, {"maxAge": 1, "endDate": "2017-03-31", "cash": 51314854, "netReceivables": 808652043, "otherCurrentAssets": 23739780, "totalCurrentAssets": 942007849, "longTermInvestments": 12326939, "propertyPlantEquipment": 2918869, "intangibleAssets": 20750, "otherAssets": 18530130, "deferredLongTermAssetCharges": 260044, "totalAssets": 975804537, "accountsPayable": 2955652, "otherCurrentLiab": 60864682, "longTermDebt": 692843780, "otherLiab": 5000001, "deferredLongTermLiab": 114790, "minorityInterest": 21915189, "totalCurrentLiabilities": 120482409, "totalLiab": 818326190, "commonStock": 96600000, "retainedEarnings": 32017815, "treasuryStock": 4245343, "capitalSurplus": 2700000, "otherStockholderEquity": 4245343, "totalStockholderEquity": 135563158, "netTangibleAssets": 135542408}], "maxAge": 86400}, "financialData": {"maxAge": 86400, "currentPrice": 44.05, "recommendationKey": "none", "grossProfits": 165983963, "financialCurrency": "INR"}}}