{"FIRSTOBJ.BO": {"cashflowStatementHistory": {"cashflowStatements": [{"maxAge": 1, "endDate": "2020-03-31", "netIncome": -48856141, "depreciation": 3784452, "changeToNetincome": 77939, "changeToAccountReceivables": 53834455, "changeToLiabilities": 0, "changeToInventory": -5521300, "changeToOperatingActivities": 9052677, "totalCashFromOperatingActivities": 53422138, "otherCashflowsFromInvestingActivities": -54418190, "totalCashflowsFromInvestingActivities": -54418190, "netBorrowings": 1227429, "totalCashFromFinancingActivities": 1227429, "changeInCash": 231377}, {"maxAge": 1, "endDate": "2019-03-31", "netIncome": -17402231, "depreciation": 30911831, "changeToNetincome": 117309, "changeToAccountReceivables": 62655831, "changeToLiabilities": 0, "changeToInventory": -5521300, "changeToOperatingActivities": -1241303, "totalCashFromOperatingActivities": 75041437, "otherCashflowsFromInvestingActivities": -75000000, "totalCashflowsFromInvestingActivities": -75000000, "netBorrowings": -88508, "totalCashFromFinancingActivities": -88508, "changeInCash": -47071}, {"maxAge": 1, "endDate": "2018-03-31", "netIncome": 1209405, "depreciation": 12250502, "changeToNetincome": 429099, "changeToAccountReceivables": 39356674, "changeToLiabilities": 0, "changeToInventory": -5521300, "changeToOperatingActivities": -5017816, "totalCashFromOperatingActivities": 48227864, "capitalExpenditures": -48297627, "investments": 71104, "otherCashflowsFromInvestingActivities": -75000000, "totalCashflowsFromInvestingActivities": -48226523, "netBorrowings": 34511, "totalCashFromFinancingActivities": 34511, "changeInCash": 35852}, {"maxAge": 1, "endDate": "2017-03-31", "netIncome": 1152171, "depreciation": 8704567, "changeToNetincome": 890995, "changeToAccountReceivables": 1300813, "changeToLiabilities": 0, "changeToInventory": -5521300, "changeToOperatingActivities": 2433528, "totalCashFromOperatingActivities": 14482074, "capitalExpenditures": -11092500, "investments": 71104, "otherCashflowsFromInvestingActivities": -75000000, "totalCashflowsFromInvestingActivities": -11092500, "netBorrowings": -3620970, "totalCashFromFinancingActivities": -3620970, "changeInCash": -231396}], "maxAge": 86400}, "institutionOwnership": {"maxAge": 1, "ownershipList": []}, "balanceSheetHistoryQuarterly": {"balanceSheetStatements": [{"maxAge": 1, "endDate": "2020-06-30"}, {"maxAge": 1, "endDate": "2020-03-31", "cash": 375642, "netReceivables": 10565770, "inventory": 5521300, "otherCurrentAssets": 32333042, "totalCurrentAssets": 48795754, "longTermInvestments": 17838999, "propertyPlantEquipment": 6669018, "goodWill": 83825707, "intangibleAssets": 107612561, "otherAssets": -1, "totalAssets": 264742038, "accountsPayable": 2235185, "otherLiab": 21673755, "totalCurrentLiabilities": 8403847, "totalLiab": 30077602, "commonStock": 104027550, "retainedEarnings": -176518625, "treasuryStock": 150934650, "capitalSurplus": 156220861, "otherStockholderEquity": 150934650, "totalStockholderEquity": 234664436, "netTangibleAssets": 43226168}, {"maxAge": 1, "endDate": "2019-12-31", "totalStockholderEquity": 259880000, "netTangibleAssets": 176060000}, {"maxAge": 1, "endDate": "2019-09-30", "cash": 290000, "netReceivables": 21050000, "otherCurrentAssets": 42110000, "totalCurrentAssets": 63450000, "longTermInvestments": 17840000, "propertyPlantEquipment": 123850000, "goodWill": 83820000, "totalAssets": 288960000, "accountsPayable": 1550000, "otherLiab": 21590000, "totalCurrentLiabilities": 7490000, "totalLiab": 29080000, "commonStock": 104030000, "treasuryStock": 155850000, "otherStockholderEquity": 155850000, "totalStockholderEquity": 259880000, "netTangibleAssets": 176060000}], "maxAge": 86400}, "indexTrend": {"maxAge": 1, "symbol": "SP5", "peRatio": 19.7411, "pegRatio": 1.34172, "estimates": [{"period": "0q", "growth": 0.549}, {"period": "+1q", "growth": 0.431}, {"period": "0y", "growth": 0.305}, {"period": "+1y", "growth": 0.109}, {"period": "+5y", "growth": 0.120859005}, {"period": "-5y"}]}, "insiderTransactions": {"transactions": [{"maxAge": 1, "shares": 510446, "value": 69369, "filerUrl": "", "transactionText": "Acquisition at price 0.14 per share.", "filerName": "Subramanian (Rajalakshmi R)", "filerRelation": "UNREPORTED", "moneyText": "", "startDate": "2020-09-18", "ownership": "D"}, {"maxAge": 1, "shares": 510000, "value": 69309, "filerUrl": "", "transactionText": "Sale at price 0.14 per share.", "filerName": "Sastry (Vemparala Sita Rama)", "filerRelation": "Promoter", "moneyText": "", "startDate": "2020-09-18", "ownership": "D"}, {"maxAge": 1, "shares": 80, "filerUrl": "", "transactionText": "Acquisition at price 0.00 per share.", "filerName": "Subramanian (Rajalakshmi R)", "filerRelation": "UNREPORTED", "moneyText": "", "startDate": "2020-08-24", "ownership": "D"}, {"maxAge": 1, "shares": 80, "filerUrl": "", "transactionText": "Sale at price 0.00 per share.", "filerName": "Kumar (Sriram C)", "filerRelation": "Promoter", "moneyText": "", "startDate": "2020-08-24", "ownership": "D"}, {"maxAge": 1, "shares": 80, "value": 10, "filerUrl": "", "transactionText": "Sale at price 0.13 per share.", "filerName": "Kumar (Sriram C)", "filerRelation": "Promoter", "moneyText": "", "startDate": "2020-08-24", "ownership": "D"}, {"maxAge": 1, "shares": 1504488, "filerUrl": "", "transactionText": "", "filerName": "Subramanian (Rajalakshmi R)", "filerRelation": "UNREPORTED", "moneyText": "", "startDate": "2020-08-21", "ownership": "D"}, {"maxAge": 1, "shares": 603863, "value": 80555, "filerUrl": "", "transactionText": "Sale at price 0.13 per share.", "filerName": "Sastry (Vemparala Sita Rama)", "filerRelation": "Promoter", "moneyText": "", "startDate": "2020-08-21", "ownership": "D"}, {"maxAge": 1, "shares": 522625, "value": 69718, "filerUrl": "", "transactionText": "Sale at price 0.13 per share.", "filerName": "Kumar (Sriram C)", "filerRelation": "Promoter", "moneyText": "", "startDate": "2020-08-21", "ownership": "D"}, {"maxAge": 1, "shares": 378000, "value": 50425, "filerUrl": "", "transactionText": "Sale at price 0.13 per share.", "filerName": "Kameswari (C V S L)", "filerRelation": "Promoter", "moneyText": "", "startDate": "2020-08-21", "ownership": "D"}], "maxAge": 1}, "quoteType": {"exchange": "BSE", "quoteType": "EQUITY", "symbol": "FIRSTOBJ.BO", "underlyingSymbol": "FIRSTOBJ.BO", "shortName": "FIRSTOBJECT TECHNOLOGIES LTD.", "longName": "Firstobject Technologies Limited", "firstTradeDateEpochUtc": "2002-07-01 09:15:00", "timeZoneFullName": "Asia/Kolkata", "timeZoneShortName": "IST", "uuid": "087afb1e-8046-3493-9c80-7d8b30faba9f", "messageBoardId": null, "gmtOffSetMilliseconds": 19800000, "maxAge": 1}, "incomeStatementHistory": {"incomeStatementHistory": [{"maxAge": 1, "endDate": "2020-03-31", "totalRevenue": 16592238, "costOfRevenue": 19129867, "grossProfit": -2537629, "researchDevelopment": {}, "sellingGeneralAdministrative": 52292, "nonRecurring": {}, "otherOperatingExpenses": {}, "totalOperatingExpenses": 64016667, "operatingIncome": -47424429, "totalOtherIncomeExpenseNet": -448096, "ebit": -47424429, "interestExpense": -448095, "incomeBeforeTax": -47872525, "incomeTaxExpense": 983616, "minorityInterest": {}, "netIncomeFromContinuingOps": -48856141, "discontinuedOperations": {}, "extraordinaryItems": {}, "effectOfAccountingCharges": {}, "otherItems": {}, "netIncome": -48856141, "netIncomeApplicableToCommonShares": -48856141}, {"maxAge": 1, "endDate": "2019-03-31", "totalRevenue": 69957158, "costOfRevenue": 55629269, "grossProfit": 14327889, "researchDevelopment": {}, "sellingGeneralAdministrative": 251346, "nonRecurring": {}, "otherOperatingExpenses": {}, "totalOperatingExpenses": 86792446, "operatingIncome": -16835288, "totalOtherIncomeExpenseNet": -449635, "ebit": -16835288, "interestExpense": -449634, "incomeBeforeTax": -17284923, "incomeTaxExpense": 117308, "minorityInterest": {}, "netIncomeFromContinuingOps": -17402231, "discontinuedOperations": {}, "extraordinaryItems": {}, "effectOfAccountingCharges": {}, "otherItems": {}, "netIncome": -17402231, "netIncomeApplicableToCommonShares": -17402231}, {"maxAge": 1, "endDate": "2018-03-31", "totalRevenue": 103747270, "costOfRevenue": 88654572, "grossProfit": 15092698, "researchDevelopment": {}, "sellingGeneralAdministrative": 286922, "nonRecurring": {}, "otherOperatingExpenses": {}, "totalOperatingExpenses": 101191996, "operatingIncome": 2555274, "totalOtherIncomeExpenseNet": -531054, "ebit": 2555274, "interestExpense": -466019, "incomeBeforeTax": 2024220, "incomeTaxExpense": 814815, "minorityInterest": {}, "netIncomeFromContinuingOps": 1209405, "discontinuedOperations": {}, "extraordinaryItems": {}, "effectOfAccountingCharges": {}, "otherItems": {}, "netIncome": 1209405, "netIncomeApplicableToCommonShares": 1209405}, {"maxAge": 1, "endDate": "2017-03-31", "totalRevenue": 152637496, "costOfRevenue": 140601447, "grossProfit": 12036049, "researchDevelopment": {}, "sellingGeneralAdministrative": 223914, "nonRecurring": {}, "otherOperatingExpenses": {}, "totalOperatingExpenses": 149529928, "operatingIncome": 3107568, "totalOtherIncomeExpenseNet": -583427, "ebit": 3107568, "interestExpense": -583427, "incomeBeforeTax": 2524141, "incomeTaxExpense": 1371970, "minorityInterest": {}, "netIncomeFromContinuingOps": 1152171, "discontinuedOperations": {}, "extraordinaryItems": {}, "effectOfAccountingCharges": {}, "otherItems": {}, "netIncome": 1152171, "netIncomeApplicableToCommonShares": 1152171}], "maxAge": 86400}, "fundOwnership": {"maxAge": 1, "ownershipList": []}, "summaryDetail": {"maxAge": 1, "priceHint": 4, "previousClose": 4.87, "open": 4.8, "dayLow": 4.8, "dayHigh": 4.8, "regularMarketPreviousClose": 4.87, "regularMarketOpen": 4.8, "regularMarketDayLow": 4.8, "regularMarketDayHigh": 4.8, "volume": 125, "regularMarketVolume": 125, "averageVolume": 1983, "averageVolume10days": 1596, "averageDailyVolume10Day": 1596, "bid": 4.8, "ask": 5.1, "bidSize": 0, "askSize": 0, "marketCap": 49933440, "fiftyTwoWeekLow": 1.48, "fiftyTwoWeekHigh": 7.75, "fiftyDayAverage": 5.4737144, "twoHundredDayAverage": 6.034672, "currency": "INR", "fromCurrency": null, "toCurrency": null, "lastMarket": null, "algorithm": null, "tradeable": false}, "incomeStatementHistoryQuarterly": {"incomeStatementHistory": [{"maxAge": 1, "endDate": "2020-06-30", "totalRevenue": 590000, "costOfRevenue": 2700000, "grossProfit": -2110000, "researchDevelopment": {}, "sellingGeneralAdministrative": {}, "nonRecurring": {}, "otherOperatingExpenses": {}, "totalOperatingExpenses": 19290000, "operatingIncome": -18700000, "totalOtherIncomeExpenseNet": 0, "ebit": -18700000, "interestExpense": {}, "incomeBeforeTax": -18700000, "incomeTaxExpense": 0, "minorityInterest": {}, "netIncomeFromContinuingOps": -18700000, "discontinuedOperations": {}, "extraordinaryItems": {}, "effectOfAccountingCharges": {}, "otherItems": {}, "netIncome": -18700000, "netIncomeApplicableToCommonShares": -18700000}, {"maxAge": 1, "endDate": "2020-03-31", "totalRevenue": 1742238, "costOfRevenue": 6579867, "grossProfit": -4837629, "researchDevelopment": {}, "sellingGeneralAdministrative": 52292, "nonRecurring": {}, "otherOperatingExpenses": {}, "totalOperatingExpenses": 8096667, "operatingIncome": -6354429, "totalOtherIncomeExpenseNet": -448096, "ebit": -6354429, "interestExpense": -448095, "incomeBeforeTax": -6802525, "incomeTaxExpense": 983616, "minorityInterest": {}, "netIncomeFromContinuingOps": -7786141, "discontinuedOperations": {}, "extraordinaryItems": {}, "effectOfAccountingCharges": {}, "otherItems": {}, "netIncome": -7786141, "netIncomeApplicableToCommonShares": -7786141}, {"maxAge": 1, "endDate": "2019-12-31", "totalRevenue": 2930000, "costOfRevenue": 3200000, "grossProfit": -270000, "researchDevelopment": {}, "sellingGeneralAdministrative": 52292, "nonRecurring": {}, "otherOperatingExpenses": {}, "totalOperatingExpenses": 17610000, "operatingIncome": -14680000, "totalOtherIncomeExpenseNet": 0, "ebit": -14680000, "interestExpense": -448095, "incomeBeforeTax": -14680000, "incomeTaxExpense": 0, "minorityInterest": {}, "netIncomeFromContinuingOps": -14680000, "discontinuedOperations": {}, "extraordinaryItems": {}, "effectOfAccountingCharges": {}, "otherItems": {}, "netIncome": -14680000, "netIncomeApplicableToCommonShares": -14680000}, {"maxAge": 1, "endDate": "2019-09-30", "totalRevenue": 4970000, "costOfRevenue": 4640000, "grossProfit": 330000, "researchDevelopment": {}, "sellingGeneralAdministrative": 52292, "nonRecurring": {}, "otherOperatingExpenses": {}, "totalOperatingExpenses": 18940000, "operatingIncome": -13970000, "totalOtherIncomeExpenseNet": 0, "ebit": -13970000, "interestExpense": -448095, "incomeBeforeTax": -13970000, "incomeTaxExpense": 0, "minorityInterest": {}, "netIncomeFromContinuingOps": -13970000, "discontinuedOperations": {}, "extraordinaryItems": {}, "effectOfAccountingCharges": {}, "otherItems": {}, "netIncome": -13970000, "netIncomeApplicableToCommonShares": -13970000}], "maxAge": 86400}, "cashflowStatementHistoryQuarterly": {"cashflowStatements": [{"maxAge": 1, "endDate": "2020-06-30", "netIncome": -18700000, "changeToLiabilities": 0}, {"maxAge": 1, "endDate": "2020-03-31", "netIncome": -7786141, "changeToLiabilities": 0}, {"maxAge": 1, "endDate": "2019-12-31", "netIncome": -14680000, "changeToLiabilities": 0}, {"maxAge": 1, "endDate": "2019-09-30", "netIncome": -13970000, "changeToLiabilities": 0}], "maxAge": 86400}, "insiderHolders": {"holders": [{"maxAge": 1, "name": "Kameswari (C V S L)", "relation": "Promoter", "url": "", "transactionDescription": "Sale", "latestTransDate": "2020-08-21", "positionDirect": 0, "positionDirectDate": "2020-08-21"}, {"maxAge": 1, "name": "Kumar (Sriram C)", "relation": "Promoter", "url": "", "transactionDescription": "Sale", "latestTransDate": "2020-08-24", "positionDirect": 80, "positionDirectDate": "2020-08-24"}, {"maxAge": 1, "name": "Sastry (Vemparala Sita Rama)", "relation": "Promoter", "url": "", "transactionDescription": "Sale", "latestTransDate": "2020-09-18", "positionDirect": 0, "positionDirectDate": "2020-09-18"}, {"maxAge": 1, "name": "Subramanian (Rajalakshmi R)", "relation": "UNREPORTED", "url": "", "transactionDescription": "Acquisition", "latestTransDate": "2020-09-18", "positionDirect": 2015014, "positionDirectDate": "2020-09-18"}], "maxAge": 1}, "calendarEvents": {"maxAge": 1, "earnings": {"earningsDate": []}}, "price": {"maxAge": 1, "regularMarketChangePercent": -0.0143736545, "regularMarketChange": -0.069999695, "regularMarketTime": "2021-04-30 13:15:00", "priceHint": 4, "regularMarketPrice": 4.8, "regularMarketDayHigh": 4.8, "regularMarketDayLow": 4.8, "regularMarketVolume": 125, "averageDailyVolume10Day": 1596, "averageDailyVolume3Month": 1983, "regularMarketPreviousClose": 4.87, "regularMarketSource": "FREE_REALTIME", "regularMarketOpen": 4.8, "exchange": "BSE", "exchangeName": "BSE", "exchangeDataDelayedBy": 0, "marketState": "CLOSED", "quoteType": "EQUITY", "symbol": "FIRSTOBJ.BO", "underlyingSymbol": null, "shortName": "FIRSTOBJECT TECHNOLOGIES LTD.", "longName": "Firstobject Technologies Limited", "currency": "INR", "quoteSourceName": "Delayed Quote", "currencySymbol": "\u20b9", "fromCurrency": null, "toCurrency": null, "lastMarket": null, "marketCap": 49933440}, "balanceSheetHistory": {"balanceSheetStatements": [{"maxAge": 1, "endDate": "2020-03-31", "cash": 375642, "netReceivables": 10565770, "inventory": 5521300, "otherCurrentAssets": 32333042, "totalCurrentAssets": 48795754, "longTermInvestments": 17838999, "propertyPlantEquipment": 6669018, "goodWill": 83825707, "intangibleAssets": 107612561, "otherAssets": -1, "totalAssets": 264742038, "accountsPayable": 2235185, "otherLiab": 21673755, "totalCurrentLiabilities": 8403847, "totalLiab": 30077602, "commonStock": 104027550, "retainedEarnings": -176518625, "treasuryStock": 150934650, "capitalSurplus": 156220861, "otherStockholderEquity": 150934650, "totalStockholderEquity": 234664436, "netTangibleAssets": 43226168}, {"maxAge": 1, "endDate": "2019-03-31", "cash": 144265, "netReceivables": 64400225, "otherCurrentAssets": 40865316, "totalCurrentAssets": 105409806, "longTermInvestments": 17838999, "propertyPlantEquipment": 10941115, "goodWill": 83825707, "intangibleAssets": 96506782, "totalAssets": 314522409, "accountsPayable": 1714782, "otherCurrentLiab": 1, "otherLiab": 21595816, "totalCurrentLiabilities": 6656016, "totalLiab": 28251832, "commonStock": 104027550, "retainedEarnings": -124912484, "treasuryStock": 150934650, "capitalSurplus": 156220861, "otherStockholderEquity": 150934650, "totalStockholderEquity": 286270577, "netTangibleAssets": 105938088}, {"maxAge": 1, "endDate": "2018-03-31", "cash": 191336, "netReceivables": 127056057, "otherCurrentAssets": 40442529, "totalCurrentAssets": 167689922, "longTermInvestments": 17838999, "propertyPlantEquipment": 20641337, "goodWill": 83825707, "intangibleAssets": 46496027, "totalAssets": 336491992, "accountsPayable": 2147583, "otherCurrentLiab": 385716, "otherLiab": 21478508, "totalCurrentLiabilities": 7563040, "totalLiab": 29041548, "commonStock": 104027550, "retainedEarnings": -103732617, "treasuryStock": 150934650, "capitalSurplus": 156220861, "otherStockholderEquity": 150934650, "totalStockholderEquity": 307450444, "netTangibleAssets": 177128710}, {"maxAge": 1, "endDate": "2017-03-31", "cash": 155484, "netReceivables": 166412731, "otherCurrentAssets": 39664222, "totalCurrentAssets": 206232437, "longTermInvestments": 17910104, "propertyPlantEquipment": 4143368, "goodWill": 83825707, "intangibleAssets": 26946871, "otherAssets": -2, "totalAssets": 339058485, "accountsPayable": 6291832, "otherCurrentLiab": 480975, "otherLiab": 21049408, "totalCurrentLiabilities": 11768037, "totalLiab": 32817445, "commonStock": 104027550, "retainedEarnings": -104942021, "treasuryStock": 150934650, "capitalSurplus": 156220861, "otherStockholderEquity": 150934650, "totalStockholderEquity": 306241040, "netTangibleAssets": 195468462}], "maxAge": 86400}, "financialData": {"maxAge": 86400, "currentPrice": 4.8, "recommendationKey": "none", "grossProfits": -2537629, "financialCurrency": "INR"}}}