{"FLEXFO.BO": {"recommendationTrend": {"trend": [{"period": "0m", "strongBuy": 0, "buy": 0, "hold": 0, "sell": 0, "strongSell": 0}, {"period": "-1m", "strongBuy": 0, "buy": 0, "hold": 0, "sell": 0, "strongSell": 0}, {"period": "-2m", "strongBuy": 0, "buy": 0, "hold": 0, "sell": 0, "strongSell": 0}, {"period": "-3m", "strongBuy": 0, "buy": 0, "hold": 0, "sell": 0, "strongSell": 0}], "maxAge": 86400}, "cashflowStatementHistory": {"cashflowStatements": [{"maxAge": 1, "endDate": "2020-03-31", "netIncome": 67895000, "depreciation": 54154000, "changeToNetincome": 12928000, "changeToAccountReceivables": 38769000, "changeToLiabilities": 26409000, "changeToInventory": -33642000, "changeToOperatingActivities": -195000, "totalCashFromOperatingActivities": 166355000, "capitalExpenditures": -25601000, "otherCashflowsFromInvestingActivities": 3017000, "totalCashflowsFromInvestingActivities": -22260000, "dividendsPaid": -12450000, "netBorrowings": -93667000, "otherCashflowsFromFinancingActivities": -23562000, "totalCashFromFinancingActivities": -129679000, "changeInCash": 14416000}, {"maxAge": 1, "endDate": "2019-03-31", "netIncome": 110331000, "depreciation": 52418000, "changeToNetincome": 20186000, "changeToAccountReceivables": 65379000, "changeToLiabilities": -34766000, "changeToInventory": -26078000, "changeToOperatingActivities": -20136000, "totalCashFromOperatingActivities": 167383000, "capitalExpenditures": -77463000, "otherCashflowsFromInvestingActivities": 1679000, "totalCashflowsFromInvestingActivities": -74125000, "dividendsPaid": -12450000, "netBorrowings": -45154000, "otherCashflowsFromFinancingActivities": -32510000, "totalCashFromFinancingActivities": -77664000, "changeInCash": 15594000}, {"maxAge": 1, "endDate": "2018-03-31", "netIncome": 68078000, "depreciation": 49964000, "changeToNetincome": 42628000, "changeToAccountReceivables": -3066000, "changeToLiabilities": -2527000, "changeToInventory": 21042000, "changeToOperatingActivities": -792000, "totalCashFromOperatingActivities": 175379000, "capitalExpenditures": -107794000, "otherCashflowsFromInvestingActivities": 2307000, "totalCashflowsFromInvestingActivities": -105094000, "dividendsPaid": -31125000, "netBorrowings": -50608000, "otherCashflowsFromFinancingActivities": -41577000, "totalCashFromFinancingActivities": -123310000, "changeInCash": -53025000}, {"maxAge": 1, "endDate": "2017-03-31", "netIncome": 78454000, "depreciation": 48465000, "changeToNetincome": 53526000, "changeToAccountReceivables": -73102000, "changeToLiabilities": 6627000, "changeToInventory": -22971000, "changeToOperatingActivities": 8106000, "totalCashFromOperatingActivities": 99267000, "capitalExpenditures": -49089000, "otherCashflowsFromInvestingActivities": 10003000, "totalCashflowsFromInvestingActivities": -38772000, "dividendsPaid": -31125000, "netBorrowings": -35690000, "otherCashflowsFromFinancingActivities": -54624000, "totalCashFromFinancingActivities": -121439000, "changeInCash": -60944000}], "maxAge": 86400}, "institutionOwnership": {"ownershipList": [], "maxAge": 1}, "balanceSheetHistoryQuarterly": {"balanceSheetStatements": [{"maxAge": 1, "endDate": "2020-06-30", "totalStockholderEquity": 946700000, "netTangibleAssets": 946700000}, {"maxAge": 1, "endDate": "2020-03-31", "cash": 50932000, "netReceivables": 128105000, "inventory": 245330000, "otherCurrentAssets": 110780000, "totalCurrentAssets": 535147000, "propertyPlantEquipment": 807699000, "intangibleAssets": 11000, "otherAssets": 45833000, "totalAssets": 1388690000, "accountsPayable": 87297000, "shortLongTermDebt": 24750000, "otherCurrentLiab": 18366000, "longTermDebt": 31640000, "otherLiab": 91352000, "totalCurrentLiabilities": 318954000, "totalLiab": 441946000, "commonStock": 124500000, "retainedEarnings": 831883000, "treasuryStock": -9639000, "otherStockholderEquity": -9639000, "totalStockholderEquity": 946744000, "netTangibleAssets": 946733000}, {"maxAge": 1, "endDate": "2019-12-31", "totalStockholderEquity": 917400000, "netTangibleAssets": 917400000}, {"maxAge": 1, "endDate": "2019-09-30", "cash": 47000000, "netReceivables": 182500000, "inventory": 209100000, "otherCurrentAssets": 98100000, "totalCurrentAssets": 536700000, "propertyPlantEquipment": 832400000, "otherAssets": 47900000, "totalAssets": 1417000000, "accountsPayable": 58000000, "otherCurrentLiab": 81600000, "longTermDebt": 55600000, "otherLiab": 101800000, "totalCurrentLiabilities": 342200000, "totalLiab": 499600000, "commonStock": 124500000, "treasuryStock": 792900000, "otherStockholderEquity": 792900000, "totalStockholderEquity": 917400000, "netTangibleAssets": 917400000}], "maxAge": 86400}, "earningsHistory": {"history": [{"maxAge": 1, "epsActual": {}, "epsEstimate": {}, "epsDifference": {}, "surprisePercent": {}, "quarter": {}, "period": "-4q"}, {"maxAge": 1, "epsActual": {}, "epsEstimate": {}, "epsDifference": {}, "surprisePercent": {}, "quarter": {}, "period": "-3q"}, {"maxAge": 1, "epsActual": {}, "epsEstimate": {}, "epsDifference": {}, "surprisePercent": {}, "quarter": {}, "period": "-2q"}, {"maxAge": 1, "epsActual": {}, "epsEstimate": {}, "epsDifference": {}, "surprisePercent": {}, "quarter": {}, "period": "-1q"}], "maxAge": 86400}, "indexTrend": {"maxAge": 1, "symbol": "SP5", "peRatio": 19.7411, "pegRatio": 1.34172, "estimates": [{"period": "0q", "growth": 0.549}, {"period": "+1q", "growth": 0.431}, {"period": "0y", "growth": 0.305}, {"period": "+1y", "growth": 0.109}, {"period": "+5y", "growth": 0.120859005}, {"period": "-5y"}]}, "industryTrend": {"maxAge": 1, "symbol": null, "estimates": []}, "quoteType": {"exchange": "BSE", "quoteType": "EQUITY", "symbol": "FLEXFO.BO", "underlyingSymbol": "FLEXFO.BO", "shortName": "FLEX FOODS LTD.", "longName": "Flex Foods Limited", "firstTradeDateEpochUtc": "2000-09-28 09:15:00", "timeZoneFullName": "Asia/Kolkata", "timeZoneShortName": "IST", "uuid": "607e904f-da17-39d4-baeb-845f3975304b", "gmtOffSetMilliseconds": 19800000, "maxAge": 1}, "incomeStatementHistory": {"incomeStatementHistory": [{"maxAge": 1, "endDate": "2020-03-31", "totalRevenue": 814960000, "costOfRevenue": 359055000, "grossProfit": 455905000, "researchDevelopment": {}, "sellingGeneralAdministrative": 329386000, "nonRecurring": {}, "otherOperatingExpenses": 9177000, "totalOperatingExpenses": 751809000, "operatingIncome": 63151000, "totalOtherIncomeExpenseNet": -6132000, "ebit": 63151000, "interestExpense": -13230000, "incomeBeforeTax": 57019000, "incomeTaxExpense": -10876000, "minorityInterest": {}, "netIncomeFromContinuingOps": 67895000, "discontinuedOperations": {}, "extraordinaryItems": {}, "effectOfAccountingCharges": {}, "otherItems": {}, "netIncome": 67895000, "netIncomeApplicableToCommonShares": 67895000}, {"maxAge": 1, "endDate": "2019-03-31", "totalRevenue": 853663000, "costOfRevenue": 335917000, "grossProfit": 517746000, "researchDevelopment": {}, "sellingGeneralAdministrative": 331094000, "nonRecurring": {}, "otherOperatingExpenses": 7625000, "totalOperatingExpenses": 727103000, "operatingIncome": 126560000, "totalOtherIncomeExpenseNet": -16651000, "ebit": 126560000, "interestExpense": -17239000, "incomeBeforeTax": 109909000, "incomeTaxExpense": -422000, "minorityInterest": {}, "netIncomeFromContinuingOps": 110331000, "discontinuedOperations": {}, "extraordinaryItems": {}, "effectOfAccountingCharges": {}, "otherItems": {}, "netIncome": 110331000, "netIncomeApplicableToCommonShares": 110331000}, {"maxAge": 1, "endDate": "2018-03-31", "totalRevenue": 912257000, "costOfRevenue": 404862000, "grossProfit": 507395000, "researchDevelopment": {}, "sellingGeneralAdministrative": 333846000, "nonRecurring": {}, "otherOperatingExpenses": 4846000, "totalOperatingExpenses": 793570000, "operatingIncome": 118687000, "totalOtherIncomeExpenseNet": -11783000, "ebit": 118687000, "interestExpense": -20246000, "incomeBeforeTax": 106904000, "incomeTaxExpense": 38826000, "minorityInterest": {}, "netIncomeFromContinuingOps": 68078000, "discontinuedOperations": {}, "extraordinaryItems": {}, "effectOfAccountingCharges": {}, "otherItems": {}, "netIncome": 68078000, "netIncomeApplicableToCommonShares": 68078000}, {"maxAge": 1, "endDate": "2017-03-31", "totalRevenue": 851468000, "costOfRevenue": 337449000, "grossProfit": 514019000, "researchDevelopment": {}, "sellingGeneralAdministrative": 323582000, "nonRecurring": {}, "otherOperatingExpenses": -141000, "totalOperatingExpenses": 709517000, "operatingIncome": 141951000, "totalOtherIncomeExpenseNet": -29736000, "ebit": 141951000, "interestExpense": -31962000, "incomeBeforeTax": 112215000, "incomeTaxExpense": 33761000, "minorityInterest": {}, "netIncomeFromContinuingOps": 78454000, "discontinuedOperations": {}, "extraordinaryItems": {}, "effectOfAccountingCharges": {}, "otherItems": {}, "netIncome": 78454000, "netIncomeApplicableToCommonShares": 78454000}], "maxAge": 86400}, "fundOwnership": {"ownershipList": [], "maxAge": 1}, "summaryDetail": {"maxAge": 1, "priceHint": 2, "previousClose": 77.5, "open": 78.0, "dayLow": 75.35, "dayHigh": 78.9, "regularMarketPreviousClose": 77.5, "regularMarketOpen": 78.0, "regularMarketDayLow": 75.35, "regularMarketDayHigh": 78.9, "trailingPE": 14.126223, "volume": 10576, "regularMarketVolume": 10576, "averageVolume": 26439, "averageVolume10days": 9156, "averageDailyVolume10Day": 9156, "bid": 76.75, "ask": 76.75, "bidSize": 0, "askSize": 0, "marketCap": 953047552, "fiftyTwoWeekLow": 22.0, "fiftyTwoWeekHigh": 91.5, "fiftyDayAverage": 74.95303, "twoHundredDayAverage": 63.725735, "trailingAnnualDividendRate": 0.75, "trailingAnnualDividendYield": 0.009677419, "currency": "INR", "fromCurrency": null, "lastMarket": null, "algorithm": null, "tradeable": false}, "sectorTrend": {"maxAge": 1, "symbol": null, "estimates": []}, "incomeStatementHistoryQuarterly": {"incomeStatementHistory": [{"maxAge": 1, "endDate": "2020-06-30", "totalRevenue": 178000000, "costOfRevenue": 32700000, "grossProfit": 145300000, "researchDevelopment": {}, "sellingGeneralAdministrative": 43000000, "nonRecurring": {}, "otherOperatingExpenses": 54500000, "totalOperatingExpenses": 143200000, "operatingIncome": 34800000, "totalOtherIncomeExpenseNet": 4200000, "ebit": 34800000, "interestExpense": -4700000, "incomeBeforeTax": 39000000, "incomeTaxExpense": 10000000, "minorityInterest": {}, "netIncomeFromContinuingOps": 29000000, "discontinuedOperations": {}, "extraordinaryItems": {}, "effectOfAccountingCharges": {}, "otherItems": {}, "netIncome": 29000000, "netIncomeApplicableToCommonShares": 29000000}, {"maxAge": 1, "endDate": "2020-03-31", "totalRevenue": 168660000, "costOfRevenue": 129055000, "grossProfit": 39605000, "researchDevelopment": {}, "sellingGeneralAdministrative": 190386000, "nonRecurring": {}, "otherOperatingExpenses": -176223000, "totalOperatingExpenses": 156609000, "operatingIncome": 12051000, "totalOtherIncomeExpenseNet": 1168000, "ebit": 12051000, "interestExpense": -4700000, "incomeBeforeTax": 13219000, "incomeTaxExpense": -8576000, "minorityInterest": {}, "netIncomeFromContinuingOps": 21795000, "discontinuedOperations": {}, "extraordinaryItems": {}, "effectOfAccountingCharges": {}, "otherItems": {}, "netIncome": 21795000, "netIncomeApplicableToCommonShares": 21795000}, {"maxAge": 1, "endDate": "2019-12-31", "totalRevenue": 201300000, "costOfRevenue": 75500000, "grossProfit": 125800000, "researchDevelopment": {}, "sellingGeneralAdministrative": 47200000, "nonRecurring": {}, "otherOperatingExpenses": 56200000, "totalOperatingExpenses": 192600000, "operatingIncome": 8700000, "totalOtherIncomeExpenseNet": -1900000, "ebit": 8700000, "interestExpense": -6000000, "incomeBeforeTax": 6800000, "incomeTaxExpense": -3400000, "minorityInterest": {}, "netIncomeFromContinuingOps": 10200000, "discontinuedOperations": {}, "extraordinaryItems": {}, "effectOfAccountingCharges": {}, "otherItems": {}, "netIncome": 10200000, "netIncomeApplicableToCommonShares": 10200000}, {"maxAge": 1, "endDate": "2019-09-30", "totalRevenue": 239500000, "costOfRevenue": 102300000, "grossProfit": 137200000, "researchDevelopment": {}, "sellingGeneralAdministrative": 47200000, "nonRecurring": {}, "otherOperatingExpenses": 67100000, "totalOperatingExpenses": 230300000, "operatingIncome": 9200000, "totalOtherIncomeExpenseNet": -3000000, "ebit": 9200000, "interestExpense": -7600000, "incomeBeforeTax": 6200000, "incomeTaxExpense": -300000, "minorityInterest": {}, "netIncomeFromContinuingOps": 6500000, "discontinuedOperations": {}, "extraordinaryItems": {}, "effectOfAccountingCharges": {}, "otherItems": {}, "netIncome": 6500000, "netIncomeApplicableToCommonShares": 6500000}], "maxAge": 86400}, "cashflowStatementHistoryQuarterly": {"cashflowStatements": [{"maxAge": 1, "endDate": "2020-06-30", "netIncome": 29000000, "changeToLiabilities": 0}, {"maxAge": 1, "endDate": "2020-03-31", "netIncome": 21795000, "changeToLiabilities": 0}, {"maxAge": 1, "endDate": "2019-12-31", "netIncome": 10200000, "changeToLiabilities": 0}, {"maxAge": 1, "endDate": "2019-09-30", "netIncome": 6500000, "changeToLiabilities": 0}], "maxAge": 86400}, "insiderHolders": {"holders": [], "maxAge": 1}, "earnings": {"maxAge": 86400, "earningsChart": {"quarterly": [], "earningsDate": ["2020-08-17 05:30:S"]}, "financialsChart": {"yearly": [{"date": 2017, "revenue": 851468000, "earnings": 78454000}, {"date": 2018, "revenue": 912257000, "earnings": 68078000}, {"date": 2019, "revenue": 853663000, "earnings": 110331000}, {"date": 2020, "revenue": 814960000, "earnings": 67895000}], "quarterly": [{"date": "3Q2019", "revenue": 239500000, "earnings": 6500000}, {"date": "4Q2019", "revenue": 201300000, "earnings": 10200000}, {"date": "1Q2020", "revenue": 168660000, "earnings": 21795000}, {"date": "2Q2020", "revenue": 178000000, "earnings": 29000000}]}, "financialCurrency": "INR"}, "calendarEvents": {"maxAge": 1, "earnings": {"earningsDate": ["2020-08-17 05:30:S"]}}, "upgradeDowngradeHistory": {"history": [], "maxAge": 86400}, "price": {"maxAge": 1, "regularMarketChangePercent": -0.012258026, "regularMarketChange": -0.94999695, "regularMarketTime": "2021-04-30 15:29:12", "priceHint": 2, "regularMarketPrice": 76.55, "regularMarketDayHigh": 78.9, "regularMarketDayLow": 75.35, "regularMarketVolume": 10576, "averageDailyVolume10Day": 9156, "averageDailyVolume3Month": 26439, "regularMarketPreviousClose": 77.5, "regularMarketSource": "FREE_REALTIME", "regularMarketOpen": 78.0, "exchange": "BSE", "exchangeName": "BSE", "exchangeDataDelayedBy": 0, "marketState": "CLOSED", "quoteType": "EQUITY", "symbol": "FLEXFO.BO", "underlyingSymbol": null, "shortName": "FLEX FOODS LTD.", "longName": "Flex Foods Limited", "currency": "INR", "quoteSourceName": "Delayed Quote", "currencySymbol": "\u20b9", "fromCurrency": null, "lastMarket": null, "marketCap": 953047552}, "balanceSheetHistory": {"balanceSheetStatements": [{"maxAge": 1, "endDate": "2020-03-31", "cash": 50932000, "netReceivables": 128105000, "inventory": 245330000, "otherCurrentAssets": 110780000, "totalCurrentAssets": 535147000, "propertyPlantEquipment": 807699000, "intangibleAssets": 11000, "otherAssets": 45833000, "totalAssets": 1388690000, "accountsPayable": 87297000, "shortLongTermDebt": 24750000, "otherCurrentLiab": 18366000, "longTermDebt": 31640000, "otherLiab": 91352000, "totalCurrentLiabilities": 318954000, "totalLiab": 441946000, "commonStock": 124500000, "retainedEarnings": 831883000, "treasuryStock": -9639000, "otherStockholderEquity": -9639000, "totalStockholderEquity": 946744000, "netTangibleAssets": 946733000}, {"maxAge": 1, "endDate": "2019-03-31", "cash": 36002000, "netReceivables": 170483000, "inventory": 211688000, "otherCurrentAssets": 108859000, "totalCurrentAssets": 527032000, "propertyPlantEquipment": 836479000, "intangibleAssets": 48000, "otherAssets": 44443000, "totalAssets": 1408002000, "accountsPayable": 63514000, "shortLongTermDebt": 33000000, "otherCurrentLiab": 20241000, "longTermDebt": 83131000, "otherLiab": 100181000, "totalCurrentLiabilities": 328130000, "totalLiab": 511442000, "commonStock": 124500000, "retainedEarnings": 778997000, "treasuryStock": -6937000, "otherStockholderEquity": -6937000, "totalStockholderEquity": 896560000, "netTangibleAssets": 896512000}, {"maxAge": 1, "endDate": "2018-03-31", "cash": 20168000, "netReceivables": 208018000, "inventory": 185610000, "otherCurrentAssets": 140049000, "totalCurrentAssets": 553845000, "propertyPlantEquipment": 813481000, "intangibleAssets": 97000, "otherAssets": 22757000, "totalAssets": 1390180000, "accountsPayable": 82769000, "shortLongTermDebt": 40498000, "otherCurrentLiab": 35014000, "longTermDebt": 141110000, "otherLiab": 113352000, "totalCurrentLiabilities": 346188000, "totalLiab": 600650000, "commonStock": 124500000, "retainedEarnings": 668666000, "treasuryStock": -3636000, "otherStockholderEquity": -3636000, "totalStockholderEquity": 789530000, "netTangibleAssets": 789433000}, {"maxAge": 1, "endDate": "2017-03-31", "cash": 74014000, "netReceivables": 206162000, "inventory": 206652000, "otherCurrentAssets": 144281000, "totalCurrentAssets": 631109000, "propertyPlantEquipment": 756130000, "intangibleAssets": 149000, "otherAssets": 20012000, "totalAssets": 1407400000, "accountsPayable": 98699000, "shortLongTermDebt": 51000000, "otherCurrentLiab": 27427000, "longTermDebt": 103086000, "otherLiab": 109155000, "totalCurrentLiabilities": 434030000, "totalLiab": 646271000, "commonStock": 124500000, "retainedEarnings": 638049000, "treasuryStock": -1420000, "otherStockholderEquity": -1420000, "totalStockholderEquity": 761129000, "netTangibleAssets": 760980000}], "maxAge": 86400}, "earningsTrend": {"trend": [{"maxAge": 1, "period": "0q", "endDate": null, "growth": {}, "earningsEstimate": {"avg": 0.0, "low": 0.0, "high": 0.0, "yearAgoEps": {}, "numberOfAnalysts": 0, "growth": {}}, "revenueEstimate": {"avg": 0, "low": 0, "high": 0, "numberOfAnalysts": 0, "yearAgoRevenue": {}, "growth": {}}, "epsTrend": {"current": 0.0, "7daysAgo": 0.0, "30daysAgo": 0.0, "60daysAgo": 0.0, "90daysAgo": 0.0}, "epsRevisions": {"upLast7days": 0, "upLast30days": 0, "downLast30days": 0, "downLast90days": {}}}, {"maxAge": 1, "period": "+1q", "endDate": null, "growth": {}, "earningsEstimate": {"avg": 0.0, "low": 0.0, "high": 0.0, "yearAgoEps": {}, "numberOfAnalysts": 0, "growth": {}}, "revenueEstimate": {"avg": 0, "low": 0, "high": 0, "numberOfAnalysts": 0, "yearAgoRevenue": {}, "growth": {}}, "epsTrend": {"current": 0.0, "7daysAgo": 0.0, "30daysAgo": 0.0, "60daysAgo": 0.0, "90daysAgo": 0.0}, "epsRevisions": {"upLast7days": 0, "upLast30days": 0, "downLast30days": 0, "downLast90days": {}}}, {"maxAge": 1, "period": "0y", "endDate": null, "growth": {}, "earningsEstimate": {"avg": 0.0, "low": 0.0, "high": 0.0, "yearAgoEps": {}, "numberOfAnalysts": 0, "growth": {}}, "revenueEstimate": {"avg": 0, "low": 0, "high": 0, "numberOfAnalysts": 0, "yearAgoRevenue": {}, "growth": {}}, "epsTrend": {"current": 0.0, "7daysAgo": 0.0, "30daysAgo": 0.0, "60daysAgo": 0.0, "90daysAgo": 0.0}, "epsRevisions": {"upLast7days": 0, "upLast30days": 0, "downLast30days": 0, "downLast90days": {}}}, {"maxAge": 1, "period": "+1y", "endDate": null, "growth": {}, "earningsEstimate": {"avg": 0.0, "low": 0.0, "high": 0.0, "yearAgoEps": {}, "numberOfAnalysts": 0, "growth": {}}, "revenueEstimate": {"avg": 0, "low": 0, "high": 0, "numberOfAnalysts": 0, "yearAgoRevenue": {}, "growth": {}}, "epsTrend": {"current": 0.0, "7daysAgo": 0.0, "30daysAgo": 0.0, "60daysAgo": 0.0, "90daysAgo": 0.0}, "epsRevisions": {"upLast7days": 0, "upLast30days": 0, "downLast30days": 0, "downLast90days": {}}}, {"maxAge": 1, "period": "+5y", "endDate": null, "growth": {}, "earningsEstimate": {"avg": {}, "low": {}, "high": {}, "yearAgoEps": {}, "numberOfAnalysts": {}, "growth": {}}, "revenueEstimate": {"avg": {}, "low": {}, "high": {}, "numberOfAnalysts": {}, "yearAgoRevenue": {}, "growth": {}}, "epsTrend": {"current": {}, "7daysAgo": {}, "30daysAgo": {}, "60daysAgo": {}, "90daysAgo": {}}, "epsRevisions": {"upLast7days": {}, "upLast30days": {}, "downLast30days": {}, "downLast90days": {}}}, {"maxAge": 1, "period": "-5y", "endDate": null, "growth": {}, "earningsEstimate": {"avg": {}, "low": {}, "high": {}, "yearAgoEps": {}, "numberOfAnalysts": {}, "growth": {}}, "revenueEstimate": {"avg": {}, "low": {}, "high": {}, "numberOfAnalysts": {}, "yearAgoRevenue": {}, "growth": {}}, "epsTrend": {"current": {}, "7daysAgo": {}, "30daysAgo": {}, "60daysAgo": {}, "90daysAgo": {}}, "epsRevisions": {"upLast7days": {}, "upLast30days": {}, "downLast30days": {}, "downLast90days": {}}}], "maxAge": 1}, "financialData": {"maxAge": 86400, "currentPrice": 76.55, "targetHighPrice": 65.0, "targetLowPrice": 65.0, "targetMeanPrice": 65.0, "targetMedianPrice": 65.0, "recommendationKey": "none", "numberOfAnalystOpinions": 1, "grossProfits": 455905000, "financialCurrency": "INR"}}}