{"FLEXITUFF.NS": {"assetProfile": {"address1": "C-41-50, SEZ", "address2": "Sector -3 District Dhar", "city": "Pithampur", "zip": "454775", "country": "India", "phone": "91 72 9242 0200", "fax": "91 72 9240 1684", "website": "http://www.flexituff.com", "industry": "Textile Manufacturing", "sector": "Consumer Cyclical", "longBusinessSummary": "Flexituff Ventures International Limited manufactures and sells woven and non-woven geo-textiles in India, the United States, Singapore, and internationally. It offers flexible intermediate bulk containers (FIBCs), including four loop and single/two loop bags, builder bags/tunnel lift bags, type C and D specialized bags, baffle bags, UN bags, ventilated bags, and FIBCs with special liners; reverse-printed biaxially oriented polypropylene woven bags; and non-woven floor covering carpets, interlining for apparels, non-woven filter fabrics, and synthetic leather substrates and shoe linings, as well as injection-molded drippers. The company also produces and sells geosynthetics, such as sand-tubular geomattresses, and flexicell products; and geosynthetics-gravity reinforced wall chains comprising inter-connected chambers, geocomposite geobags, and geotextile tubes, as well as geofil mattresses, dewatering geo tubes, and nonwoven geobags. It also exports its products to approximately 60 countries. The company was formerly known as Flexituff International Limited and changed its name to Flexituff Ventures International Limited in September 2018. Flexituff Ventures International Limited was incorporated in 1993 and is based in Pithampur, India.", "fullTimeEmployees": 7912, "companyOfficers": [{"maxAge": 1, "name": "Mr. Saurabh  Kalani", "age": 58, "title": "COO & Whole Time Director", "yearBorn": 1962, "fiscalYear": 2020, "totalPay": 2850000, "exercisedValue": 0, "unexercisedValue": 0}, {"maxAge": 1, "name": "Mr. Anand  Khandelwal", "age": 53, "title": "Whole-Time Director", "yearBorn": 1967, "fiscalYear": 2020, "totalPay": 1010000, "exercisedValue": 0, "unexercisedValue": 0}, {"maxAge": 1, "name": "Mr. Kartikeya  Kalani", "title": "Pres", "fiscalYear": 2017, "exercisedValue": 0, "unexercisedValue": 0}, {"maxAge": 1, "name": "Mr. Rahul  Bidasaria", "age": 53, "title": "Pres of Technical Co-Ordination", "yearBorn": 1967, "exercisedValue": 0, "unexercisedValue": 0}, {"maxAge": 1, "name": "Mr. Vinod  Sharma", "age": 49, "title": "Chief Scientific Officer", "yearBorn": 1971, "exercisedValue": 0, "unexercisedValue": 0}, {"maxAge": 1, "name": "Mr. Rishabh Kumar Jain", "age": 40, "title": "Company Sec. & Compliance Officer", "yearBorn": 1980, "fiscalYear": 2017, "exercisedValue": 0, "unexercisedValue": 0}, {"maxAge": 1, "name": "Mr. P. A. Jose", "age": 65, "title": "VP of Marketing", "yearBorn": 1955, "exercisedValue": 0, "unexercisedValue": 0}, {"maxAge": 1, "name": "Mr. Manoj Kumar Dwivedi", "age": 54, "title": "VP of Human Resource & Productivity", "yearBorn": 1966, "fiscalYear": 2015, "exercisedValue": 0, "unexercisedValue": 0}, {"maxAge": 1, "name": "Mr. P. S. Saravanan", "age": 48, "title": "Bus. Head of Micro Irrigation", "yearBorn": 1972, "exercisedValue": 0, "unexercisedValue": 0}, {"maxAge": 1, "name": "Mr. Rajeeva  Upadhyay", "age": 51, "title": "Country Head of Geo-Synthetics", "yearBorn": 1969, "exercisedValue": 0, "unexercisedValue": 0}], "compensationAsOfEpochDate": "2020-12-31 05:30:00", "maxAge": 86400}, "recommendationTrend": {"trend": [{"period": "0m", "strongBuy": 0, "buy": 0, "hold": 0, "sell": 0, "strongSell": 0}, {"period": "-1m", "strongBuy": 0, "buy": 0, "hold": 0, "sell": 0, "strongSell": 0}, {"period": "-2m", "strongBuy": 0, "buy": 0, "hold": 0, "sell": 0, "strongSell": 0}, {"period": "-3m", "strongBuy": 0, "buy": 0, "hold": 0, "sell": 0, "strongSell": 0}], "maxAge": 86400}, "cashflowStatementHistory": {"cashflowStatements": [{"maxAge": 1, "endDate": "2020-03-31", "netIncome": -1685230000, "depreciation": 633890000, "changeToNetincome": 780930000, "changeToAccountReceivables": 1159390000, "changeToLiabilities": -908650000, "changeToInventory": 203910000, "changeToOperatingActivities": 645590000, "totalCashFromOperatingActivities": 949720000, "capitalExpenditures": -439280000, "investments": 87780000, "otherCashflowsFromInvestingActivities": 28160000, "totalCashflowsFromInvestingActivities": -223230000, "netBorrowings": -120320000, "otherCashflowsFromFinancingActivities": -587960000, "totalCashFromFinancingActivities": -708280000, "changeInCash": 18210000}, {"maxAge": 1, "endDate": "2019-03-31", "netIncome": -231220000, "depreciation": 618040000, "changeToNetincome": 949370000, "changeToAccountReceivables": -257090000, "changeToLiabilities": 215850000, "changeToInventory": 782590000, "changeToOperatingActivities": -835720000, "totalCashFromOperatingActivities": 1328100000, "capitalExpenditures": -350200000, "investments": -10000, "otherCashflowsFromInvestingActivities": 57050000, "totalCashflowsFromInvestingActivities": -317470000, "netBorrowings": -14580000, "otherCashflowsFromFinancingActivities": -1037590000, "totalCashFromFinancingActivities": -1052170000, "changeInCash": -41540000}, {"maxAge": 1, "endDate": "2018-03-31", "netIncome": -35810000, "depreciation": 687430000, "changeToNetincome": 1002240000, "changeToAccountReceivables": 702140000, "changeToLiabilities": 60200000, "changeToInventory": -155340000, "changeToOperatingActivities": -437480000, "totalCashFromOperatingActivities": 1892730000, "capitalExpenditures": -273130000, "investments": -10000, "otherCashflowsFromInvestingActivities": 29520000, "totalCashflowsFromInvestingActivities": -333410000, "netBorrowings": -522530000, "otherCashflowsFromFinancingActivities": -1111900000, "totalCashFromFinancingActivities": -1634430000, "changeInCash": -75110000}, {"maxAge": 1, "endDate": "2017-03-31", "netIncome": 45030000, "depreciation": 629030000, "changeToNetincome": 1105990000, "changeToAccountReceivables": -551410000, "changeToLiabilities": -97240000, "changeToInventory": -492300000, "changeToOperatingActivities": -473400000, "totalCashFromOperatingActivities": 232700000, "capitalExpenditures": -226140000, "investments": -10000, "otherCashflowsFromInvestingActivities": 30350000, "totalCashflowsFromInvestingActivities": -309300000, "netBorrowings": 1123070000, "otherCashflowsFromFinancingActivities": -1096250000, "totalCashFromFinancingActivities": 26820000, "changeInCash": -49780000}], "maxAge": 86400}, "indexTrend": {"maxAge": 1, "symbol": "SP5", "peRatio": 19.7411, "pegRatio": 1.34172, "estimates": [{"period": "0q", "growth": 0.549}, {"period": "+1q", "growth": 0.431}, {"period": "0y", "growth": 0.305}, {"period": "+1y", "growth": 0.109}, {"period": "+5y", "growth": 0.120865}, {"period": "-5y"}]}, "defaultKeyStatistics": {"maxAge": 1, "priceHint": 2, "enterpriseValue": 3483785728, "profitMargins": -0.08728, "floatShares": 8601856, "sharesOutstanding": 24882800, "heldPercentInsiders": 0.65433997, "heldPercentInstitutions": 0.12943, "beta": 3.089081, "category": null, "bookValue": 46.548, "priceToBook": 0.47585288, "fundFamily": null, "legalType": null, "lastFiscalYearEnd": "2020-03-31 05:30:00", "nextFiscalYearEnd": "2022-03-31 05:30:00", "mostRecentQuarter": "2020-12-31 05:30:00", "netIncomeToCommon": -663577024, "trailingEps": -26.672, "lastSplitFactor": null, "enterpriseToRevenue": 0.458, "enterpriseToEbitda": -8.557, "52WeekChange": 2.8521738, "SandP52WeekChange": 0.48148263, "lastDividendValue": 1.0, "lastDividendDate": 1442793600}, "industryTrend": {"maxAge": 1, "symbol": null, "estimates": []}, "quoteType": {"exchange": "NSI", "quoteType": "EQUITY", "symbol": "FLEXITUFF.NS", "underlyingSymbol": "FLEXITUFF.NS", "shortName": "FLEXITUFF VENTURES", "longName": "Flexituff Ventures International Limited", "firstTradeDateEpochUtc": "2011-10-19 09:15:00", "timeZoneFullName": "Asia/Kolkata", "timeZoneShortName": "IST", "uuid": "e466eca2-e59b-3f53-a025-122aca94640a", "messageBoardId": "finmb_49711453", "gmtOffSetMilliseconds": 19800000, "maxAge": 1}, "incomeStatementHistory": {"incomeStatementHistory": [{"maxAge": 1, "endDate": "2020-03-31", "totalRevenue": 8852090000, "costOfRevenue": 6127990000, "grossProfit": 2724100000, "researchDevelopment": {}, "sellingGeneralAdministrative": 1841980000, "nonRecurring": {}, "otherOperatingExpenses": 1278610000, "totalOperatingExpenses": 10264860000, "operatingIncome": -1412770000, "totalOtherIncomeExpenseNet": -596260000, "ebit": -1412770000, "interestExpense": -738460000, "incomeBeforeTax": -2009030000, "incomeTaxExpense": -319350000, "minorityInterest": -17970000, "netIncomeFromContinuingOps": -1689680000, "discontinuedOperations": {}, "extraordinaryItems": {}, "effectOfAccountingCharges": {}, "otherItems": {}, "netIncome": -1685230000, "netIncomeApplicableToCommonShares": -1685230000}, {"maxAge": 1, "endDate": "2019-03-31", "totalRevenue": 12452150000, "costOfRevenue": 7673430000, "grossProfit": 4778720000, "researchDevelopment": {}, "sellingGeneralAdministrative": 2044500000, "nonRecurring": {}, "otherOperatingExpenses": 1423160000, "totalOperatingExpenses": 11845150000, "operatingIncome": 607000000, "totalOtherIncomeExpenseNet": -902030000, "ebit": 607000000, "interestExpense": -1091690000, "incomeBeforeTax": -295030000, "incomeTaxExpense": -56290000, "minorityInterest": -13520000, "netIncomeFromContinuingOps": -238740000, "discontinuedOperations": 3210000, "extraordinaryItems": {}, "effectOfAccountingCharges": {}, "otherItems": {}, "netIncome": -231220000, "netIncomeApplicableToCommonShares": -231220000}, {"maxAge": 1, "endDate": "2018-03-31", "totalRevenue": 12608480000, "costOfRevenue": 7447690000, "grossProfit": 5160790000, "researchDevelopment": {}, "sellingGeneralAdministrative": 2110410000, "nonRecurring": {}, "otherOperatingExpenses": 1455680000, "totalOperatingExpenses": 11805690000, "operatingIncome": 802790000, "totalOtherIncomeExpenseNet": -816860000, "ebit": 802790000, "interestExpense": -1116720000, "incomeBeforeTax": -14070000, "incomeTaxExpense": 29250000, "minorityInterest": -9210000, "netIncomeFromContinuingOps": -43320000, "discontinuedOperations": 3210000, "extraordinaryItems": {}, "effectOfAccountingCharges": {}, "otherItems": {}, "netIncome": -35810000, "netIncomeApplicableToCommonShares": -35810000}, {"maxAge": 1, "endDate": "2017-03-31", "totalRevenue": 14566950000, "costOfRevenue": 9327840000, "grossProfit": 5239110000, "researchDevelopment": {}, "sellingGeneralAdministrative": 1926490000, "nonRecurring": {}, "otherOperatingExpenses": 1470880000, "totalOperatingExpenses": 13420980000, "operatingIncome": 1145970000, "totalOtherIncomeExpenseNet": -1096140000, "ebit": 1145970000, "interestExpense": -1084520000, "incomeBeforeTax": 49830000, "incomeTaxExpense": 8190000, "minorityInterest": -1700000, "netIncomeFromContinuingOps": 41640000, "discontinuedOperations": 3210000, "extraordinaryItems": {}, "effectOfAccountingCharges": {}, "otherItems": {}, "netIncome": 45030000, "netIncomeApplicableToCommonShares": 45030000}], "maxAge": 86400}, "fundOwnership": {"maxAge": 1, "ownershipList": []}, "summaryDetail": {"maxAge": 1, "priceHint": 2, "previousClose": 21.1, "open": 22.1, "dayLow": 21.6, "dayHigh": 22.15, "regularMarketPreviousClose": 21.1, "regularMarketOpen": 22.1, "regularMarketDayLow": 21.6, "regularMarketDayHigh": 22.15, "exDividendDate": "2015-09-21 05:30:00", "payoutRatio": 0.0, "beta": 3.089081, "volume": 4080, "regularMarketVolume": 4080, "averageVolume": 18823, "averageVolume10days": 3838, "averageDailyVolume10Day": 3838, "bid": 0.0, "ask": 0.0, "bidSize": 0, "askSize": 0, "marketCap": 569438848, "fiftyTwoWeekLow": 3.35, "fiftyTwoWeekHigh": 27.65, "priceToSalesTrailing12Months": 0.074900165, "fiftyDayAverage": 21.421211, "twoHundredDayAverage": 16.853191, "trailingAnnualDividendRate": 1.0, "trailingAnnualDividendYield": 0.047393363, "currency": "INR", "fromCurrency": null, "toCurrency": null, "lastMarket": null, "algorithm": null, "tradeable": false}, "insiderHolders": {"holders": [{"maxAge": 1, "name": "Anshunman Properties Pvt Ltd", "relation": "Promoter", "url": "", "transactionDescription": "Acquisition", "latestTransDate": "2016-01-16", "positionDirect": 946565, "positionDirectDate": "2016-01-16"}, {"maxAge": 1, "name": "Clearwater Capital Partners (Cyprus) Ltd", "relation": "Institution- Corporation", "url": "", "transactionDescription": "Sale", "latestTransDate": "2020-06-23", "positionDirect": 0, "positionDirectDate": "2020-06-23"}, {"maxAge": 1, "name": "Kalani Industries Pvt Ltd", "relation": "Promoter", "url": "", "transactionDescription": "Acquisition", "latestTransDate": "2012-07-17", "positionDirect": 3621730, "positionDirectDate": "2012-07-17"}, {"maxAge": 1, "name": "Miscellani Global Pvt Ltd", "relation": "Promoter", "url": "", "transactionDescription": "Acquisition", "latestTransDate": "2013-02-06", "positionDirect": 1359163, "positionDirectDate": "2013-02-06"}, {"maxAge": 1, "name": "Sanovi Trading Pvt Ltd", "relation": "Promoter", "url": "", "transactionDescription": "Acquisition", "latestTransDate": "2012-09-17", "positionDirect": 1008066, "positionDirectDate": "2012-09-17"}, {"maxAge": 1, "name": "Sharma (Dinesh Kumar)", "relation": "Compliance officer", "url": "", "transactionDescription": "Acquisition", "latestTransDate": "2012-02-16", "positionDirect": 1800, "positionDirectDate": "2012-02-16"}, {"maxAge": 1, "name": "TPG Growth II SF Pte Ltd", "relation": "Private Equity", "url": "", "transactionDescription": "Acquisition", "latestTransDate": "2013-03-15", "positionDirect": 1227273, "positionDirectDate": "2013-03-15"}], "maxAge": 1}, "calendarEvents": {"maxAge": 1, "earnings": {"earningsDate": []}, "exDividendDate": "2015-09-21 05:30:00"}, "price": {"maxAge": 1, "regularMarketChangePercent": 0.049762998, "regularMarketChange": 1.0499992, "regularMarketTime": "2021-04-30 15:26:03", "priceHint": 2, "regularMarketPrice": 22.15, "regularMarketDayHigh": 22.15, "regularMarketDayLow": 21.6, "regularMarketVolume": 4080, "averageDailyVolume10Day": 3838, "averageDailyVolume3Month": 18823, "regularMarketPreviousClose": 21.1, "regularMarketSource": "FREE_REALTIME", "regularMarketOpen": 22.1, "exchange": "NSI", "exchangeName": "NSE", "exchangeDataDelayedBy": 15, "marketState": "CLOSED", "quoteType": "EQUITY", "symbol": "FLEXITUFF.NS", "underlyingSymbol": null, "shortName": "FLEXITUFF VENTURES", "longName": "Flexituff Ventures International Limited", "currency": "INR", "quoteSourceName": "Delayed Quote", "currencySymbol": "\u20b9", "fromCurrency": null, "toCurrency": null, "lastMarket": null, "marketCap": 569438848}, "balanceSheetHistory": {"balanceSheetStatements": [{"maxAge": 1, "endDate": "2020-03-31", "cash": 66420000, "shortTermInvestments": 57160000, "netReceivables": 2580820000, "inventory": 1401710000, "otherCurrentAssets": 1309010000, "totalCurrentAssets": 5432750000, "longTermInvestments": 39550000, "propertyPlantEquipment": 5199550000, "intangibleAssets": 477260000, "otherAssets": 443960000, "deferredLongTermAssetCharges": 279770000, "totalAssets": 11593070000, "accountsPayable": 1721130000, "shortLongTermDebt": 3569140000, "otherCurrentLiab": 171810000, "longTermDebt": 187940000, "otherLiab": 45850000, "minorityInterest": -17970000, "totalCurrentLiabilities": 9407670000, "totalLiab": 9653650000, "commonStock": 248830000, "retainedEarnings": -346510000, "capitalSurplus": 2055070000, "totalStockholderEquity": 1957390000, "netTangibleAssets": 1480130000}, {"maxAge": 1, "endDate": "2019-03-31", "cash": 48210000, "shortTermInvestments": 165570000, "netReceivables": 4110800000, "inventory": 1605620000, "otherCurrentAssets": 1839110000, "totalCurrentAssets": 7781130000, "longTermInvestments": 127330000, "propertyPlantEquipment": 5491110000, "intangibleAssets": 577370000, "otherAssets": 177630000, "totalAssets": 14154570000, "accountsPayable": 2624860000, "shortLongTermDebt": 1731670000, "otherCurrentLiab": 130550000, "longTermDebt": 2858560000, "otherLiab": 90510000, "minorityInterest": -13520000, "totalCurrentLiabilities": 7582140000, "totalLiab": 10531210000, "commonStock": 248830000, "retainedEarnings": 1332980000, "treasuryStock": 3388043000, "capitalSurplus": 2055070000, "otherStockholderEquity": 3388043000, "totalStockholderEquity": 3636880000, "netTangibleAssets": 3059510000}, {"maxAge": 1, "endDate": "2018-03-31", "cash": 89750000, "shortTermInvestments": 72380000, "netReceivables": 3837050000, "inventory": 2391400000, "otherCurrentAssets": 1263330000, "totalCurrentAssets": 7691020000, "longTermInvestments": 155950000, "propertyPlantEquipment": 5874980000, "intangibleAssets": 537910000, "otherAssets": 143930000, "totalAssets": 14403790000, "accountsPayable": 2573590000, "shortLongTermDebt": 2366010000, "otherCurrentLiab": 144830000, "longTermDebt": 2125780000, "otherLiab": 165290000, "minorityInterest": -9210000, "totalCurrentLiabilities": 8186040000, "totalLiab": 10542930000, "commonStock": 248830000, "retainedEarnings": 1547360000, "treasuryStock": 18810000, "capitalSurplus": 2055070000, "otherStockholderEquity": 18810000, "totalStockholderEquity": 3870070000, "netTangibleAssets": 3332160000}, {"maxAge": 1, "endDate": "2017-03-31", "cash": 164860000, "shortTermInvestments": 109460000, "netReceivables": 4461490000, "inventory": 2236060000, "otherCurrentAssets": 786950000, "totalCurrentAssets": 7786530000, "longTermInvestments": 102790000, "propertyPlantEquipment": 6390290000, "intangibleAssets": 448110000, "otherAssets": 138200000, "totalAssets": 14865920000, "accountsPayable": 2513400000, "shortLongTermDebt": 466440000, "otherCurrentLiab": 132030000, "longTermDebt": 4461840000, "otherLiab": 146800000, "minorityInterest": -1700000, "totalCurrentLiabilities": 6337830000, "totalLiab": 10954930000, "commonStock": 248830000, "retainedEarnings": 1578710000, "treasuryStock": 30080000, "capitalSurplus": 2055070000, "otherStockholderEquity": 30080000, "totalStockholderEquity": 3912690000, "netTangibleAssets": 3464580000}], "maxAge": 86400}, "earningsTrend": {"trend": [{"maxAge": 1, "period": "0q", "endDate": null, "growth": {}, "earningsEstimate": {"avg": 0.0, "low": 0.0, "high": 0.0, "yearAgoEps": {}, "numberOfAnalysts": 0, "growth": {}}, "revenueEstimate": {"avg": 0, "low": 0, "high": 0, "numberOfAnalysts": 0, "yearAgoRevenue": {}, "growth": {}}, "epsTrend": {"current": 0.0, "7daysAgo": 0.0, "30daysAgo": 0.0, "60daysAgo": 0.0, "90daysAgo": 0.0}, "epsRevisions": {"upLast7days": 0, "upLast30days": 0, "downLast30days": 0, "downLast90days": {}}}, {"maxAge": 1, "period": "+1q", "endDate": null, "growth": {}, "earningsEstimate": {"avg": 0.0, "low": 0.0, "high": 0.0, "yearAgoEps": {}, "numberOfAnalysts": 0, "growth": {}}, "revenueEstimate": {"avg": 0, "low": 0, "high": 0, "numberOfAnalysts": 0, "yearAgoRevenue": {}, "growth": {}}, "epsTrend": {"current": 0.0, "7daysAgo": 0.0, "30daysAgo": 0.0, "60daysAgo": 0.0, "90daysAgo": 0.0}, "epsRevisions": {"upLast7days": 0, "upLast30days": 0, "downLast30days": 0, "downLast90days": {}}}, {"maxAge": 1, "period": "0y", "endDate": null, "growth": {}, "earningsEstimate": {"avg": 0.0, "low": 0.0, "high": 0.0, "yearAgoEps": {}, "numberOfAnalysts": 0, "growth": {}}, "revenueEstimate": {"avg": 0, "low": 0, "high": 0, "numberOfAnalysts": 0, "yearAgoRevenue": {}, "growth": {}}, "epsTrend": {"current": 0.0, "7daysAgo": 0.0, "30daysAgo": 0.0, "60daysAgo": 0.0, "90daysAgo": 0.0}, "epsRevisions": {"upLast7days": 0, "upLast30days": 0, "downLast30days": 0, "downLast90days": {}}}, {"maxAge": 1, "period": "+1y", "endDate": null, "growth": {}, "earningsEstimate": {"avg": 0.0, "low": 0.0, "high": 0.0, "yearAgoEps": {}, "numberOfAnalysts": 0, "growth": {}}, "revenueEstimate": {"avg": 0, "low": 0, "high": 0, "numberOfAnalysts": 0, "yearAgoRevenue": {}, "growth": {}}, "epsTrend": {"current": 0.0, "7daysAgo": 0.0, "30daysAgo": 0.0, "60daysAgo": 0.0, "90daysAgo": 0.0}, "epsRevisions": {"upLast7days": 0, "upLast30days": 0, "downLast30days": 0, "downLast90days": {}}}, {"maxAge": 1, "period": "+5y", "endDate": null, "growth": {}, "earningsEstimate": {"avg": {}, "low": {}, "high": {}, "yearAgoEps": {}, "numberOfAnalysts": {}, "growth": {}}, "revenueEstimate": {"avg": {}, "low": {}, "high": {}, "numberOfAnalysts": {}, "yearAgoRevenue": {}, "growth": {}}, "epsTrend": {"current": {}, "7daysAgo": {}, "30daysAgo": {}, "60daysAgo": {}, "90daysAgo": {}}, "epsRevisions": {"upLast7days": {}, "upLast30days": {}, "downLast30days": {}, "downLast90days": {}}}, {"maxAge": 1, "period": "-5y", "endDate": null, "growth": {}, "earningsEstimate": {"avg": {}, "low": {}, "high": {}, "yearAgoEps": {}, "numberOfAnalysts": {}, "growth": {}}, "revenueEstimate": {"avg": {}, "low": {}, "high": {}, "numberOfAnalysts": {}, "yearAgoRevenue": {}, "growth": {}}, "epsTrend": {"current": {}, "7daysAgo": {}, "30daysAgo": {}, "60daysAgo": {}, "90daysAgo": {}}, "epsRevisions": {"upLast7days": {}, "upLast30days": {}, "downLast30days": {}, "downLast90days": {}}}], "maxAge": 1}, "institutionOwnership": {"maxAge": 1, "ownershipList": []}, "majorHoldersBreakdown": {"maxAge": 1, "insidersPercentHeld": 0.65433997, "institutionsPercentHeld": 0.12943, "institutionsFloatPercentHeld": 0.37445998, "institutionsCount": 3}, "balanceSheetHistoryQuarterly": {"balanceSheetStatements": [{"maxAge": 1, "endDate": "2020-12-31", "totalStockholderEquity": 1158062000, "netTangibleAssets": 745517000}, {"maxAge": 1, "endDate": "2020-09-30", "cash": 112776000, "shortTermInvestments": 251254000, "netReceivables": 2434403000, "inventory": 1318448000, "otherCurrentAssets": 944994000, "totalCurrentAssets": 5061875000, "longTermInvestments": 156759000, "propertyPlantEquipment": 4856752000, "intangibleAssets": 412545000, "otherAssets": 610645000, "deferredLongTermAssetCharges": 560400000, "totalAssets": 11098576000, "accountsPayable": 2170791000, "otherCurrentLiab": 4417282000, "longTermDebt": 86914000, "otherLiab": 53541000, "minorityInterest": -22468000, "totalCurrentLiabilities": 9812165000, "totalLiab": 9962982000, "commonStock": 248828000, "treasuryStock": 909234000, "otherStockholderEquity": 909234000, "totalStockholderEquity": 1158062000, "netTangibleAssets": 745517000}, {"maxAge": 1, "endDate": "2020-06-30", "totalStockholderEquity": 1957386000, "netTangibleAssets": 1480124000}, {"maxAge": 1, "endDate": "2020-03-31", "cash": 66420000, "shortTermInvestments": 57160000, "netReceivables": 2580820000, "inventory": 1401710000, "otherCurrentAssets": 1309010000, "totalCurrentAssets": 5432750000, "longTermInvestments": 39550000, "propertyPlantEquipment": 5199550000, "intangibleAssets": 477260000, "otherAssets": 443960000, "deferredLongTermAssetCharges": 279770000, "totalAssets": 11593070000, "accountsPayable": 1721130000, "shortLongTermDebt": 3569140000, "otherCurrentLiab": 171810000, "longTermDebt": 187940000, "otherLiab": 45850000, "minorityInterest": -17970000, "totalCurrentLiabilities": 9407670000, "totalLiab": 9653650000, "commonStock": 248830000, "retainedEarnings": -346510000, "capitalSurplus": 2055070000, "totalStockholderEquity": 1957390000, "netTangibleAssets": 1480130000}], "maxAge": 86400}, "earningsHistory": {"history": [{"maxAge": 1, "epsActual": {}, "epsEstimate": {}, "epsDifference": {}, "surprisePercent": {}, "quarter": {}, "period": "-4q"}, {"maxAge": 1, "epsActual": {}, "epsEstimate": {}, "epsDifference": {}, "surprisePercent": {}, "quarter": {}, "period": "-3q"}, {"maxAge": 1, "epsActual": {}, "epsEstimate": {}, "epsDifference": {}, "surprisePercent": {}, "quarter": {}, "period": "-2q"}, {"maxAge": 1, "epsActual": {}, "epsEstimate": {}, "epsDifference": {}, "surprisePercent": {}, "quarter": {}, "period": "-1q"}], "maxAge": 86400}, "summaryProfile": {"address1": "C-41-50, SEZ", "address2": "Sector -3 District Dhar", "city": "Pithampur", "zip": "454775", "country": "India", "phone": "91 72 9242 0200", "fax": "91 72 9240 1684", "website": "http://www.flexituff.com", "industry": "Textile Manufacturing", "sector": "Consumer Cyclical", "longBusinessSummary": "Flexituff Ventures International Limited manufactures and sells woven and non-woven geo-textiles in India, the United States, Singapore, and internationally. It offers flexible intermediate bulk containers (FIBCs), including four loop and single/two loop bags, builder bags/tunnel lift bags, type C and D specialized bags, baffle bags, UN bags, ventilated bags, and FIBCs with special liners; reverse-printed biaxially oriented polypropylene woven bags; and non-woven floor covering carpets, interlining for apparels, non-woven filter fabrics, and synthetic leather substrates and shoe linings, as well as injection-molded drippers. The company also produces and sells geosynthetics, such as sand-tubular geomattresses, and flexicell products; and geosynthetics-gravity reinforced wall chains comprising inter-connected chambers, geocomposite geobags, and geotextile tubes, as well as geofil mattresses, dewatering geo tubes, and nonwoven geobags. It also exports its products to approximately 60 countries. The company was formerly known as Flexituff International Limited and changed its name to Flexituff Ventures International Limited in September 2018. Flexituff Ventures International Limited was incorporated in 1993 and is based in Pithampur, India.", "fullTimeEmployees": 7912, "companyOfficers": [], "maxAge": 86400}, "netSharePurchaseActivity": {"maxAge": 1, "period": "6m", "buyInfoCount": 0, "buyInfoShares": 0, "sellInfoCount": 0, "netInfoCount": 0, "netInfoShares": 0, "netPercentInsiderShares": 0.0, "totalInsiderShares": 16283453}, "insiderTransactions": {"transactions": [{"maxAge": 1, "shares": 774280, "filerUrl": "", "transactionText": "", "filerName": "Clearwater Capital Partners (Cyprus) Ltd", "filerRelation": "Institution- Corporation", "moneyText": "", "startDate": "2020-06-23", "ownership": "D"}, {"maxAge": 1, "shares": 498561, "filerUrl": "", "transactionText": "", "filerName": "Clearwater Capital Partners (Cyprus) Ltd", "filerRelation": "Institution- Corporation", "moneyText": "", "startDate": "2018-01-08", "ownership": "D"}, {"maxAge": 1, "shares": 100000, "filerUrl": "", "transactionText": "", "filerName": "Anshunman Properties Pvt Ltd", "filerRelation": "Promoter", "moneyText": "", "startDate": "2016-01-16", "ownership": "D"}, {"maxAge": 1, "shares": 100000, "filerUrl": "", "transactionText": "", "filerName": "Anshunman Properties Pvt Ltd", "filerRelation": "Promoter", "moneyText": "", "startDate": "2015-12-14", "ownership": "D"}, {"maxAge": 1, "shares": 1227273, "filerUrl": "", "transactionText": "", "filerName": "TPG Growth II SF Pte Ltd", "filerRelation": "Private Equity", "moneyText": "", "startDate": "2013-03-15", "ownership": "D"}, {"maxAge": 1, "shares": 2350, "filerUrl": "", "transactionText": "", "filerName": "Miscellani Global Pvt Ltd", "filerRelation": "Promoter", "moneyText": "", "startDate": "2013-02-06", "ownership": "D"}, {"maxAge": 1, "shares": 18900, "filerUrl": "", "transactionText": "", "filerName": "Sanovi Trading Pvt Ltd", "filerRelation": "Promoter", "moneyText": "", "startDate": "2012-09-17", "ownership": "D"}, {"maxAge": 1, "shares": 10666, "filerUrl": "", "transactionText": "", "filerName": "Sanovi Trading Pvt Ltd", "filerRelation": "Promoter", "moneyText": "", "startDate": "2012-09-14", "ownership": "D"}, {"maxAge": 1, "shares": 5500, "filerUrl": "", "transactionText": "", "filerName": "Sanovi Trading Pvt Ltd", "filerRelation": "Promoter", "moneyText": "", "startDate": "2012-09-11", "ownership": "D"}, {"maxAge": 1, "shares": 5450, "filerUrl": "", "transactionText": "", "filerName": "Sanovi Trading Pvt Ltd", "filerRelation": "Promoter", "moneyText": "", "startDate": "2012-09-07", "ownership": "D"}, {"maxAge": 1, "shares": 16750, "filerUrl": "", "transactionText": "", "filerName": "Sanovi Trading Pvt Ltd", "filerRelation": "Promoter", "moneyText": "", "startDate": "2012-09-05", "ownership": "D"}, {"maxAge": 1, "shares": 8100, "filerUrl": "", "transactionText": "", "filerName": "Sanovi Trading Pvt Ltd", "filerRelation": "Promoter", "moneyText": "", "startDate": "2012-09-04", "ownership": "D"}, {"maxAge": 1, "shares": 6000, "filerUrl": "", "transactionText": "", "filerName": "Sanovi Trading Pvt Ltd", "filerRelation": "Promoter", "moneyText": "", "startDate": "2012-08-29", "ownership": "D"}, {"maxAge": 1, "shares": 7000, "filerUrl": "", "transactionText": "", "filerName": "Miscellani Global Pvt Ltd", "filerRelation": "Promoter", "moneyText": "", "startDate": "2012-08-27", "ownership": "D"}, {"maxAge": 1, "shares": 3000, "filerUrl": "", "transactionText": "", "filerName": "Miscellani Global Pvt Ltd", "filerRelation": "Promoter", "moneyText": "", "startDate": "2012-08-24", "ownership": "D"}, {"maxAge": 1, "shares": 5650, "filerUrl": "", "transactionText": "", "filerName": "Miscellani Global Pvt Ltd", "filerRelation": "Promoter", "moneyText": "", "startDate": "2012-08-23", "ownership": "D"}, {"maxAge": 1, "shares": 10473, "filerUrl": "", "transactionText": "", "filerName": "Miscellani Global Pvt Ltd", "filerRelation": "Promoter", "moneyText": "", "startDate": "2012-08-22", "ownership": "D"}, {"maxAge": 1, "shares": 23000, "filerUrl": "", "transactionText": "", "filerName": "Miscellani Global Pvt Ltd", "filerRelation": "Promoter", "moneyText": "", "startDate": "2012-08-21", "ownership": "D"}, {"maxAge": 1, "shares": 11792, "filerUrl": "", "transactionText": "", "filerName": "Miscellani Global Pvt Ltd", "filerRelation": "Promoter", "moneyText": "", "startDate": "2012-08-13", "ownership": "D"}, {"maxAge": 1, "shares": 12500, "filerUrl": "", "transactionText": "", "filerName": "Miscellani Global Pvt Ltd", "filerRelation": "Promoter", "moneyText": "", "startDate": "2012-07-31", "ownership": "D"}, {"maxAge": 1, "shares": 8800, "filerUrl": "", "transactionText": "", "filerName": "Miscellani Global Pvt Ltd", "filerRelation": "Promoter", "moneyText": "", "startDate": "2012-07-26", "ownership": "D"}, {"maxAge": 1, "shares": 10078, "filerUrl": "", "transactionText": "", "filerName": "Miscellani Global Pvt Ltd", "filerRelation": "Promoter", "moneyText": "", "startDate": "2012-07-25", "ownership": "D"}, {"maxAge": 1, "shares": 857400, "filerUrl": "", "transactionText": "", "filerName": "Miscellani Global Pvt Ltd", "filerRelation": "Promoter", "moneyText": "", "startDate": "2012-07-24", "ownership": "D"}, {"maxAge": 1, "shares": 11911, "filerUrl": "", "transactionText": "", "filerName": "Kalani Industries Pvt Ltd", "filerRelation": "Promoter", "moneyText": "", "startDate": "2012-07-17", "ownership": "D"}, {"maxAge": 1, "shares": 904400, "filerUrl": "", "transactionText": "", "filerName": "Miscellani Global Pvt Ltd", "filerRelation": "Promoter", "moneyText": "", "startDate": "2012-03-29", "ownership": "D"}, {"maxAge": 1, "shares": 1800, "filerUrl": "", "transactionText": "", "filerName": "Sharma (Dinesh Kumar)", "filerRelation": "Compliance officer", "moneyText": "", "startDate": "2012-02-16", "ownership": "D"}], "maxAge": 1}, "sectorTrend": {"maxAge": 1, "symbol": null, "estimates": []}, "incomeStatementHistoryQuarterly": {"incomeStatementHistory": [{"maxAge": 1, "endDate": "2020-12-31", "totalRevenue": 2231352000, "costOfRevenue": 1283320000, "grossProfit": 948032000, "researchDevelopment": {}, "sellingGeneralAdministrative": 455740000, "nonRecurring": {}, "otherOperatingExpenses": 396962000, "totalOperatingExpenses": 2319590000, "operatingIncome": -88238000, "totalOtherIncomeExpenseNet": 433662000, "ebit": -88238000, "interestExpense": -199335000, "incomeBeforeTax": 345424000, "incomeTaxExpense": 126931000, "minorityInterest": {}, "netIncomeFromContinuingOps": 218493000, "discontinuedOperations": {}, "extraordinaryItems": {}, "effectOfAccountingCharges": {}, "otherItems": {}, "netIncome": 220235000, "netIncomeApplicableToCommonShares": 220235000}, {"maxAge": 1, "endDate": "2020-09-30", "totalRevenue": 2249721000, "costOfRevenue": 1434407000, "grossProfit": 815314000, "researchDevelopment": {}, "sellingGeneralAdministrative": 468706000, "nonRecurring": {}, "otherOperatingExpenses": 415262000, "totalOperatingExpenses": 2504132000, "operatingIncome": -254411000, "totalOtherIncomeExpenseNet": -128424000, "ebit": -254411000, "interestExpense": -158201000, "incomeBeforeTax": -382835000, "incomeTaxExpense": -281239000, "minorityInterest": -22468000, "netIncomeFromContinuingOps": -101596000, "discontinuedOperations": {}, "extraordinaryItems": {}, "effectOfAccountingCharges": {}, "otherItems": {}, "netIncome": -99267000, "netIncomeApplicableToCommonShares": -99267000}, {"maxAge": 1, "endDate": "2020-06-30", "totalRevenue": 1338065000, "costOfRevenue": 963061000, "grossProfit": 375004000, "researchDevelopment": {}, "sellingGeneralAdministrative": 328336000, "nonRecurring": {}, "otherOperatingExpenses": 405944000, "totalOperatingExpenses": 1887297000, "operatingIncome": -549232000, "totalOtherIncomeExpenseNet": -156165000, "ebit": -549232000, "interestExpense": -175764000, "incomeBeforeTax": -705397000, "incomeTaxExpense": -573000, "minorityInterest": -22468000, "netIncomeFromContinuingOps": -704824000, "discontinuedOperations": {}, "extraordinaryItems": {}, "effectOfAccountingCharges": {}, "otherItems": {}, "netIncome": -702659000, "netIncomeApplicableToCommonShares": -702659000}, {"maxAge": 1, "endDate": "2020-03-31", "totalRevenue": 1783500000, "costOfRevenue": 1140946000, "grossProfit": 642554000, "researchDevelopment": {}, "sellingGeneralAdministrative": 472014000, "nonRecurring": {}, "otherOperatingExpenses": -142198000, "totalOperatingExpenses": 1929227000, "operatingIncome": -145727000, "totalOtherIncomeExpenseNet": 63930000, "ebit": -145727000, "interestExpense": -175764000, "incomeBeforeTax": -81797000, "incomeTaxExpense": -3544000, "minorityInterest": -17970000, "netIncomeFromContinuingOps": -78253000, "discontinuedOperations": {}, "extraordinaryItems": {}, "effectOfAccountingCharges": {}, "otherItems": {}, "netIncome": -81886000, "netIncomeApplicableToCommonShares": -81886000}], "maxAge": 86400}, "cashflowStatementHistoryQuarterly": {"cashflowStatements": [{"maxAge": 1, "endDate": "2020-12-31", "netIncome": 220235000, "changeToLiabilities": 0}, {"maxAge": 1, "endDate": "2020-09-30", "netIncome": -99267000, "changeToLiabilities": 0}, {"maxAge": 1, "endDate": "2020-06-30", "netIncome": -702659000, "changeToLiabilities": 0}, {"maxAge": 1, "endDate": "2020-03-31", "netIncome": -81886000, "changeToLiabilities": 0}], "maxAge": 86400}, "earnings": {"maxAge": 86400, "earningsChart": {"quarterly": [], "earningsDate": []}, "financialsChart": {"yearly": [{"date": 2017, "revenue": 14566950000, "earnings": 45030000}, {"date": 2018, "revenue": 12608480000, "earnings": -35810000}, {"date": 2019, "revenue": 12452150000, "earnings": -231220000}, {"date": 2020, "revenue": 8852090000, "earnings": -1685230000}], "quarterly": [{"date": "1Q2020", "revenue": 1783500000, "earnings": -81886000}, {"date": "2Q2020", "revenue": 1338065000, "earnings": -702659000}, {"date": "3Q2020", "revenue": 2249721000, "earnings": -99267000}, {"date": "4Q2020", "revenue": 2231352000, "earnings": 220235000}]}, "financialCurrency": "INR"}, "financialData": {"maxAge": 86400, "currentPrice": 22.15, "targetHighPrice": 347.0, "targetLowPrice": 347.0, "targetMeanPrice": 347.0, "targetMedianPrice": 347.0, "recommendationKey": "none", "numberOfAnalystOpinions": 1, "totalCash": 364030016, "totalCashPerShare": 14.628, "ebitda": -407108000, "totalDebt": 3319074048, "totalRevenue": 7602637824, "debtToEquity": 292.276, "revenuePerShare": 305.585, "grossProfits": 2724100000, "revenueGrowth": 0.223, "grossMargins": 0.36578, "ebitdaMargins": -0.05355, "operatingMargins": -0.13648, "profitMargins": -0.08728, "financialCurrency": "INR"}}}