{"FLUIDOM.BO": {"recommendationTrend": {"trend": [{"period": "0m", "strongBuy": 0, "buy": 0, "hold": 0, "sell": 0, "strongSell": 0}, {"period": "-1m", "strongBuy": 0, "buy": 0, "hold": 0, "sell": 0, "strongSell": 0}, {"period": "-2m", "strongBuy": 0, "buy": 0, "hold": 0, "sell": 0, "strongSell": 0}, {"period": "-3m", "strongBuy": 0, "buy": 0, "hold": 0, "sell": 0, "strongSell": 0}], "maxAge": 86400}, "cashflowStatementHistory": {"cashflowStatements": [{"maxAge": 1, "endDate": "2020-03-31", "netIncome": 31905000, "depreciation": 6331000, "changeToNetincome": -13524000, "changeToAccountReceivables": 17936000, "changeToLiabilities": 2348000, "changeToInventory": -12047000, "totalCashFromOperatingActivities": 33219000, "capitalExpenditures": -6240000, "investments": -21202000, "otherCashflowsFromInvestingActivities": 12284000, "totalCashflowsFromInvestingActivities": -14210000, "dividendsPaid": -20940000, "netBorrowings": 8359000, "otherCashflowsFromFinancingActivities": -4304000, "totalCashFromFinancingActivities": -16885000, "changeInCash": 2124000}, {"maxAge": 1, "endDate": "2019-03-31", "netIncome": 23903000, "depreciation": 6979000, "changeToNetincome": -10119000, "changeToAccountReceivables": 4436000, "changeToLiabilities": 4296000, "changeToInventory": 3514000, "totalCashFromOperatingActivities": 33009000, "capitalExpenditures": -3177000, "investments": -30306000, "otherCashflowsFromInvestingActivities": 10669000, "totalCashflowsFromInvestingActivities": -22807000, "dividendsPaid": -8622000, "netBorrowings": 8359000, "otherCashflowsFromFinancingActivities": -1772000, "totalCashFromFinancingActivities": -10394000, "changeInCash": -192000}, {"maxAge": 1, "endDate": "2018-03-31", "netIncome": 23268000, "depreciation": 6987000, "changeToNetincome": -10837000, "changeToAccountReceivables": -16603000, "changeToLiabilities": 11584000, "changeToInventory": 11321000, "totalCashFromOperatingActivities": 25720000, "capitalExpenditures": -5685000, "investments": -14778000, "otherCashflowsFromInvestingActivities": 9982000, "totalCashflowsFromInvestingActivities": -10306000, "dividendsPaid": -8622000, "netBorrowings": -4075000, "otherCashflowsFromFinancingActivities": -1756000, "totalCashFromFinancingActivities": -14453000, "changeInCash": 961000}, {"maxAge": 1, "endDate": "2017-03-31", "netIncome": 27475000, "depreciation": 6874000, "changeToNetincome": -9765000, "changeToAccountReceivables": 34992000, "changeToLiabilities": 145000, "changeToInventory": 1545000, "totalCashFromOperatingActivities": 61266000, "capitalExpenditures": -5360000, "investments": -57406000, "otherCashflowsFromInvestingActivities": 9209000, "totalCashflowsFromInvestingActivities": -52856000, "dividendsPaid": -12317000, "netBorrowings": 4075000, "otherCashflowsFromFinancingActivities": -2508000, "totalCashFromFinancingActivities": -10750000, "changeInCash": -2340000}], "maxAge": 86400}, "institutionOwnership": {"maxAge": 1, "ownershipList": []}, "balanceSheetHistoryQuarterly": {"balanceSheetStatements": [{"maxAge": 1, "endDate": "2020-06-30", "totalStockholderEquity": 327766000, "netTangibleAssets": 326970000}, {"maxAge": 1, "endDate": "2020-03-31", "cash": 3188000, "shortTermInvestments": 56157000, "netReceivables": 84038000, "inventory": 54159000, "otherCurrentAssets": 7088000, "totalCurrentAssets": 204630000, "longTermInvestments": 124386000, "propertyPlantEquipment": 70319000, "intangibleAssets": 796000, "otherAssets": 10247000, "totalAssets": 410378000, "accountsPayable": 29871000, "otherCurrentLiab": 27897000, "otherLiab": 9307000, "totalCurrentLiabilities": 73305000, "totalLiab": 82612000, "commonStock": 49270000, "retainedEarnings": 274381000, "treasuryStock": 4115000, "otherStockholderEquity": 4115000, "totalStockholderEquity": 327766000, "netTangibleAssets": 326970000}, {"maxAge": 1, "endDate": "2019-12-31", "totalStockholderEquity": 337394000, "netTangibleAssets": 336464000}, {"maxAge": 1, "endDate": "2019-09-30", "cash": 13388000, "shortTermInvestments": 58001000, "netReceivables": 102761000, "inventory": 49207000, "otherCurrentAssets": 2555000, "totalCurrentAssets": 225912000, "longTermInvestments": 117907000, "propertyPlantEquipment": 69913000, "intangibleAssets": 930000, "otherAssets": 2921000, "totalAssets": 417583000, "accountsPayable": 17889000, "otherCurrentLiab": 31162000, "otherLiab": 10757000, "totalCurrentLiabilities": 69432000, "totalLiab": 80189000, "commonStock": 49270000, "treasuryStock": 288124000, "otherStockholderEquity": 288124000, "totalStockholderEquity": 337394000, "netTangibleAssets": 336464000}], "maxAge": 86400}, "earningsHistory": {"history": [{"maxAge": 1, "epsActual": {}, "epsEstimate": {}, "epsDifference": {}, "surprisePercent": {}, "quarter": {}, "period": "-4q"}, {"maxAge": 1, "epsActual": {}, "epsEstimate": {}, "epsDifference": {}, "surprisePercent": {}, "quarter": {}, "period": "-3q"}, {"maxAge": 1, "epsActual": {}, "epsEstimate": {}, "epsDifference": {}, "surprisePercent": {}, "quarter": {}, "period": "-2q"}, {"maxAge": 1, "epsActual": {}, "epsEstimate": {}, "epsDifference": {}, "surprisePercent": {}, "quarter": {}, "period": "-1q"}], "maxAge": 86400}, "indexTrend": {"maxAge": 1, "symbol": "SP5", "peRatio": 19.7411, "pegRatio": 1.34172, "estimates": [{"period": "0q", "growth": 0.549}, {"period": "+1q", "growth": 0.431}, {"period": "0y", "growth": 0.305}, {"period": "+1y", "growth": 0.109}, {"period": "+5y", "growth": 0.120859005}, {"period": "-5y"}]}, "industryTrend": {"maxAge": 1, "symbol": null, "estimates": []}, "insiderTransactions": {"transactions": [{"maxAge": 1, "shares": 52200, "value": 7083, "filerUrl": "", "transactionText": "Gift at price 0.14 per share.", "filerName": "Kothari (Shri Surednra Shantilal)", "filerRelation": "Promoter", "moneyText": "", "startDate": "2020-09-25", "ownership": "D"}, {"maxAge": 1, "shares": 52200, "value": 7083, "filerUrl": "", "transactionText": "Gift at price 0.14 per share.", "filerName": "Kothari (Madanbai Shantilal)", "filerRelation": "Promoter", "moneyText": "", "startDate": "2020-09-25", "ownership": "D"}], "maxAge": 1}, "quoteType": {"exchange": "BSE", "quoteType": "EQUITY", "symbol": "FLUIDOM.BO", "underlyingSymbol": "FLUIDOM.BO", "shortName": "FLUIDOMAT LTD.", "longName": "Fluidomat Limited", "firstTradeDateEpochUtc": "2002-08-09 09:15:00", "timeZoneFullName": "Asia/Kolkata", "timeZoneShortName": "IST", "uuid": "5646d13a-ccef-3438-ad49-4641046bcfec", "messageBoardId": null, "gmtOffSetMilliseconds": 19800000, "maxAge": 1}, "incomeStatementHistory": {"incomeStatementHistory": [{"maxAge": 1, "endDate": "2020-03-31", "totalRevenue": 254909000, "costOfRevenue": 92530000, "grossProfit": 162379000, "researchDevelopment": {}, "sellingGeneralAdministrative": 86117000, "nonRecurring": {}, "otherOperatingExpenses": 43284000, "totalOperatingExpenses": 228532000, "operatingIncome": 26377000, "totalOtherIncomeExpenseNet": 16250000, "ebit": 26377000, "interestExpense": -70000, "incomeBeforeTax": 42627000, "incomeTaxExpense": 10722000, "minorityInterest": {}, "netIncomeFromContinuingOps": 31905000, "discontinuedOperations": {}, "extraordinaryItems": {}, "effectOfAccountingCharges": {}, "otherItems": {}, "netIncome": 31905000, "netIncomeApplicableToCommonShares": 31905000}, {"maxAge": 1, "endDate": "2019-03-31", "totalRevenue": 267746000, "costOfRevenue": 108488000, "grossProfit": 159258000, "researchDevelopment": {}, "sellingGeneralAdministrative": 82283000, "nonRecurring": {}, "otherOperatingExpenses": 47854000, "totalOperatingExpenses": 245604000, "operatingIncome": 22142000, "totalOtherIncomeExpenseNet": 11178000, "ebit": 22142000, "interestExpense": -10000, "incomeBeforeTax": 33320000, "incomeTaxExpense": 9417000, "minorityInterest": {}, "netIncomeFromContinuingOps": 23903000, "discontinuedOperations": {}, "extraordinaryItems": {}, "effectOfAccountingCharges": {}, "otherItems": {}, "netIncome": 23903000, "netIncomeApplicableToCommonShares": 23903000}, {"maxAge": 1, "endDate": "2018-03-31", "totalRevenue": 236240000, "costOfRevenue": 91811000, "grossProfit": 144429000, "researchDevelopment": {}, "sellingGeneralAdministrative": 77811000, "nonRecurring": {}, "otherOperatingExpenses": 39147000, "totalOperatingExpenses": 215756000, "operatingIncome": 20484000, "totalOtherIncomeExpenseNet": 10943000, "ebit": 20484000, "interestExpense": -9000, "incomeBeforeTax": 31427000, "incomeTaxExpense": 8159000, "minorityInterest": {}, "netIncomeFromContinuingOps": 23268000, "discontinuedOperations": {}, "extraordinaryItems": {}, "effectOfAccountingCharges": {}, "otherItems": {}, "netIncome": 23268000, "netIncomeApplicableToCommonShares": 23268000}, {"maxAge": 1, "endDate": "2017-03-31", "totalRevenue": 255238000, "costOfRevenue": 97146000, "grossProfit": 158092000, "researchDevelopment": {}, "sellingGeneralAdministrative": 75167000, "nonRecurring": {}, "otherOperatingExpenses": 44568000, "totalOperatingExpenses": 223755000, "operatingIncome": 31483000, "totalOtherIncomeExpenseNet": 9917000, "ebit": 31483000, "interestExpense": -9000, "incomeBeforeTax": 41400000, "incomeTaxExpense": 13925000, "minorityInterest": {}, "netIncomeFromContinuingOps": 27475000, "discontinuedOperations": {}, "extraordinaryItems": {}, "effectOfAccountingCharges": {}, "otherItems": {}, "netIncome": 27475000, "netIncomeApplicableToCommonShares": 27475000}], "maxAge": 86400}, "fundOwnership": {"maxAge": 1, "ownershipList": []}, "summaryDetail": {"maxAge": 1, "priceHint": 2, "previousClose": 83.4, "open": 84.9, "dayLow": 82.9, "dayHigh": 84.9, "regularMarketPreviousClose": 83.4, "regularMarketOpen": 84.9, "regularMarketDayLow": 82.9, "regularMarketDayHigh": 84.9, "trailingPE": 13.237639, "volume": 427, "regularMarketVolume": 427, "averageVolume": 2071, "averageVolume10days": 2340, "averageDailyVolume10Day": 2340, "bid": 83.0, "ask": 83.95, "bidSize": 0, "askSize": 0, "marketCap": 408940992, "fiftyTwoWeekLow": 51.0, "fiftyTwoWeekHigh": 129.9, "fiftyDayAverage": 94.13383, "twoHundredDayAverage": 90.85588, "trailingAnnualDividendRate": 2.25, "trailingAnnualDividendYield": 0.026978416, "currency": "INR", "fromCurrency": null, "toCurrency": null, "lastMarket": null, "algorithm": null, "tradeable": false}, "sectorTrend": {"maxAge": 1, "symbol": null, "estimates": []}, "incomeStatementHistoryQuarterly": {"incomeStatementHistory": [{"maxAge": 1, "endDate": "2020-06-30", "totalRevenue": 34255000, "costOfRevenue": 9630000, "grossProfit": 24625000, "researchDevelopment": {}, "sellingGeneralAdministrative": 18320000, "nonRecurring": {}, "otherOperatingExpenses": 5869000, "totalOperatingExpenses": 35416000, "operatingIncome": -1161000, "totalOtherIncomeExpenseNet": 2987000, "ebit": -1161000, "interestExpense": -115000, "incomeBeforeTax": 1826000, "incomeTaxExpense": 554000, "minorityInterest": {}, "netIncomeFromContinuingOps": 1272000, "discontinuedOperations": {}, "extraordinaryItems": {}, "effectOfAccountingCharges": {}, "otherItems": {}, "netIncome": 1272000, "netIncomeApplicableToCommonShares": 1272000}, {"maxAge": 1, "endDate": "2020-03-31", "totalRevenue": 66770000, "costOfRevenue": 22575000, "grossProfit": 44195000, "researchDevelopment": {}, "sellingGeneralAdministrative": 24427000, "nonRecurring": {}, "otherOperatingExpenses": 10916000, "totalOperatingExpenses": 59574000, "operatingIncome": 7196000, "totalOtherIncomeExpenseNet": 6263000, "ebit": 7196000, "interestExpense": -15000, "incomeBeforeTax": 13459000, "incomeTaxExpense": 3569000, "minorityInterest": {}, "netIncomeFromContinuingOps": 9890000, "discontinuedOperations": {}, "extraordinaryItems": {}, "effectOfAccountingCharges": {}, "otherItems": {}, "netIncome": 9890000, "netIncomeApplicableToCommonShares": 9890000}, {"maxAge": 1, "endDate": "2019-12-31", "totalRevenue": 73828000, "costOfRevenue": 32658000, "grossProfit": 41170000, "researchDevelopment": {}, "sellingGeneralAdministrative": 21090000, "nonRecurring": {}, "otherOperatingExpenses": 11766000, "totalOperatingExpenses": 67143000, "operatingIncome": 6685000, "totalOtherIncomeExpenseNet": 3665000, "ebit": 6685000, "interestExpense": -31000, "incomeBeforeTax": 10350000, "incomeTaxExpense": 2508000, "minorityInterest": {}, "netIncomeFromContinuingOps": 7842000, "discontinuedOperations": {}, "extraordinaryItems": {}, "effectOfAccountingCharges": {}, "otherItems": {}, "netIncome": 7842000, "netIncomeApplicableToCommonShares": 7842000}, {"maxAge": 1, "endDate": "2019-09-30", "totalRevenue": 68330000, "costOfRevenue": 23982000, "grossProfit": 44348000, "researchDevelopment": {}, "sellingGeneralAdministrative": 20902000, "nonRecurring": {}, "otherOperatingExpenses": 11339000, "totalOperatingExpenses": 57882000, "operatingIncome": 10448000, "totalOtherIncomeExpenseNet": 3130000, "ebit": 10448000, "interestExpense": -24000, "incomeBeforeTax": 13578000, "incomeTaxExpense": 3182000, "minorityInterest": {}, "netIncomeFromContinuingOps": 10396000, "discontinuedOperations": {}, "extraordinaryItems": {}, "effectOfAccountingCharges": {}, "otherItems": {}, "netIncome": 10396000, "netIncomeApplicableToCommonShares": 10396000}], "maxAge": 86400}, "cashflowStatementHistoryQuarterly": {"cashflowStatements": [{"maxAge": 1, "endDate": "2020-06-30", "netIncome": 1272000, "changeToLiabilities": 0}, {"maxAge": 1, "endDate": "2020-03-31", "netIncome": 9890000, "changeToLiabilities": 0}, {"maxAge": 1, "endDate": "2019-12-31", "netIncome": 7842000, "changeToLiabilities": 0}, {"maxAge": 1, "endDate": "2019-09-30", "netIncome": 10396000, "changeToLiabilities": 0}], "maxAge": 86400}, "insiderHolders": {"holders": [{"maxAge": 1, "name": "Kothari (Madanbai Shantilal)", "relation": "Promoter", "url": "", "transactionDescription": "Gift", "latestTransDate": "2020-09-25", "positionDirect": 0, "positionDirectDate": "2020-09-25"}, {"maxAge": 1, "name": "Kothari (Shri Surednra Shantilal)", "relation": "Promoter", "url": "", "transactionDescription": "Gift", "latestTransDate": "2020-09-25", "positionDirect": 70850, "positionDirectDate": "2020-09-25"}], "maxAge": 1}, "earnings": {"maxAge": 86400, "earningsChart": {"quarterly": [], "earningsDate": ["2020-09-26 05:30:S"]}, "financialsChart": {"yearly": [{"date": 2017, "revenue": 255238000, "earnings": 27475000}, {"date": 2018, "revenue": 236240000, "earnings": 23268000}, {"date": 2019, "revenue": 267746000, "earnings": 23903000}, {"date": 2020, "revenue": 254909000, "earnings": 31905000}], "quarterly": [{"date": "3Q2019", "revenue": 68330000, "earnings": 10396000}, {"date": "4Q2019", "revenue": 73828000, "earnings": 7842000}, {"date": "1Q2020", "revenue": 66770000, "earnings": 9890000}, {"date": "2Q2020", "revenue": 34255000, "earnings": 1272000}]}, "financialCurrency": "INR"}, "calendarEvents": {"maxAge": 1, "earnings": {"earningsDate": ["2020-09-26 05:30:S"]}}, "price": {"maxAge": 1, "regularMarketChangePercent": -0.0047961813, "regularMarketChange": -0.40000153, "regularMarketTime": "2021-04-30 15:29:44", "priceHint": 2, "regularMarketPrice": 83.0, "regularMarketDayHigh": 84.9, "regularMarketDayLow": 82.9, "regularMarketVolume": 427, "averageDailyVolume10Day": 2340, "averageDailyVolume3Month": 2071, "regularMarketPreviousClose": 83.4, "regularMarketSource": "FREE_REALTIME", "regularMarketOpen": 84.9, "exchange": "BSE", "exchangeName": "BSE", "exchangeDataDelayedBy": 0, "marketState": "CLOSED", "quoteType": "EQUITY", "symbol": "FLUIDOM.BO", "underlyingSymbol": null, "shortName": "FLUIDOMAT LTD.", "longName": "Fluidomat Limited", "currency": "INR", "quoteSourceName": "Delayed Quote", "currencySymbol": "\u20b9", "fromCurrency": null, "toCurrency": null, "lastMarket": null, "marketCap": 408940992}, "balanceSheetHistory": {"balanceSheetStatements": [{"maxAge": 1, "endDate": "2020-03-31", "cash": 3188000, "shortTermInvestments": 56157000, "netReceivables": 84038000, "inventory": 54159000, "otherCurrentAssets": 7088000, "totalCurrentAssets": 204630000, "longTermInvestments": 124386000, "propertyPlantEquipment": 70319000, "intangibleAssets": 796000, "otherAssets": 10247000, "totalAssets": 410378000, "accountsPayable": 29871000, "otherCurrentLiab": 27897000, "otherLiab": 9307000, "totalCurrentLiabilities": 73305000, "totalLiab": 82612000, "commonStock": 49270000, "retainedEarnings": 274381000, "treasuryStock": 4115000, "otherStockholderEquity": 4115000, "totalStockholderEquity": 327766000, "netTangibleAssets": 326970000}, {"maxAge": 1, "endDate": "2019-03-31", "cash": 1064000, "shortTermInvestments": 46625000, "netReceivables": 102777000, "inventory": 42112000, "otherCurrentAssets": 4920000, "totalCurrentAssets": 197498000, "longTermInvestments": 83522000, "propertyPlantEquipment": 71870000, "intangibleAssets": 1016000, "otherAssets": 42924000, "totalAssets": 396830000, "accountsPayable": 23443000, "otherCurrentLiab": 31974000, "otherLiab": 11450000, "totalCurrentLiabilities": 62159000, "totalLiab": 73609000, "commonStock": 49270000, "retainedEarnings": 269836000, "treasuryStock": 4115000, "otherStockholderEquity": 4115000, "totalStockholderEquity": 323221000, "netTangibleAssets": 322205000}, {"maxAge": 1, "endDate": "2018-03-31", "cash": 1256000, "shortTermInvestments": 32867000, "netReceivables": 104868000, "inventory": 45627000, "otherCurrentAssets": 6213000, "totalCurrentAssets": 190831000, "longTermInvestments": 73061000, "propertyPlantEquipment": 75427000, "intangibleAssets": 1303000, "otherAssets": 38049000, "totalAssets": 378671000, "accountsPayable": 23132000, "otherCurrentLiab": 29037000, "otherLiab": 10722000, "totalCurrentLiabilities": 58078000, "totalLiab": 68800000, "commonStock": 49270000, "retainedEarnings": 256486000, "treasuryStock": 4115000, "otherStockholderEquity": 4115000, "totalStockholderEquity": 309871000, "netTangibleAssets": 308568000}, {"maxAge": 1, "endDate": "2017-03-31", "cash": 295000, "netReceivables": 87650000, "inventory": 56948000, "otherCurrentAssets": 5856000, "totalCurrentAssets": 150749000, "longTermInvestments": 105348000, "propertyPlantEquipment": 76570000, "intangibleAssets": 1553000, "otherAssets": 25315000, "totalAssets": 359535000, "accountsPayable": 20065000, "otherCurrentLiab": 21896000, "otherLiab": 11063000, "totalCurrentLiabilities": 51491000, "totalLiab": 62554000, "commonStock": 49270000, "retainedEarnings": 243596000, "treasuryStock": 4115000, "otherStockholderEquity": 4115000, "totalStockholderEquity": 296981000, "netTangibleAssets": 295428000}], "maxAge": 86400}, "earningsTrend": {"trend": [{"maxAge": 1, "period": "0q", "endDate": null, "growth": {}, "earningsEstimate": {"avg": 0.0, "low": 0.0, "high": 0.0, "yearAgoEps": {}, "numberOfAnalysts": 0, "growth": {}}, "revenueEstimate": {"avg": 0, "low": 0, "high": 0, "numberOfAnalysts": 0, "yearAgoRevenue": {}, "growth": {}}, "epsTrend": {"current": 0.0, "7daysAgo": 0.0, "30daysAgo": 0.0, "60daysAgo": 0.0, "90daysAgo": 0.0}, "epsRevisions": {"upLast7days": 0, "upLast30days": 0, "downLast30days": 0, "downLast90days": {}}}, {"maxAge": 1, "period": "+1q", "endDate": null, "growth": {}, "earningsEstimate": {"avg": 0.0, "low": 0.0, "high": 0.0, "yearAgoEps": {}, "numberOfAnalysts": 0, "growth": {}}, "revenueEstimate": {"avg": 0, "low": 0, "high": 0, "numberOfAnalysts": 0, "yearAgoRevenue": {}, "growth": {}}, "epsTrend": {"current": 0.0, "7daysAgo": 0.0, "30daysAgo": 0.0, "60daysAgo": 0.0, "90daysAgo": 0.0}, "epsRevisions": {"upLast7days": 0, "upLast30days": 0, "downLast30days": 0, "downLast90days": {}}}, {"maxAge": 1, "period": "0y", "endDate": null, "growth": {}, "earningsEstimate": {"avg": 0.0, "low": 0.0, "high": 0.0, "yearAgoEps": {}, "numberOfAnalysts": 0, "growth": {}}, "revenueEstimate": {"avg": 0, "low": 0, "high": 0, "numberOfAnalysts": 0, "yearAgoRevenue": {}, "growth": {}}, "epsTrend": {"current": 0.0, "7daysAgo": 0.0, "30daysAgo": 0.0, "60daysAgo": 0.0, "90daysAgo": 0.0}, "epsRevisions": {"upLast7days": 0, "upLast30days": 0, "downLast30days": 0, "downLast90days": {}}}, {"maxAge": 1, "period": "+1y", "endDate": null, "growth": {}, "earningsEstimate": {"avg": 0.0, "low": 0.0, "high": 0.0, "yearAgoEps": {}, "numberOfAnalysts": 0, "growth": {}}, "revenueEstimate": {"avg": 0, "low": 0, "high": 0, "numberOfAnalysts": 0, "yearAgoRevenue": {}, "growth": {}}, "epsTrend": {"current": 0.0, "7daysAgo": 0.0, "30daysAgo": 0.0, "60daysAgo": 0.0, "90daysAgo": 0.0}, "epsRevisions": {"upLast7days": 0, "upLast30days": 0, "downLast30days": 0, "downLast90days": {}}}, {"maxAge": 1, "period": "+5y", "endDate": null, "growth": {}, "earningsEstimate": {"avg": {}, "low": {}, "high": {}, "yearAgoEps": {}, "numberOfAnalysts": {}, "growth": {}}, "revenueEstimate": {"avg": {}, "low": {}, "high": {}, "numberOfAnalysts": {}, "yearAgoRevenue": {}, "growth": {}}, "epsTrend": {"current": {}, "7daysAgo": {}, "30daysAgo": {}, "60daysAgo": {}, "90daysAgo": {}}, "epsRevisions": {"upLast7days": {}, "upLast30days": {}, "downLast30days": {}, "downLast90days": {}}}, {"maxAge": 1, "period": "-5y", "endDate": null, "growth": {}, "earningsEstimate": {"avg": {}, "low": {}, "high": {}, "yearAgoEps": {}, "numberOfAnalysts": {}, "growth": {}}, "revenueEstimate": {"avg": {}, "low": {}, "high": {}, "numberOfAnalysts": {}, "yearAgoRevenue": {}, "growth": {}}, "epsTrend": {"current": {}, "7daysAgo": {}, "30daysAgo": {}, "60daysAgo": {}, "90daysAgo": {}}, "epsRevisions": {"upLast7days": {}, "upLast30days": {}, "downLast30days": {}, "downLast90days": {}}}], "maxAge": 1}, "financialData": {"maxAge": 86400, "currentPrice": 83.0, "targetHighPrice": 245.0, "targetLowPrice": 245.0, "targetMeanPrice": 245.0, "targetMedianPrice": 245.0, "recommendationKey": "none", "numberOfAnalystOpinions": 1, "grossProfits": 162379000, "financialCurrency": "INR"}}}