{"FMGOETZE.NS": {"assetProfile": {"address1": "Tower, Paras Twin Towers", "address2": "10th Floor Sector-54 Golf Course Road", "city": "Gurugram", "zip": "122002", "country": "India", "phone": "91 12 4478 4530", "fax": "91 12 4429 2840", "website": "http://www.federalmogulgoetzeindia.net", "industry": "Auto Parts", "sector": "Consumer Cyclical", "longBusinessSummary": "Federal-Mogul Goetze (India) Limited engages in the manufacture, supply, distribution, and export of automotive components for two/three/four wheeler automobiles in India and internationally. It offers pistons, piston rings, and wet and dry cylinder liners for a range of applications, including bi-wheelers, cars, SUVs, tractors, light and heavy commercial vehicles, stationary engines, and output locomotive diesel engines. The company also provides light metal castings comprising cylinder blocks; cylinder heads for single cylinder engines; and aluminum tube castings and aluminum crown handles for motorcycles. In addition, it offers sintered metal products comprising valve train parts, transmission parts, lubrication pump parts, and other engine and structural parts. The company was formerly known as Goetze (India) Limited and changed its name to Federal-Mogul Goetze (India) Limited in 2006. The company was founded in 1954 and is based in Gurugram, India. Federal-Mogul Goetze (India) Limited is a subsidiary of Federal Mogul Holdings Limited.", "fullTimeEmployees": 3363, "companyOfficers": [{"maxAge": 1, "name": "Mr. Vinod Kumar Hans", "age": 53, "title": "Whole Time MD & Whole Time Director", "yearBorn": 1967, "fiscalYear": 2020, "totalPay": 17031496, "exercisedValue": 0, "unexercisedValue": 0}, {"maxAge": 1, "name": "Mr. Manish  Chadha", "age": 45, "title": "Whole Time Director of Fin. & CFO", "yearBorn": 1975, "fiscalYear": 2020, "totalPay": 9090667, "exercisedValue": 0, "unexercisedValue": 0}, {"maxAge": 1, "name": "Dr. Khalid Iqbal Khan", "age": 52, "title": "Whole Time Director of Legal, Compliance Officer & Company Sec.", "yearBorn": 1968, "fiscalYear": 2020, "totalPay": 8826748, "exercisedValue": 0, "unexercisedValue": 0}, {"maxAge": 1, "name": "Mr. Rajesh Kumar Sinha", "age": 50, "title": "Whole Time Director", "yearBorn": 1970, "fiscalYear": 2020, "totalPay": 9965002, "exercisedValue": 0, "unexercisedValue": 0}, {"maxAge": 1, "name": "Mr. Narangampuram V. Sreenivasan", "age": 50, "title": "Director of Information Systems", "yearBorn": 1970, "exercisedValue": 0, "unexercisedValue": 0}, {"maxAge": 1, "name": "Mr. Mritunjay Nath Sahu", "age": 58, "title": "Director of HR", "yearBorn": 1962, "exercisedValue": 0, "unexercisedValue": 0}, {"maxAge": 1, "name": "Mr. Sanjeev  Sharma", "title": "Director of Ops - Piston India, Campus Head of Patiala & Operation Head of 4 JIT Plants - India", "exercisedValue": 0, "unexercisedValue": 0}, {"maxAge": 1, "name": "Mr. Abhishek  Nagar", "title": "Company Sec.", "exercisedValue": 0, "unexercisedValue": 0}, {"maxAge": 1, "name": "Mr. Sanjeev Kumar Singh", "age": 49, "title": "Director of AM Sales", "yearBorn": 1971, "exercisedValue": 0, "unexercisedValue": 0}, {"maxAge": 1, "name": "Dr. Rakesh  Kumar", "title": "Exec.", "exercisedValue": 0, "unexercisedValue": 0}], "compensationAsOfEpochDate": "2020-12-31 05:30:00", "maxAge": 86400}, "cashflowStatementHistory": {"cashflowStatements": [{"maxAge": 1, "endDate": "2020-03-31", "netIncome": 324967000, "depreciation": 927684000, "changeToNetincome": -117331000, "changeToAccountReceivables": 435635000, "changeToLiabilities": 231129000, "changeToInventory": 225473000, "changeToOperatingActivities": -113257000, "totalCashFromOperatingActivities": 1914360000, "capitalExpenditures": -749894000, "investments": -103041000, "otherCashflowsFromInvestingActivities": 37469000, "totalCashflowsFromInvestingActivities": -811467000, "netBorrowings": -253098000, "otherCashflowsFromFinancingActivities": -71239000, "totalCashFromFinancingActivities": -324337000, "changeInCash": 778556000}, {"maxAge": 1, "endDate": "2019-03-31", "netIncome": 874130000, "depreciation": 855339000, "changeToNetincome": 72913000, "changeToAccountReceivables": -215337000, "changeToLiabilities": 129132000, "changeToInventory": -268418000, "changeToOperatingActivities": -117656000, "totalCashFromOperatingActivities": 1332451000, "capitalExpenditures": -1084427000, "investments": -179870000, "otherCashflowsFromInvestingActivities": 24411000, "totalCashflowsFromInvestingActivities": -1208574000, "netBorrowings": -162000, "otherCashflowsFromFinancingActivities": -82777000, "totalCashFromFinancingActivities": -82939000, "changeInCash": 40938000}, {"maxAge": 1, "endDate": "2018-03-31", "netIncome": 883185000, "depreciation": 767563000, "changeToNetincome": 108990000, "changeToAccountReceivables": -246418000, "changeToLiabilities": -131724000, "changeToInventory": 6755000, "changeToOperatingActivities": -12208000, "totalCashFromOperatingActivities": 1378742000, "capitalExpenditures": -845084000, "investments": 86986000, "otherCashflowsFromInvestingActivities": 24630000, "totalCashflowsFromInvestingActivities": -721182000, "dividendsPaid": -33985000, "netBorrowings": -585535000, "otherCashflowsFromFinancingActivities": -105160000, "totalCashFromFinancingActivities": -690695000, "changeInCash": -33135000}, {"maxAge": 1, "endDate": "2017-03-31", "netIncome": 772842000, "depreciation": 791033000, "changeToNetincome": 277792000, "changeToAccountReceivables": 214663000, "changeToLiabilities": -517649000, "changeToInventory": 147816000, "changeToOperatingActivities": -95583000, "totalCashFromOperatingActivities": 1593115000, "capitalExpenditures": -870935000, "investments": -49791000, "otherCashflowsFromInvestingActivities": 52432000, "totalCashflowsFromInvestingActivities": -863240000, "dividendsPaid": -38840000, "netBorrowings": -803017000, "otherCashflowsFromFinancingActivities": -199471000, "totalCashFromFinancingActivities": -1002488000, "changeInCash": -272613000}], "maxAge": 86400}, "institutionOwnership": {"maxAge": 1, "ownershipList": []}, "majorHoldersBreakdown": {"maxAge": 1, "insidersPercentHeld": 0.9491, "institutionsPercentHeld": 0.0, "institutionsFloatPercentHeld": 0.0, "institutionsCount": 0}, "balanceSheetHistoryQuarterly": {"balanceSheetStatements": [{"maxAge": 1, "endDate": "2020-12-31", "totalStockholderEquity": 7890181000, "netTangibleAssets": 7872204000}, {"maxAge": 1, "endDate": "2020-09-30", "cash": 1595354000, "shortTermInvestments": 115519000, "netReceivables": 2088102000, "inventory": 1663725000, "otherCurrentAssets": 99015000, "totalCurrentAssets": 5561715000, "longTermInvestments": 743000, "propertyPlantEquipment": 5782149000, "intangibleAssets": 17977000, "otherAssets": 393857000, "deferredLongTermAssetCharges": 2247000, "totalAssets": 11756441000, "accountsPayable": 2315437000, "otherCurrentLiab": 480346000, "otherLiab": 436494000, "minorityInterest": 628132000, "totalCurrentLiabilities": 2800241000, "totalLiab": 3238128000, "commonStock": 556321000, "treasuryStock": 7333860000, "otherStockholderEquity": 7333860000, "totalStockholderEquity": 7890181000, "netTangibleAssets": 7872204000}, {"maxAge": 1, "endDate": "2020-06-30", "totalStockholderEquity": 8177347000, "netTangibleAssets": 8173638000}, {"maxAge": 1, "endDate": "2020-03-31", "cash": 890626000, "shortTermInvestments": 350000000, "netReceivables": 2085671000, "inventory": 1950773000, "otherCurrentAssets": 76173000, "totalCurrentAssets": 5411019000, "longTermInvestments": 694000, "propertyPlantEquipment": 5969334000, "intangibleAssets": 3709000, "otherAssets": 368916000, "totalAssets": 11753672000, "accountsPayable": 1975912000, "otherCurrentLiab": 267518000, "otherLiab": 550338000, "minorityInterest": 660399000, "totalCurrentLiabilities": 2364828000, "totalLiab": 2915926000, "commonStock": 556321000, "retainedEarnings": 4740297000, "treasuryStock": 205655000, "capitalSurplus": 2675074000, "otherStockholderEquity": 205655000, "totalStockholderEquity": 8177347000, "netTangibleAssets": 8173638000}], "maxAge": 86400}, "indexTrend": {"maxAge": 1, "symbol": "SP5", "peRatio": 19.7411, "pegRatio": 1.34172, "estimates": [{"period": "0q", "growth": 0.549}, {"period": "+1q", "growth": 0.431}, {"period": "0y", "growth": 0.305}, {"period": "+1y", "growth": 0.109}, {"period": "+5y", "growth": 0.120865}, {"period": "-5y"}]}, "defaultKeyStatistics": {"maxAge": 1, "priceHint": 2, "enterpriseValue": 15164157952, "profitMargins": 0.00884, "floatShares": 305406, "sharesOutstanding": 55632100, "heldPercentInsiders": 0.9491, "heldPercentInstitutions": 0.0, "beta": 0.8328, "category": null, "bookValue": 141.919, "priceToBook": 2.0568068, "fundFamily": null, "legalType": null, "lastFiscalYearEnd": "2020-03-31 05:30:00", "nextFiscalYearEnd": "2022-03-31 05:30:00", "mostRecentQuarter": "2020-12-31 05:30:00", "earningsQuarterlyGrowth": 3.297, "netIncomeToCommon": 85284000, "trailingEps": 1.533, "lastSplitFactor": null, "enterpriseToRevenue": 1.571, "enterpriseToEbitda": 15.107, "52WeekChange": -0.16671425, "SandP52WeekChange": 0.48148263, "lastDividendValue": 4.0, "lastDividendDate": 1125964800}, "summaryProfile": {"address1": "Tower, Paras Twin Towers", "address2": "10th Floor Sector-54 Golf Course Road", "city": "Gurugram", "zip": "122002", "country": "India", "phone": "91 12 4478 4530", "fax": "91 12 4429 2840", "website": "http://www.federalmogulgoetzeindia.net", "industry": "Auto Parts", "sector": "Consumer Cyclical", "longBusinessSummary": "Federal-Mogul Goetze (India) Limited engages in the manufacture, supply, distribution, and export of automotive components for two/three/four wheeler automobiles in India and internationally. It offers pistons, piston rings, and wet and dry cylinder liners for a range of applications, including bi-wheelers, cars, SUVs, tractors, light and heavy commercial vehicles, stationary engines, and output locomotive diesel engines. The company also provides light metal castings comprising cylinder blocks; cylinder heads for single cylinder engines; and aluminum tube castings and aluminum crown handles for motorcycles. In addition, it offers sintered metal products comprising valve train parts, transmission parts, lubrication pump parts, and other engine and structural parts. The company was formerly known as Goetze (India) Limited and changed its name to Federal-Mogul Goetze (India) Limited in 2006. The company was founded in 1954 and is based in Gurugram, India. Federal-Mogul Goetze (India) Limited is a subsidiary of Federal Mogul Holdings Limited.", "fullTimeEmployees": 3363, "companyOfficers": [], "maxAge": 86400}, "netSharePurchaseActivity": {"maxAge": 1, "period": "6m", "buyInfoCount": 0, "buyInfoShares": 0, "sellInfoCount": 0, "netInfoCount": 0, "netInfoShares": 0, "netPercentInsiderShares": 0.0, "totalInsiderShares": 52798008}, "insiderTransactions": {"transactions": [{"maxAge": 1, "shares": 418425, "value": 1819772, "filerUrl": "", "transactionText": "Sale at price 4.35 per share.", "filerName": "IEH FMGI Holdings LLC", "filerRelation": "Promoter", "moneyText": "", "startDate": "2021-01-27", "ownership": "D"}, {"maxAge": 1, "shares": 40262, "value": 182918, "filerUrl": "", "transactionText": "Sale at price 4.54 per share.", "filerName": "IEH FMGI Holdings LLC", "filerRelation": "Promoter", "moneyText": "", "startDate": "2020-12-11", "ownership": "D"}, {"maxAge": 1, "shares": 601860, "value": 2804306, "filerUrl": "", "transactionText": "Sale at price 4.66 per share.", "filerName": "IEH FMGI Holdings LLC", "filerRelation": "Promoter", "moneyText": "", "startDate": "2020-10-13", "ownership": "D"}, {"maxAge": 1, "shares": 41000, "filerUrl": "", "transactionText": "", "filerName": "Reliance Capital Trustee Company, Ltd. A/c Reliance Tax Save", "filerRelation": "Investment Management Company", "moneyText": "", "startDate": "2011-05-06", "ownership": "D"}], "maxAge": 1}, "quoteType": {"exchange": "NSI", "quoteType": "EQUITY", "symbol": "FMGOETZE.NS", "underlyingSymbol": "FMGOETZE.NS", "shortName": "FED MOGUL GOETZE", "longName": "Federal-Mogul Goetze (India) Limited", "firstTradeDateEpochUtc": "2002-07-01 09:15:00", "timeZoneFullName": "Asia/Kolkata", "timeZoneShortName": "IST", "uuid": "e5f05b32-02bf-3f69-bf7f-0f71e860ef67", "messageBoardId": "finmb_881059", "gmtOffSetMilliseconds": 19800000, "maxAge": 1}, "incomeStatementHistory": {"incomeStatementHistory": [{"maxAge": 1, "endDate": "2020-03-31", "totalRevenue": 10854075000, "costOfRevenue": 3550694000, "grossProfit": 7303381000, "researchDevelopment": {}, "sellingGeneralAdministrative": 2944034000, "nonRecurring": {}, "otherOperatingExpenses": 3042085000, "totalOperatingExpenses": 10464557000, "operatingIncome": 389518000, "totalOtherIncomeExpenseNet": 76944000, "ebit": 389518000, "interestExpense": -33736000, "incomeBeforeTax": 466462000, "incomeTaxExpense": 79287000, "minorityInterest": 660399000, "netIncomeFromContinuingOps": 387175000, "discontinuedOperations": {}, "extraordinaryItems": {}, "effectOfAccountingCharges": {}, "otherItems": {}, "netIncome": 324967000, "netIncomeApplicableToCommonShares": 324967000}, {"maxAge": 1, "endDate": "2019-03-31", "totalRevenue": 13418299000, "costOfRevenue": 4238176000, "grossProfit": 9180123000, "researchDevelopment": {}, "sellingGeneralAdministrative": 3092744000, "nonRecurring": {}, "otherOperatingExpenses": 3802349000, "totalOperatingExpenses": 11990528000, "operatingIncome": 1427771000, "totalOtherIncomeExpenseNet": 61733000, "ebit": 1427771000, "interestExpense": -51270000, "incomeBeforeTax": 1489504000, "incomeTaxExpense": 534523000, "minorityInterest": 635288000, "netIncomeFromContinuingOps": 954981000, "discontinuedOperations": {}, "extraordinaryItems": {}, "effectOfAccountingCharges": {}, "otherItems": {}, "netIncome": 874130000, "netIncomeApplicableToCommonShares": 874130000}, {"maxAge": 1, "endDate": "2018-03-31", "totalRevenue": 13253409000, "costOfRevenue": 4057774000, "grossProfit": 9195635000, "researchDevelopment": {}, "sellingGeneralAdministrative": 2950823000, "nonRecurring": {}, "otherOperatingExpenses": 3971082000, "totalOperatingExpenses": 11749413000, "operatingIncome": 1503996000, "totalOtherIncomeExpenseNet": 42576000, "ebit": 1503996000, "interestExpense": -66667000, "incomeBeforeTax": 1546572000, "incomeTaxExpense": 584651000, "minorityInterest": 589996000, "netIncomeFromContinuingOps": 961921000, "discontinuedOperations": {}, "extraordinaryItems": {}, "effectOfAccountingCharges": {}, "otherItems": {}, "netIncome": 883185000, "netIncomeApplicableToCommonShares": 883185000}, {"maxAge": 1, "endDate": "2017-03-31", "totalRevenue": 12790869000, "costOfRevenue": 4116371000, "grossProfit": 8674498000, "researchDevelopment": {}, "sellingGeneralAdministrative": 2817361000, "nonRecurring": {}, "otherOperatingExpenses": 3683200000, "totalOperatingExpenses": 11410166000, "operatingIncome": 1380703000, "totalOtherIncomeExpenseNet": -80220000, "ebit": 1380703000, "interestExpense": -162996000, "incomeBeforeTax": 1300483000, "incomeTaxExpense": 463071000, "minorityInterest": 539925000, "netIncomeFromContinuingOps": 837412000, "discontinuedOperations": {}, "extraordinaryItems": {}, "effectOfAccountingCharges": {}, "otherItems": {}, "netIncome": 772842000, "netIncomeApplicableToCommonShares": 772842000}], "maxAge": 86400}, "fundOwnership": {"maxAge": 1, "ownershipList": []}, "summaryDetail": {"maxAge": 1, "priceHint": 2, "previousClose": 291.95, "open": 289.95, "dayLow": 288.0, "dayHigh": 299.9, "regularMarketPreviousClose": 291.95, "regularMarketOpen": 289.95, "regularMarketDayLow": 288.0, "regularMarketDayHigh": 299.9, "exDividendDate": "2005-09-06 05:30:00", "payoutRatio": 0.0, "beta": 0.8328, "trailingPE": 190.41095, "volume": 1027157, "regularMarketVolume": 1027157, "averageVolume": 240936, "averageVolume10days": 1699302, "averageDailyVolume10Day": 1699302, "bid": 0.0, "ask": 0.0, "bidSize": 0, "askSize": 0, "marketCap": 16239009792, "fiftyTwoWeekLow": 246.1, "fiftyTwoWeekHigh": 465.0, "priceToSalesTrailing12Months": 1.6826836, "fiftyDayAverage": 291.99857, "twoHundredDayAverage": 300.53705, "currency": "INR", "fromCurrency": null, "toCurrency": null, "lastMarket": null, "algorithm": null, "tradeable": false}, "incomeStatementHistoryQuarterly": {"incomeStatementHistory": [{"maxAge": 1, "endDate": "2020-12-31", "totalRevenue": 3567806000, "costOfRevenue": 1136279000, "grossProfit": 2431527000, "researchDevelopment": {}, "sellingGeneralAdministrative": 801028000, "nonRecurring": {}, "otherOperatingExpenses": 971577000, "totalOperatingExpenses": 3145735000, "operatingIncome": 422071000, "totalOtherIncomeExpenseNet": 22209000, "ebit": 422071000, "interestExpense": -9760000, "incomeBeforeTax": 444280000, "incomeTaxExpense": 77996000, "minorityInterest": {}, "netIncomeFromContinuingOps": 366284000, "discontinuedOperations": {}, "extraordinaryItems": {}, "effectOfAccountingCharges": {}, "otherItems": {}, "netIncome": 348241000, "netIncomeApplicableToCommonShares": 348241000}, {"maxAge": 1, "endDate": "2020-09-30", "totalRevenue": 2764322000, "costOfRevenue": 852089000, "grossProfit": 1912233000, "researchDevelopment": {}, "sellingGeneralAdministrative": 712130000, "nonRecurring": {}, "otherOperatingExpenses": 825402000, "totalOperatingExpenses": 2622827000, "operatingIncome": 141495000, "totalOtherIncomeExpenseNet": 33671000, "ebit": 141495000, "interestExpense": -3164000, "incomeBeforeTax": 175166000, "incomeTaxExpense": 46740000, "minorityInterest": 628132000, "netIncomeFromContinuingOps": 128426000, "discontinuedOperations": {}, "extraordinaryItems": {}, "effectOfAccountingCharges": {}, "otherItems": {}, "netIncome": 110081000, "netIncomeApplicableToCommonShares": 110081000}, {"maxAge": 1, "endDate": "2020-06-30", "totalRevenue": 976287000, "costOfRevenue": 518798000, "grossProfit": 457489000, "researchDevelopment": {}, "sellingGeneralAdministrative": 560754000, "nonRecurring": {}, "otherOperatingExpenses": 310570000, "totalOperatingExpenses": 1536995000, "operatingIncome": -560708000, "totalOtherIncomeExpenseNet": 22023000, "ebit": -560708000, "interestExpense": -891000, "incomeBeforeTax": -538685000, "incomeTaxExpense": -135443000, "minorityInterest": 628132000, "netIncomeFromContinuingOps": -403242000, "discontinuedOperations": {}, "extraordinaryItems": {}, "effectOfAccountingCharges": {}, "otherItems": {}, "netIncome": -395607000, "netIncomeApplicableToCommonShares": -395607000}, {"maxAge": 1, "endDate": "2020-03-31", "totalRevenue": 2342246000, "costOfRevenue": 741479000, "grossProfit": 1600767000, "researchDevelopment": {}, "sellingGeneralAdministrative": 758145000, "nonRecurring": {}, "otherOperatingExpenses": 550702000, "totalOperatingExpenses": 2284182000, "operatingIncome": 58064000, "totalOtherIncomeExpenseNet": 3459000, "ebit": 58064000, "interestExpense": -6462000, "incomeBeforeTax": 61523000, "incomeTaxExpense": 29744000, "minorityInterest": 660399000, "netIncomeFromContinuingOps": 31779000, "discontinuedOperations": {}, "extraordinaryItems": {}, "effectOfAccountingCharges": {}, "otherItems": {}, "netIncome": 22569000, "netIncomeApplicableToCommonShares": 22569000}], "maxAge": 86400}, "cashflowStatementHistoryQuarterly": {"cashflowStatements": [{"maxAge": 1, "endDate": "2020-12-31", "netIncome": 348241000, "changeToLiabilities": 0}, {"maxAge": 1, "endDate": "2020-09-30", "netIncome": 110081000, "changeToLiabilities": 0}, {"maxAge": 1, "endDate": "2020-06-30", "netIncome": -395607000, "changeToLiabilities": 0}, {"maxAge": 1, "endDate": "2020-03-31", "netIncome": 22569000, "changeToLiabilities": 0}], "maxAge": 86400}, "insiderHolders": {"holders": [{"maxAge": 1, "name": "IEH FMGI Holdings LLC", "relation": "Promoter", "url": "", "transactionDescription": "Sale", "latestTransDate": "2021-01-27", "positionDirect": 11084844, "positionDirectDate": "2021-01-27"}, {"maxAge": 1, "name": "Reliance Capital Trustee Company, Ltd. A/c Reliance Tax Save", "relation": "Investment Management Company", "url": "", "transactionDescription": "Acquisition", "latestTransDate": "2011-05-06", "positionDirect": 4298907, "positionDirectDate": "2011-05-06"}], "maxAge": 1}, "calendarEvents": {"maxAge": 1, "earnings": {"earningsDate": []}, "exDividendDate": "2005-09-06 05:30:00"}, "price": {"maxAge": 1, "regularMarketChangePercent": -0.00017132491, "regularMarketChange": -0.05001831, "regularMarketTime": "2021-04-30 15:30:00", "priceHint": 2, "regularMarketPrice": 291.9, "regularMarketDayHigh": 299.9, "regularMarketDayLow": 288.0, "regularMarketVolume": 1027157, "averageDailyVolume10Day": 1699302, "averageDailyVolume3Month": 240936, "regularMarketPreviousClose": 291.95, "regularMarketSource": "FREE_REALTIME", "regularMarketOpen": 289.95, "exchange": "NSI", "exchangeName": "NSE", "exchangeDataDelayedBy": 15, "marketState": "CLOSED", "quoteType": "EQUITY", "symbol": "FMGOETZE.NS", "underlyingSymbol": null, "shortName": "FED MOGUL GOETZE", "longName": "Federal-Mogul Goetze (India) Limited", "currency": "INR", "quoteSourceName": "Delayed Quote", "currencySymbol": "\u20b9", "fromCurrency": null, "toCurrency": null, "lastMarket": null, "marketCap": 16239009792}, "balanceSheetHistory": {"balanceSheetStatements": [{"maxAge": 1, "endDate": "2020-03-31", "cash": 890626000, "shortTermInvestments": 350000000, "netReceivables": 2085671000, "inventory": 1950773000, "otherCurrentAssets": 76173000, "totalCurrentAssets": 5411019000, "longTermInvestments": 694000, "propertyPlantEquipment": 5969334000, "intangibleAssets": 3709000, "otherAssets": 368916000, "totalAssets": 11753672000, "accountsPayable": 1975912000, "otherCurrentLiab": 267518000, "otherLiab": 550338000, "minorityInterest": 660399000, "totalCurrentLiabilities": 2364828000, "totalLiab": 2915926000, "commonStock": 556321000, "retainedEarnings": 4740297000, "treasuryStock": 205655000, "capitalSurplus": 2675074000, "otherStockholderEquity": 205655000, "totalStockholderEquity": 8177347000, "netTangibleAssets": 8173638000}, {"maxAge": 1, "endDate": "2019-03-31", "cash": 112215000, "shortTermInvestments": 236564000, "netReceivables": 2515748000, "inventory": 2176248000, "otherCurrentAssets": 165627000, "totalCurrentAssets": 5265425000, "longTermInvestments": 694000, "propertyPlantEquipment": 6063617000, "intangibleAssets": 3768000, "otherAssets": 367403000, "totalAssets": 11700907000, "accountsPayable": 1787773000, "otherCurrentLiab": 289191000, "otherLiab": 607732000, "minorityInterest": 635288000, "totalCurrentLiabilities": 2514120000, "totalLiab": 3121852000, "commonStock": 556321000, "retainedEarnings": 4506717000, "treasuryStock": 205655000, "capitalSurplus": 2675074000, "otherStockholderEquity": 205655000, "totalStockholderEquity": 7943767000, "netTangibleAssets": 7939999000}, {"maxAge": 1, "endDate": "2018-03-31", "cash": 86237000, "shortTermInvestments": 59871000, "netReceivables": 2317963000, "inventory": 1907829000, "otherCurrentAssets": 158400000, "totalCurrentAssets": 4595209000, "longTermInvestments": 325000, "propertyPlantEquipment": 5882393000, "intangibleAssets": 6116000, "otherAssets": 406466000, "totalAssets": 10890509000, "accountsPayable": 1708505000, "otherCurrentLiab": 395579000, "otherLiab": 678689000, "minorityInterest": 589996000, "totalCurrentLiabilities": 2583092000, "totalLiab": 3261781000, "commonStock": 556321000, "retainedEarnings": 3601682000, "treasuryStock": 205655000, "capitalSurplus": 2675074000, "otherStockholderEquity": 205655000, "totalStockholderEquity": 7038732000, "netTangibleAssets": 7032616000}, {"maxAge": 1, "endDate": "2017-03-31", "cash": 121893000, "shortTermInvestments": 155867000, "netReceivables": 2006433000, "inventory": 1914584000, "otherCurrentAssets": 303061000, "totalCurrentAssets": 4560242000, "longTermInvestments": 325000, "propertyPlantEquipment": 5809265000, "intangibleAssets": 5110000, "otherAssets": 425605000, "totalAssets": 10800547000, "accountsPayable": 1874096000, "shortLongTermDebt": 138889000, "otherCurrentLiab": 459451000, "longTermDebt": 233333000, "otherLiab": 713514000, "minorityInterest": 539925000, "totalCurrentLiabilities": 3182395000, "totalLiab": 4129242000, "commonStock": 556321000, "retainedEarnings": 2694330000, "treasuryStock": 205655000, "capitalSurplus": 2675074000, "otherStockholderEquity": 205655000, "totalStockholderEquity": 6131380000, "netTangibleAssets": 6126270000}], "maxAge": 86400}, "financialData": {"maxAge": 86400, "currentPrice": 291.9, "recommendationKey": "none", "totalCash": 1710872960, "totalCashPerShare": 30.755, "ebitda": 1003787264, "totalDebt": 5851000, "totalRevenue": 9650661376, "debtToEquity": 0.069, "revenuePerShare": 173.679, "grossProfits": 7303381000, "earningsGrowth": 3.288, "revenueGrowth": 0.278, "grossMargins": 0.66337997, "ebitdaMargins": 0.10401, "operatingMargins": 0.0063099996, "profitMargins": 0.00884, "financialCurrency": "INR"}}}