{"FOODSIN.BO": {"recommendationTrend": {"trend": [{"period": "0m", "strongBuy": 0, "buy": 0, "hold": 0, "sell": 0, "strongSell": 0}, {"period": "-1m", "strongBuy": 0, "buy": 0, "hold": 0, "sell": 0, "strongSell": 0}, {"period": "-2m", "strongBuy": 0, "buy": 0, "hold": 0, "sell": 0, "strongSell": 0}, {"period": "-3m", "strongBuy": 0, "buy": 0, "hold": 0, "sell": 0, "strongSell": 0}], "maxAge": 86400}, "cashflowStatementHistory": {"cashflowStatements": [{"maxAge": 1, "endDate": "2020-03-31", "netIncome": 110897000, "depreciation": 122949000, "changeToNetincome": 93910000, "changeToAccountReceivables": -174509000, "changeToLiabilities": 433665000, "changeToInventory": -309801000, "changeToOperatingActivities": -295541000, "totalCashFromOperatingActivities": -17110000, "capitalExpenditures": -285212000, "investments": -30000, "otherCashflowsFromInvestingActivities": 86132000, "totalCashflowsFromInvestingActivities": -198463000, "dividendsPaid": -12237000, "netBorrowings": 267714000, "otherCashflowsFromFinancingActivities": -91527000, "totalCashFromFinancingActivities": 163950000, "changeInCash": -51623000}, {"maxAge": 1, "endDate": "2019-03-31", "netIncome": 1092165000, "depreciation": 114580000, "changeToNetincome": -1203472000, "changeToAccountReceivables": 1027000, "changeToLiabilities": -404458000, "changeToInventory": 61091000, "changeToOperatingActivities": 153595000, "totalCashFromOperatingActivities": -184818000, "capitalExpenditures": -213201000, "investments": 183000, "otherCashflowsFromInvestingActivities": -18500000, "totalCashflowsFromInvestingActivities": 1198613000, "dividendsPaid": -6059000, "netBorrowings": -851926000, "otherCashflowsFromFinancingActivities": -165966000, "totalCashFromFinancingActivities": -992631000, "changeInCash": 21164000, "issuanceOfStock": 31320000}, {"maxAge": 1, "endDate": "2018-03-31", "netIncome": 34696000, "depreciation": 104650000, "changeToNetincome": 95759000, "changeToAccountReceivables": -156114000, "changeToLiabilities": 86853000, "changeToInventory": 10121000, "changeToOperatingActivities": -21567000, "totalCashFromOperatingActivities": 154398000, "capitalExpenditures": -110987000, "investments": 183000, "otherCashflowsFromInvestingActivities": 8765000, "totalCashflowsFromInvestingActivities": -102441000, "dividendsPaid": -5918000, "netBorrowings": 25147000, "otherCashflowsFromFinancingActivities": -187695000, "totalCashFromFinancingActivities": -142546000, "changeInCash": -90586000, "issuanceOfStock": 25920000}, {"maxAge": 1, "endDate": "2017-03-31", "netIncome": -14152000, "depreciation": 101954000, "changeToNetincome": 251477000, "changeToAccountReceivables": -12866000, "changeToLiabilities": 357261000, "changeToInventory": 10678000, "changeToOperatingActivities": -80687000, "totalCashFromOperatingActivities": 613665000, "capitalExpenditures": -303135000, "investments": 192000, "otherCashflowsFromInvestingActivities": 5813000, "totalCashflowsFromInvestingActivities": -296414000, "dividendsPaid": -3628000, "netBorrowings": -187757000, "otherCashflowsFromFinancingActivities": -170658000, "totalCashFromFinancingActivities": -242278000, "changeInCash": 74973000, "issuanceOfStock": 119765000}], "maxAge": 86400}, "institutionOwnership": {"maxAge": 1, "ownershipList": []}, "balanceSheetHistoryQuarterly": {"balanceSheetStatements": [{"maxAge": 1, "endDate": "2020-06-30", "totalStockholderEquity": 1793371000, "netTangibleAssets": 1660504000}, {"maxAge": 1, "endDate": "2020-03-31", "cash": 23292000, "netReceivables": 1085916000, "inventory": 1400378000, "otherCurrentAssets": 146594000, "totalCurrentAssets": 2667326000, "longTermInvestments": 705000, "propertyPlantEquipment": 1231614000, "goodWill": 121000000, "intangibleAssets": 11867000, "otherAssets": 164591000, "deferredLongTermAssetCharges": 91951000, "totalAssets": 4197103000, "accountsPayable": 785223000, "shortLongTermDebt": 30315000, "otherCurrentLiab": 179320000, "longTermDebt": 119854000, "otherLiab": 5105000, "minorityInterest": 14000, "totalCurrentLiabilities": 2273451000, "totalLiab": 2403718000, "commonStock": 50338000, "retainedEarnings": 1496471000, "treasuryStock": 30604000, "capitalSurplus": 215958000, "otherStockholderEquity": 30604000, "totalStockholderEquity": 1793371000, "netTangibleAssets": 1660504000}, {"maxAge": 1, "endDate": "2019-12-31", "totalStockholderEquity": 1745957000, "netTangibleAssets": 1732779000}, {"maxAge": 1, "endDate": "2019-09-30", "cash": 66517000, "shortTermInvestments": 30648000, "netReceivables": 672626000, "inventory": 2304784000, "otherCurrentAssets": 413941000, "totalCurrentAssets": 3488516000, "longTermInvestments": 22751000, "propertyPlantEquipment": 1230171000, "intangibleAssets": 13178000, "otherAssets": 155186000, "deferredLongTermAssetCharges": 84496000, "totalAssets": 4909802000, "accountsPayable": 1251272000, "otherCurrentLiab": 543615000, "longTermDebt": 77078000, "otherLiab": 8371000, "totalCurrentLiabilities": 3072053000, "totalLiab": 3163845000, "commonStock": 50338000, "treasuryStock": 1695619000, "otherStockholderEquity": 1695619000, "totalStockholderEquity": 1745957000, "netTangibleAssets": 1732779000}], "maxAge": 86400}, "earningsHistory": {"history": [{"maxAge": 1, "epsActual": {}, "epsEstimate": {}, "epsDifference": {}, "surprisePercent": {}, "quarter": {}, "period": "-4q"}, {"maxAge": 1, "epsActual": {}, "epsEstimate": {}, "epsDifference": {}, "surprisePercent": {}, "quarter": {}, "period": "-3q"}, {"maxAge": 1, "epsActual": {}, "epsEstimate": {}, "epsDifference": {}, "surprisePercent": {}, "quarter": {}, "period": "-2q"}, {"maxAge": 1, "epsActual": {}, "epsEstimate": {}, "epsDifference": {}, "surprisePercent": {}, "quarter": {}, "period": "-1q"}], "maxAge": 86400}, "indexTrend": {"maxAge": 1, "symbol": "SP5", "peRatio": 19.7411, "pegRatio": 1.34172, "estimates": [{"period": "0q", "growth": 0.549}, {"period": "+1q", "growth": 0.431}, {"period": "0y", "growth": 0.305}, {"period": "+1y", "growth": 0.109}, {"period": "+5y", "growth": 0.120859005}, {"period": "-5y"}]}, "industryTrend": {"maxAge": 1, "symbol": null, "estimates": []}, "insiderTransactions": {"transactions": [{"maxAge": 1, "shares": 1000, "filerUrl": "", "transactionText": "", "filerName": "Western Press Pvt Ltd", "filerRelation": "Promoter", "moneyText": "", "startDate": "2020-06-26", "ownership": "D"}, {"maxAge": 1, "shares": 100000, "filerUrl": "", "transactionText": "", "filerName": "Dalal (Asim Bhupendra)", "filerRelation": "Promoter", "moneyText": "", "startDate": "2020-06-26", "ownership": "D"}, {"maxAge": 1, "shares": 1000, "filerUrl": "", "transactionText": "", "filerName": "Dalal (Avanti A)", "filerRelation": "Promoter", "moneyText": "", "startDate": "2020-06-26", "ownership": "D"}, {"maxAge": 1, "shares": 500, "filerUrl": "", "transactionText": "", "filerName": "Dalal (Rekha Bhupendra)", "filerRelation": "Promoter", "moneyText": "", "startDate": "2020-06-26", "ownership": "D"}, {"maxAge": 1, "shares": 17, "filerUrl": "", "transactionText": "", "filerName": "Bornare (Vijay)", "filerRelation": "UNREPORTED", "moneyText": "", "startDate": "2020-03-26", "ownership": "D"}, {"maxAge": 1, "shares": 69, "filerUrl": "", "transactionText": "", "filerName": "Saha (Moloy)", "filerRelation": "Chief Executive Officer", "moneyText": "", "startDate": "2020-02-28", "ownership": "D"}, {"maxAge": 1, "shares": 80, "filerUrl": "", "transactionText": "", "filerName": "Mahabdi (Manoj)", "filerRelation": "UNREPORTED", "moneyText": "", "startDate": "2020-02-24", "ownership": "D"}, {"maxAge": 1, "shares": 9704535, "filerUrl": "", "transactionText": "", "filerName": "Dhupelia (Pallavi)", "filerRelation": "Promoter", "moneyText": "", "startDate": "2019-06-28", "ownership": "D"}, {"maxAge": 1, "shares": 3860, "filerUrl": "", "transactionText": "", "filerName": "MPIL Corporation Ltd", "filerRelation": "Promoter", "moneyText": "", "startDate": "2019-06-20", "ownership": "D"}, {"maxAge": 1, "shares": 7500, "filerUrl": "", "transactionText": "", "filerName": "MPIL Corporation Ltd", "filerRelation": "Promoter", "moneyText": "", "startDate": "2019-06-19", "ownership": "D"}, {"maxAge": 1, "shares": 5000, "filerUrl": "", "transactionText": "", "filerName": "MPIL Corporation Ltd", "filerRelation": "Promoter", "moneyText": "", "startDate": "2019-06-07", "ownership": "D"}, {"maxAge": 1, "shares": 5000, "filerUrl": "", "transactionText": "", "filerName": "MPIL Corporation Ltd", "filerRelation": "Promoter", "moneyText": "", "startDate": "2019-06-06", "ownership": "D"}, {"maxAge": 1, "shares": 153633, "filerUrl": "", "transactionText": "", "filerName": "MPIL Corporation Ltd", "filerRelation": "Promoter", "moneyText": "", "startDate": "2019-06-04", "ownership": "D"}, {"maxAge": 1, "shares": 0, "filerUrl": "", "transactionText": "", "filerName": "MPIL Corporation Ltd", "filerRelation": "Promoter", "moneyText": "", "startDate": "2019-06-04", "ownership": "I"}, {"maxAge": 1, "shares": 7, "filerUrl": "", "transactionText": "", "filerName": "Pawar (Anil)", "filerRelation": "UNREPORTED", "moneyText": "", "startDate": "2019-04-09", "ownership": "D"}, {"maxAge": 1, "shares": 3550, "filerUrl": "", "transactionText": "", "filerName": "MPIL Corporation Ltd", "filerRelation": "Promoter", "moneyText": "", "startDate": "2019-01-30", "ownership": "D"}], "maxAge": 1}, "quoteType": {"exchange": "BSE", "quoteType": "EQUITY", "symbol": "FOODSIN.BO", "underlyingSymbol": "FOODSIN.BO", "shortName": "FOODS & INNS LTD.", "longName": "Foods and Inns Limited", "firstTradeDateEpochUtc": "2000-01-03 09:15:00", "timeZoneFullName": "Asia/Kolkata", "timeZoneShortName": "IST", "uuid": "621c46f1-2698-33a0-b16b-4c4122315508", "messageBoardId": null, "gmtOffSetMilliseconds": 19800000, "maxAge": 1}, "incomeStatementHistory": {"incomeStatementHistory": [{"maxAge": 1, "endDate": "2020-03-31", "totalRevenue": 3924115000, "costOfRevenue": 2539597000, "grossProfit": 1384518000, "researchDevelopment": {}, "sellingGeneralAdministrative": 273464000, "nonRecurring": {}, "otherOperatingExpenses": 785408000, "totalOperatingExpenses": 3722756000, "operatingIncome": 201359000, "totalOtherIncomeExpenseNet": -86757000, "ebit": 201359000, "interestExpense": -113705000, "incomeBeforeTax": 114602000, "incomeTaxExpense": 3705000, "minorityInterest": 14000, "netIncomeFromContinuingOps": 110897000, "discontinuedOperations": {}, "extraordinaryItems": {}, "effectOfAccountingCharges": {}, "otherItems": {}, "netIncome": 110897000, "netIncomeApplicableToCommonShares": 110897000}, {"maxAge": 1, "endDate": "2019-03-31", "totalRevenue": 3390437000, "costOfRevenue": 2099612000, "grossProfit": 1290825000, "researchDevelopment": {}, "sellingGeneralAdministrative": 263668000, "nonRecurring": {}, "otherOperatingExpenses": 765988000, "totalOperatingExpenses": 3244658000, "operatingIncome": 145779000, "totalOtherIncomeExpenseNet": 1036882000, "ebit": 145779000, "interestExpense": -131620000, "incomeBeforeTax": 1182661000, "incomeTaxExpense": 90496000, "minorityInterest": 14000, "netIncomeFromContinuingOps": 1092165000, "discontinuedOperations": {}, "extraordinaryItems": {}, "effectOfAccountingCharges": {}, "otherItems": {}, "netIncome": 1092165000, "netIncomeApplicableToCommonShares": 1092165000}, {"maxAge": 1, "endDate": "2018-03-31", "totalRevenue": 3352733000, "costOfRevenue": 2137152000, "grossProfit": 1215581000, "researchDevelopment": {}, "sellingGeneralAdministrative": 224701000, "nonRecurring": {}, "otherOperatingExpenses": 729272000, "totalOperatingExpenses": 3195788000, "operatingIncome": 156945000, "totalOtherIncomeExpenseNet": -110163000, "ebit": 156945000, "interestExpense": -176108000, "incomeBeforeTax": 46782000, "incomeTaxExpense": 12086000, "minorityInterest": -21163000, "netIncomeFromContinuingOps": 34696000, "discontinuedOperations": {}, "extraordinaryItems": {}, "effectOfAccountingCharges": {}, "otherItems": {}, "netIncome": 34696000, "netIncomeApplicableToCommonShares": 34696000}, {"maxAge": 1, "endDate": "2017-03-31", "totalRevenue": 3541617000, "costOfRevenue": 2362358000, "grossProfit": 1179259000, "researchDevelopment": {}, "sellingGeneralAdministrative": 231176000, "nonRecurring": {}, "otherOperatingExpenses": 720825000, "totalOperatingExpenses": 3416313000, "operatingIncome": 125304000, "totalOtherIncomeExpenseNet": -35129000, "ebit": 125304000, "interestExpense": -178082000, "incomeBeforeTax": 90175000, "incomeTaxExpense": 43109000, "minorityInterest": -9558000, "netIncomeFromContinuingOps": 47066000, "discontinuedOperations": {}, "extraordinaryItems": {}, "effectOfAccountingCharges": {}, "otherItems": {}, "netIncome": -14152000, "netIncomeApplicableToCommonShares": -14152000}], "maxAge": 86400}, "fundOwnership": {"maxAge": 1, "ownershipList": []}, "summaryDetail": {"maxAge": 1, "priceHint": 2, "previousClose": 51.85, "open": 52.5, "dayLow": 51.3, "dayHigh": 55.0, "regularMarketPreviousClose": 51.85, "regularMarketOpen": 52.5, "regularMarketDayLow": 51.3, "regularMarketDayHigh": 55.0, "trailingPE": 34.57237, "forwardPE": 8.558632, "volume": 44857, "regularMarketVolume": 44857, "averageVolume": 69122, "averageVolume10days": 50403, "averageDailyVolume10Day": 50403, "bid": 52.55, "ask": 53.5, "bidSize": 0, "askSize": 0, "marketCap": 2645277696, "fiftyTwoWeekLow": 30.4, "fiftyTwoWeekHigh": 65.0, "fiftyDayAverage": 54.602856, "twoHundredDayAverage": 51.31752, "trailingAnnualDividendRate": 0.2, "trailingAnnualDividendYield": 0.0038572808, "currency": "INR", "fromCurrency": null, "toCurrency": null, "lastMarket": null, "algorithm": null, "tradeable": false}, "sectorTrend": {"maxAge": 1, "symbol": null, "estimates": []}, "incomeStatementHistoryQuarterly": {"incomeStatementHistory": [{"maxAge": 1, "endDate": "2020-06-30", "totalRevenue": 682256000, "costOfRevenue": 323783000, "grossProfit": 358473000, "researchDevelopment": {}, "sellingGeneralAdministrative": 59708000, "nonRecurring": {}, "otherOperatingExpenses": 243834000, "totalOperatingExpenses": 658224000, "operatingIncome": 24032000, "totalOtherIncomeExpenseNet": -4641000, "ebit": 24032000, "interestExpense": -26056000, "incomeBeforeTax": 19391000, "incomeTaxExpense": 5249000, "minorityInterest": {}, "netIncomeFromContinuingOps": 14142000, "discontinuedOperations": {}, "extraordinaryItems": {}, "effectOfAccountingCharges": {}, "otherItems": {}, "netIncome": 14142000, "netIncomeApplicableToCommonShares": 14142000}, {"maxAge": 1, "endDate": "2020-03-31", "totalRevenue": 1385835000, "costOfRevenue": 1061846000, "grossProfit": 323989000, "researchDevelopment": {}, "sellingGeneralAdministrative": 98252000, "nonRecurring": {}, "otherOperatingExpenses": 99678000, "totalOperatingExpenses": 1291842000, "operatingIncome": 93993000, "totalOtherIncomeExpenseNet": -58042000, "ebit": 93993000, "interestExpense": -36113000, "incomeBeforeTax": 35951000, "incomeTaxExpense": 7141000, "minorityInterest": 14000, "netIncomeFromContinuingOps": 28810000, "discontinuedOperations": {}, "extraordinaryItems": {}, "effectOfAccountingCharges": {}, "otherItems": {}, "netIncome": 28810000, "netIncomeApplicableToCommonShares": 28810000}, {"maxAge": 1, "endDate": "2019-12-31", "totalRevenue": 834310000, "costOfRevenue": 568690000, "grossProfit": 265620000, "researchDevelopment": {}, "sellingGeneralAdministrative": 60040000, "nonRecurring": {}, "otherOperatingExpenses": 159140000, "totalOperatingExpenses": 816730000, "operatingIncome": 17580000, "totalOtherIncomeExpenseNet": -11900000, "ebit": 17580000, "interestExpense": -30210000, "incomeBeforeTax": 5680000, "incomeTaxExpense": -16960000, "minorityInterest": 14000, "netIncomeFromContinuingOps": 22640000, "discontinuedOperations": {}, "extraordinaryItems": {}, "effectOfAccountingCharges": {}, "otherItems": {}, "netIncome": 22640000, "netIncomeApplicableToCommonShares": 22640000}, {"maxAge": 1, "endDate": "2019-09-30", "totalRevenue": 723896000, "costOfRevenue": 419077000, "grossProfit": 304819000, "researchDevelopment": {}, "sellingGeneralAdministrative": 58724000, "nonRecurring": {}, "otherOperatingExpenses": 219439000, "totalOperatingExpenses": 728046000, "operatingIncome": -4150000, "totalOtherIncomeExpenseNet": 4649000, "ebit": -4150000, "interestExpense": -24692000, "incomeBeforeTax": 499000, "incomeTaxExpense": -6763000, "minorityInterest": 14000, "netIncomeFromContinuingOps": 7262000, "discontinuedOperations": {}, "extraordinaryItems": {}, "effectOfAccountingCharges": {}, "otherItems": {}, "netIncome": 7262000, "netIncomeApplicableToCommonShares": 7262000}], "maxAge": 86400}, "cashflowStatementHistoryQuarterly": {"cashflowStatements": [{"maxAge": 1, "endDate": "2020-06-30", "netIncome": 14142000, "changeToLiabilities": 0}, {"maxAge": 1, "endDate": "2020-03-31", "netIncome": 28810000, "changeToLiabilities": 0}, {"maxAge": 1, "endDate": "2019-12-31", "netIncome": 22640000, "changeToLiabilities": 0}, {"maxAge": 1, "endDate": "2019-09-30", "netIncome": 7262000, "changeToLiabilities": 0}], "maxAge": 86400}, "insiderHolders": {"holders": [{"maxAge": 1, "name": "Bornare (Vijay)", "relation": "UNREPORTED", "url": "", "transactionDescription": "Acquisition", "latestTransDate": "2020-03-26", "positionDirect": 17, "positionDirectDate": "2020-03-26"}, {"maxAge": 1, "name": "Dalal (Asim Bhupendra)", "relation": "Promoter", "url": "", "transactionDescription": "Sale", "latestTransDate": "2020-06-26", "positionDirect": 690500, "positionDirectDate": "2020-06-26"}, {"maxAge": 1, "name": "Dalal (Avanti A)", "relation": "Promoter", "url": "", "transactionDescription": "Acquisition", "latestTransDate": "2020-06-26", "positionDirect": 10000, "positionDirectDate": "2020-06-26"}, {"maxAge": 1, "name": "Dalal (Rekha Bhupendra)", "relation": "Promoter", "url": "", "transactionDescription": "Acquisition", "latestTransDate": "2020-06-26", "positionDirect": 2250500, "positionDirectDate": "2020-06-26"}, {"maxAge": 1, "name": "Dhupelia (Pallavi)", "relation": "Promoter", "url": "", "transactionDescription": "Acquisition", "latestTransDate": "2019-06-28", "positionDirect": 10000450, "positionDirectDate": "2019-06-28"}, {"maxAge": 1, "name": "MPIL Corporation Ltd", "relation": "Promoter", "url": "", "transactionDescription": "Acquisition", "latestTransDate": "2019-06-20", "positionDirect": 246360, "positionDirectDate": "2019-06-20"}, {"maxAge": 1, "name": "Mahabdi (Manoj)", "relation": "UNREPORTED", "url": "", "transactionDescription": "Sale", "latestTransDate": "2020-02-24", "positionDirect": 100, "positionDirectDate": "2020-02-24"}, {"maxAge": 1, "name": "Pawar (Anil)", "relation": "UNREPORTED", "url": "", "transactionDescription": "Acquisition", "latestTransDate": "2019-04-09", "positionDirect": 7, "positionDirectDate": "2019-04-09"}, {"maxAge": 1, "name": "Saha (Moloy)", "relation": "Chief Executive Officer", "url": "", "transactionDescription": "Sale", "latestTransDate": "2020-02-28", "positionDirect": 171831, "positionDirectDate": "2020-02-28"}, {"maxAge": 1, "name": "Western Press Pvt Ltd", "relation": "Promoter", "url": "", "transactionDescription": "Acquisition", "latestTransDate": "2020-06-26", "positionDirect": 3451000, "positionDirectDate": "2020-06-26"}], "maxAge": 1}, "earnings": {"maxAge": 86400, "earningsChart": {"quarterly": [], "earningsDate": ["2020-08-20 05:30:S"]}, "financialsChart": {"yearly": [{"date": 2017, "revenue": 3541617000, "earnings": -14152000}, {"date": 2018, "revenue": 3352733000, "earnings": 34696000}, {"date": 2019, "revenue": 3390437000, "earnings": 1092165000}, {"date": 2020, "revenue": 3924115000, "earnings": 110897000}], "quarterly": [{"date": "3Q2019", "revenue": 723896000, "earnings": 7262000}, {"date": "4Q2019", "revenue": 834310000, "earnings": 22640000}, {"date": "1Q2020", "revenue": 1385835000, "earnings": 28810000}, {"date": "2Q2020", "revenue": 682256000, "earnings": 14142000}]}, "financialCurrency": "INR"}, "calendarEvents": {"maxAge": 1, "earnings": {"earningsDate": ["2020-08-20 05:30:S"], "revenueLow": 1050930000, "revenueHigh": 1050930000}}, "price": {"maxAge": 1, "regularMarketChangePercent": 0.013500498, "regularMarketChange": 0.70000076, "regularMarketTime": "2021-04-30 15:40:45", "priceHint": 2, "regularMarketPrice": 52.55, "regularMarketDayHigh": 55.0, "regularMarketDayLow": 51.3, "regularMarketVolume": 44857, "averageDailyVolume10Day": 50403, "averageDailyVolume3Month": 69122, "regularMarketPreviousClose": 51.85, "regularMarketSource": "FREE_REALTIME", "regularMarketOpen": 52.5, "exchange": "BSE", "exchangeName": "BSE", "exchangeDataDelayedBy": 0, "marketState": "CLOSED", "quoteType": "EQUITY", "symbol": "FOODSIN.BO", "underlyingSymbol": null, "shortName": "FOODS & INNS LTD.", "longName": "Foods and Inns Limited", "currency": "INR", "quoteSourceName": "Delayed Quote", "currencySymbol": "\u20b9", "fromCurrency": null, "toCurrency": null, "lastMarket": null, "marketCap": 2645277696}, "balanceSheetHistory": {"balanceSheetStatements": [{"maxAge": 1, "endDate": "2020-03-31", "cash": 23292000, "netReceivables": 1085916000, "inventory": 1400378000, "otherCurrentAssets": 146594000, "totalCurrentAssets": 2667326000, "longTermInvestments": 705000, "propertyPlantEquipment": 1231614000, "goodWill": 121000000, "intangibleAssets": 11867000, "otherAssets": 164591000, "deferredLongTermAssetCharges": 91951000, "totalAssets": 4197103000, "accountsPayable": 785223000, "shortLongTermDebt": 30315000, "otherCurrentLiab": 179320000, "longTermDebt": 119854000, "otherLiab": 5105000, "minorityInterest": 14000, "totalCurrentLiabilities": 2273451000, "totalLiab": 2403718000, "commonStock": 50338000, "retainedEarnings": 1496471000, "treasuryStock": 30604000, "capitalSurplus": 215958000, "otherStockholderEquity": 30604000, "totalStockholderEquity": 1793371000, "netTangibleAssets": 1660504000}, {"maxAge": 1, "endDate": "2019-03-31", "cash": 8082000, "shortTermInvestments": 27441000, "netReceivables": 902409000, "inventory": 1090576000, "otherCurrentAssets": 258052000, "totalCurrentAssets": 2265238000, "longTermInvestments": 721000, "propertyPlantEquipment": 1190831000, "intangibleAssets": 13144000, "otherAssets": 137652000, "deferredLongTermAssetCharges": 81417000, "totalAssets": 3607586000, "accountsPayable": 349075000, "shortLongTermDebt": 9929000, "otherCurrentLiab": 466410000, "longTermDebt": 85307000, "otherLiab": 6393000, "totalCurrentLiabilities": 1817438000, "totalLiab": 1909138000, "commonStock": 16779000, "retainedEarnings": 1434961000, "treasuryStock": 30750000, "capitalSurplus": 215958000, "otherStockholderEquity": 30750000, "totalStockholderEquity": 1698448000, "netTangibleAssets": 1685304000}, {"maxAge": 1, "endDate": "2018-03-31", "cash": 37634000, "shortTermInvestments": 451000, "netReceivables": 821689000, "inventory": 1151667000, "otherCurrentAssets": 293732000, "totalCurrentAssets": 2311546000, "longTermInvestments": 932000, "propertyPlantEquipment": 1106008000, "intangibleAssets": 186700000, "otherAssets": 53425000, "totalAssets": 3658611000, "accountsPayable": 754208000, "shortLongTermDebt": 19765000, "otherCurrentLiab": 198125000, "longTermDebt": 54890000, "otherLiab": 118433000, "minorityInterest": -21163000, "totalCurrentLiabilities": 2870541000, "totalLiab": 3043864000, "commonStock": 16419000, "retainedEarnings": 348420000, "treasuryStock": 64910000, "capitalSurplus": 184998000, "otherStockholderEquity": 64910000, "totalStockholderEquity": 614747000, "netTangibleAssets": 428047000}, {"maxAge": 1, "endDate": "2017-03-31", "cash": 17699000, "shortTermInvestments": 368000, "netReceivables": 645228000, "inventory": 1161788000, "otherCurrentAssets": 225867000, "totalCurrentAssets": 2057136000, "longTermInvestments": 1080000, "propertyPlantEquipment": 1180187000, "intangibleAssets": 186711000, "otherAssets": 38710000, "totalAssets": 3463824000, "accountsPayable": 667993000, "shortLongTermDebt": 26157000, "otherCurrentLiab": 230083000, "longTermDebt": 38475000, "otherLiab": 135458000, "minorityInterest": -9558000, "totalCurrentLiabilities": 2712221000, "totalLiab": 2886154000, "commonStock": 16059000, "retainedEarnings": 359317000, "treasuryStock": 52414000, "capitalSurplus": 159438000, "otherStockholderEquity": 52414000, "totalStockholderEquity": 587228000, "netTangibleAssets": 400517000}], "maxAge": 86400}, "earningsTrend": {"trend": [{"maxAge": 1, "period": "0q", "endDate": "2018-03-31", "growth": {}, "earningsEstimate": {"avg": 0.0, "low": 0.0, "high": 0.0, "yearAgoEps": {}, "numberOfAnalysts": 0, "growth": {}}, "revenueEstimate": {"avg": 0, "low": 1050930000, "high": 1050930000, "numberOfAnalysts": 1, "yearAgoRevenue": {}, "growth": {}}, "epsTrend": {"current": 0.0, "7daysAgo": 2.1, "30daysAgo": 2.1, "60daysAgo": 2.1, "90daysAgo": 2.1}, "epsRevisions": {"upLast7days": 0, "upLast30days": 0, "downLast30days": 0, "downLast90days": {}}}, {"maxAge": 1, "period": "+1q", "endDate": "2018-06-30", "growth": {}, "earningsEstimate": {"avg": 0.0, "low": 0.0, "high": 0.0, "yearAgoEps": {}, "numberOfAnalysts": 0, "growth": {}}, "revenueEstimate": {"avg": 0, "low": 0, "high": 0, "numberOfAnalysts": 0, "yearAgoRevenue": {}, "growth": {}}, "epsTrend": {"current": 0.0, "7daysAgo": 0.0, "30daysAgo": 0.0, "60daysAgo": 0.0, "90daysAgo": 0.0}, "epsRevisions": {"upLast7days": 0, "upLast30days": 0, "downLast30days": 0, "downLast90days": {}}}, {"maxAge": 1, "period": "0y", "endDate": "2018-03-31", "growth": {}, "earningsEstimate": {"avg": 0.0, "low": 0.0, "high": 0.0, "yearAgoEps": {}, "numberOfAnalysts": 0, "growth": {}}, "revenueEstimate": {"avg": 3352730000, "low": 3210280000, "high": 3210280000, "numberOfAnalysts": 1, "yearAgoRevenue": 3376100000, "growth": -0.0069999998}, "epsTrend": {"current": 0.0, "7daysAgo": 5.2, "30daysAgo": 5.2, "60daysAgo": 5.2, "90daysAgo": 5.2}, "epsRevisions": {"upLast7days": 0, "upLast30days": 0, "downLast30days": 0, "downLast90days": {}}}, {"maxAge": 1, "period": "+1y", "endDate": "2019-03-31", "growth": {}, "earningsEstimate": {"avg": 0.0, "low": 0.0, "high": 0.0, "yearAgoEps": {}, "numberOfAnalysts": 0, "growth": {}}, "revenueEstimate": {"avg": 3518460000, "low": 3518460000, "high": 3518460000, "numberOfAnalysts": 1, "yearAgoRevenue": 3352730000, "growth": 0.049000002}, "epsTrend": {"current": 0.0, "7daysAgo": 6.14, "30daysAgo": 6.14, "60daysAgo": 6.14, "90daysAgo": 6.14}, "epsRevisions": {"upLast7days": 0, "upLast30days": 0, "downLast30days": 0, "downLast90days": {}}}, {"maxAge": 1, "period": "+5y", "endDate": null, "growth": {}, "earningsEstimate": {"avg": {}, "low": {}, "high": {}, "yearAgoEps": {}, "numberOfAnalysts": {}, "growth": {}}, "revenueEstimate": {"avg": {}, "low": {}, "high": {}, "numberOfAnalysts": {}, "yearAgoRevenue": {}, "growth": {}}, "epsTrend": {"current": {}, "7daysAgo": {}, "30daysAgo": {}, "60daysAgo": {}, "90daysAgo": {}}, "epsRevisions": {"upLast7days": {}, "upLast30days": {}, "downLast30days": {}, "downLast90days": {}}}, {"maxAge": 1, "period": "-5y", "endDate": null, "growth": {}, "earningsEstimate": {"avg": {}, "low": {}, "high": {}, "yearAgoEps": {}, "numberOfAnalysts": {}, "growth": {}}, "revenueEstimate": {"avg": {}, "low": {}, "high": {}, "numberOfAnalysts": {}, "yearAgoRevenue": {}, "growth": {}}, "epsTrend": {"current": {}, "7daysAgo": {}, "30daysAgo": {}, "60daysAgo": {}, "90daysAgo": {}}, "epsRevisions": {"upLast7days": {}, "upLast30days": {}, "downLast30days": {}, "downLast90days": {}}}], "maxAge": 1}, "financialData": {"maxAge": 86400, "currentPrice": 52.55, "recommendationKey": "none", "grossProfits": 1384518000, "financialCurrency": "INR"}}}