{"FORBESCO.BO": {"recommendationTrend": {"trend": [{"period": "0m", "strongBuy": 0, "buy": 0, "hold": 0, "sell": 0, "strongSell": 0}, {"period": "-1m", "strongBuy": 0, "buy": 0, "hold": 0, "sell": 0, "strongSell": 0}, {"period": "-2m", "strongBuy": 0, "buy": 0, "hold": 0, "sell": 0, "strongSell": 0}, {"period": "-3m", "strongBuy": 0, "buy": 0, "hold": 0, "sell": 0, "strongSell": 0}], "maxAge": 86400}, "cashflowStatementHistory": {"cashflowStatements": [{"maxAge": 1, "endDate": "2020-03-31", "netIncome": -3246016000, "depreciation": 825401000, "changeToNetincome": 2803268000, "changeToAccountReceivables": 663338000, "changeToLiabilities": -25320000, "changeToInventory": -1170468000, "changeToOperatingActivities": 2277728000, "totalCashFromOperatingActivities": 2294114000, "capitalExpenditures": -937026000, "investments": -616420000, "otherCashflowsFromInvestingActivities": 25143000, "totalCashflowsFromInvestingActivities": -1431157000, "dividendsPaid": -62807000, "netBorrowings": -227423000, "otherCashflowsFromFinancingActivities": -933215000, "totalCashFromFinancingActivities": -1223445000, "effectOfExchangeRate": 157000, "changeInCash": -360331000}, {"maxAge": 1, "endDate": "2019-03-31", "netIncome": 69643000, "depreciation": 662628000, "changeToNetincome": 641583000, "changeToAccountReceivables": -557568000, "changeToLiabilities": 121009000, "changeToInventory": -487950000, "changeToOperatingActivities": 1517396000, "totalCashFromOperatingActivities": 2074578000, "capitalExpenditures": -639342000, "investments": 22405000, "otherCashflowsFromInvestingActivities": -1593345000, "totalCashflowsFromInvestingActivities": -452895000, "dividendsPaid": -30103000, "netBorrowings": -1379930000, "otherCashflowsFromFinancingActivities": -886213000, "totalCashFromFinancingActivities": -2296246000, "effectOfExchangeRate": 13586000, "changeInCash": -664370000}, {"maxAge": 1, "endDate": "2018-03-31", "netIncome": -194427000, "depreciation": 613620000, "changeToNetincome": 875769000, "changeToAccountReceivables": 259258000, "changeToLiabilities": 349414000, "changeToInventory": 17586000, "changeToOperatingActivities": -357329000, "totalCashFromOperatingActivities": 1703287000, "capitalExpenditures": -1660017000, "investments": 198999000, "otherCashflowsFromInvestingActivities": 64001000, "totalCashflowsFromInvestingActivities": -1294947000, "dividendsPaid": -31831000, "netBorrowings": 12912000, "otherCashflowsFromFinancingActivities": -922904000, "totalCashFromFinancingActivities": -941823000, "effectOfExchangeRate": -28000, "changeInCash": -533511000}, {"maxAge": 1, "endDate": "2017-03-31", "netIncome": 844798000, "depreciation": 600676000, "changeToNetincome": -34730000, "changeToAccountReceivables": 428037000, "changeToLiabilities": 195887000, "changeToInventory": -833859000, "changeToOperatingActivities": -635459000, "totalCashFromOperatingActivities": 671237000, "capitalExpenditures": -921921000, "investments": -61593000, "otherCashflowsFromInvestingActivities": 68034000, "totalCashflowsFromInvestingActivities": 55810000, "dividendsPaid": -31831000, "netBorrowings": 766766000, "otherCashflowsFromFinancingActivities": -964041000, "totalCashFromFinancingActivities": -197275000, "effectOfExchangeRate": -28000, "changeInCash": 520863000}], "maxAge": 86400}, "institutionOwnership": {"maxAge": 1, "ownershipList": []}, "balanceSheetHistoryQuarterly": {"balanceSheetStatements": [{"maxAge": 1, "endDate": "2020-06-30", "totalStockholderEquity": -881488000, "netTangibleAssets": -4837691000}, {"maxAge": 1, "endDate": "2020-03-31", "cash": 345269000, "shortTermInvestments": 23937000, "netReceivables": 4358498000, "inventory": 7501552000, "otherCurrentAssets": 644379000, "totalCurrentAssets": 13440614000, "longTermInvestments": 869575000, "propertyPlantEquipment": 6164886000, "goodWill": 2811096000, "intangibleAssets": 1145107000, "otherAssets": 3046831000, "deferredLongTermAssetCharges": 778595000, "totalAssets": 27478109000, "accountsPayable": 4063445000, "shortLongTermDebt": 3049235000, "otherCurrentLiab": 8589590000, "longTermDebt": 3438285000, "otherLiab": 1849033000, "deferredLongTermLiab": 191487000, "minorityInterest": 985004000, "totalCurrentLiabilities": 21825929000, "totalLiab": 27374593000, "commonStock": 128986000, "retainedEarnings": -1576476000, "treasuryStock": 500472000, "capitalSurplus": 65530000, "otherStockholderEquity": 503727000, "totalStockholderEquity": -881488000, "netTangibleAssets": -4837691000}, {"maxAge": 1, "endDate": "2019-12-31", "totalStockholderEquity": 886800000, "netTangibleAssets": -3915100000}, {"maxAge": 1, "endDate": "2019-09-30", "cash": 884400000, "shortTermInvestments": 266100000, "netReceivables": 5168700000, "inventory": 6873100000, "otherCurrentAssets": 1185800000, "totalCurrentAssets": 14378100000, "longTermInvestments": 972000000, "propertyPlantEquipment": 6087200000, "goodWill": 3407300000, "intangibleAssets": 1394600000, "otherAssets": 3028300000, "deferredLongTermAssetCharges": 628600000, "totalAssets": 29267500000, "accountsPayable": 4145900000, "otherCurrentLiab": 13051100000, "longTermDebt": 4017000000, "otherLiab": 1630600000, "minorityInterest": 1029600000, "totalCurrentLiabilities": 21405400000, "totalLiab": 27351100000, "commonStock": 129000000, "treasuryStock": 757800000, "otherStockholderEquity": 757800000, "totalStockholderEquity": 886800000, "netTangibleAssets": -3915100000}], "maxAge": 86400}, "earningsHistory": {"history": [{"maxAge": 1, "epsActual": {}, "epsEstimate": {}, "epsDifference": {}, "surprisePercent": {}, "quarter": {}, "period": "-4q"}, {"maxAge": 1, "epsActual": {}, "epsEstimate": {}, "epsDifference": {}, "surprisePercent": {}, "quarter": {}, "period": "-3q"}, {"maxAge": 1, "epsActual": {}, "epsEstimate": {}, "epsDifference": {}, "surprisePercent": {}, "quarter": {}, "period": "-2q"}, {"maxAge": 1, "epsActual": {}, "epsEstimate": {}, "epsDifference": {}, "surprisePercent": {}, "quarter": {}, "period": "-1q"}], "maxAge": 86400}, "indexTrend": {"maxAge": 1, "symbol": "SP5", "peRatio": 19.7411, "pegRatio": 1.34172, "estimates": [{"period": "0q", "growth": 0.549}, {"period": "+1q", "growth": 0.431}, {"period": "0y", "growth": 0.305}, {"period": "+1y", "growth": 0.109}, {"period": "+5y", "growth": 0.120859005}, {"period": "-5y"}]}, "industryTrend": {"maxAge": 1, "symbol": null, "estimates": []}, "quoteType": {"exchange": "BSE", "quoteType": "EQUITY", "symbol": "FORBESCO.BO", "underlyingSymbol": "FORBESCO.BO", "shortName": "FORBES & COMPANY LTD.", "longName": "Forbes & Company Limited", "firstTradeDateEpochUtc": "2002-07-01 09:15:00", "timeZoneFullName": "Asia/Kolkata", "timeZoneShortName": "IST", "uuid": "740d580d-f87f-32b5-930c-4ae3956d9c5f", "messageBoardId": null, "gmtOffSetMilliseconds": 19800000, "maxAge": 1}, "incomeStatementHistory": {"incomeStatementHistory": [{"maxAge": 1, "endDate": "2020-03-31", "totalRevenue": 27545784000, "costOfRevenue": 10417553000, "grossProfit": 17128231000, "researchDevelopment": {}, "sellingGeneralAdministrative": 7121592000, "nonRecurring": {}, "otherOperatingExpenses": 9655200000, "totalOperatingExpenses": 28185929000, "operatingIncome": -640145000, "totalOtherIncomeExpenseNet": -2767502000, "ebit": -640145000, "interestExpense": -999692000, "incomeBeforeTax": -3407647000, "incomeTaxExpense": -24904000, "minorityInterest": 985004000, "netIncomeFromContinuingOps": -3382743000, "discontinuedOperations": {}, "extraordinaryItems": {}, "effectOfAccountingCharges": {}, "otherItems": {}, "netIncome": -3246016000, "netIncomeApplicableToCommonShares": -3246016000}, {"maxAge": 1, "endDate": "2019-03-31", "totalRevenue": 28532557000, "costOfRevenue": 10811056000, "grossProfit": 17721501000, "researchDevelopment": {}, "sellingGeneralAdministrative": 7165373000, "nonRecurring": {}, "otherOperatingExpenses": 9023825000, "totalOperatingExpenses": 27770719000, "operatingIncome": 761838000, "totalOtherIncomeExpenseNet": -646860000, "ebit": 761838000, "interestExpense": -920890000, "incomeBeforeTax": 114978000, "incomeTaxExpense": 144826000, "minorityInterest": 1092290000, "netIncomeFromContinuingOps": -29848000, "discontinuedOperations": {}, "extraordinaryItems": {}, "effectOfAccountingCharges": {}, "otherItems": {}, "netIncome": 69643000, "netIncomeApplicableToCommonShares": 69643000}, {"maxAge": 1, "endDate": "2018-03-31", "totalRevenue": 28225035000, "costOfRevenue": 11071385000, "grossProfit": 17153650000, "researchDevelopment": {}, "sellingGeneralAdministrative": 7772587000, "nonRecurring": {}, "otherOperatingExpenses": 8046145000, "totalOperatingExpenses": 27643133000, "operatingIncome": 581902000, "totalOtherIncomeExpenseNet": -623085000, "ebit": 581902000, "interestExpense": -963744000, "incomeBeforeTax": -41183000, "incomeTaxExpense": 280905000, "minorityInterest": 1192269000, "netIncomeFromContinuingOps": -322088000, "discontinuedOperations": {}, "extraordinaryItems": {}, "effectOfAccountingCharges": {}, "otherItems": {}, "netIncome": -194427000, "netIncomeApplicableToCommonShares": -194427000}, {"maxAge": 1, "endDate": "2017-03-31", "totalRevenue": 29985527000, "costOfRevenue": 12482331000, "grossProfit": 17503196000, "researchDevelopment": {}, "sellingGeneralAdministrative": 7776082000, "nonRecurring": {}, "otherOperatingExpenses": 8662576000, "totalOperatingExpenses": 29627552000, "operatingIncome": 357975000, "totalOtherIncomeExpenseNet": 779952000, "ebit": 357975000, "interestExpense": -712685000, "incomeBeforeTax": 1137927000, "incomeTaxExpense": 244480000, "minorityInterest": 1323595000, "netIncomeFromContinuingOps": 893447000, "discontinuedOperations": {}, "extraordinaryItems": {}, "effectOfAccountingCharges": {}, "otherItems": {}, "netIncome": 844798000, "netIncomeApplicableToCommonShares": 844798000}], "maxAge": 86400}, "fundOwnership": {"maxAge": 1, "ownershipList": []}, "summaryDetail": {"maxAge": 1, "priceHint": 2, "previousClose": 1642.05, "open": 1710.0, "dayLow": 1640.0, "dayHigh": 1710.0, "regularMarketPreviousClose": 1642.05, "regularMarketOpen": 1710.0, "regularMarketDayLow": 1640.0, "regularMarketDayHigh": 1710.0, "volume": 456, "regularMarketVolume": 456, "averageVolume": 2056, "averageVolume10days": 2217, "averageDailyVolume10Day": 2217, "bid": 1642.95, "ask": 1660.0, "bidSize": 0, "askSize": 0, "marketCap": 21273661440, "fiftyTwoWeekLow": 642.0, "fiftyTwoWeekHigh": 1750.0, "fiftyDayAverage": 1522.86, "twoHundredDayAverage": 1454.1953, "trailingAnnualDividendRate": 2.5, "trailingAnnualDividendYield": 0.0015224871, "currency": "INR", "fromCurrency": null, "toCurrency": null, "lastMarket": null, "algorithm": null, "tradeable": false}, "sectorTrend": {"maxAge": 1, "symbol": null, "estimates": []}, "incomeStatementHistoryQuarterly": {"incomeStatementHistory": [{"maxAge": 1, "endDate": "2020-06-30", "totalRevenue": 4210100000, "costOfRevenue": 1217700000, "grossProfit": 2992400000, "researchDevelopment": {}, "sellingGeneralAdministrative": 1486300000, "nonRecurring": {}, "otherOperatingExpenses": 1448000000, "totalOperatingExpenses": 4422100000, "operatingIncome": -212000000, "totalOtherIncomeExpenseNet": -190000000, "ebit": -212000000, "interestExpense": -234700000, "incomeBeforeTax": -402000000, "incomeTaxExpense": 8900000, "minorityInterest": {}, "netIncomeFromContinuingOps": -410900000, "discontinuedOperations": {}, "extraordinaryItems": {}, "effectOfAccountingCharges": {}, "otherItems": {}, "netIncome": -459700000, "netIncomeApplicableToCommonShares": -459700000}, {"maxAge": 1, "endDate": "2020-03-31", "totalRevenue": 6187784000, "costOfRevenue": 2636953000, "grossProfit": 3550831000, "researchDevelopment": {}, "sellingGeneralAdministrative": 1830592000, "nonRecurring": {}, "otherOperatingExpenses": 2222600000, "totalOperatingExpenses": 6962529000, "operatingIncome": -774745000, "totalOtherIncomeExpenseNet": -839002000, "ebit": -774745000, "interestExpense": -270492000, "incomeBeforeTax": -1613747000, "incomeTaxExpense": -178504000, "minorityInterest": 985004000, "netIncomeFromContinuingOps": -1435243000, "discontinuedOperations": {}, "extraordinaryItems": {}, "effectOfAccountingCharges": {}, "otherItems": {}, "netIncome": -1361216000, "netIncomeApplicableToCommonShares": -1361216000}, {"maxAge": 1, "endDate": "2019-12-31", "totalRevenue": 6999900000, "costOfRevenue": 2487900000, "grossProfit": 4512000000, "researchDevelopment": {}, "sellingGeneralAdministrative": 1747100000, "nonRecurring": {}, "otherOperatingExpenses": 2546800000, "totalOperatingExpenses": 7029200000, "operatingIncome": -29300000, "totalOtherIncomeExpenseNet": -184500000, "ebit": -29300000, "interestExpense": -279000000, "incomeBeforeTax": -213800000, "incomeTaxExpense": 55500000, "minorityInterest": 985004000, "netIncomeFromContinuingOps": -269300000, "discontinuedOperations": {}, "extraordinaryItems": {}, "effectOfAccountingCharges": {}, "otherItems": {}, "netIncome": -269300000, "netIncomeApplicableToCommonShares": -269300000}, {"maxAge": 1, "endDate": "2019-09-30", "totalRevenue": 7259300000, "costOfRevenue": 2717000000, "grossProfit": 4542300000, "researchDevelopment": {}, "sellingGeneralAdministrative": 1842100000, "nonRecurring": {}, "otherOperatingExpenses": 2448800000, "totalOperatingExpenses": 7247300000, "operatingIncome": 12000000, "totalOtherIncomeExpenseNet": -1637400000, "ebit": 12000000, "interestExpense": -222400000, "incomeBeforeTax": -1625400000, "incomeTaxExpense": 56200000, "minorityInterest": 1029600000, "netIncomeFromContinuingOps": -1681600000, "discontinuedOperations": {}, "extraordinaryItems": {}, "effectOfAccountingCharges": {}, "otherItems": {}, "netIncome": -1649900000, "netIncomeApplicableToCommonShares": -1649900000}], "maxAge": 86400}, "cashflowStatementHistoryQuarterly": {"cashflowStatements": [{"maxAge": 1, "endDate": "2020-06-30", "netIncome": -459700000, "changeToLiabilities": 0}, {"maxAge": 1, "endDate": "2020-03-31", "netIncome": -1361216000, "changeToLiabilities": 0}, {"maxAge": 1, "endDate": "2019-12-31", "netIncome": -269300000, "changeToLiabilities": 0}, {"maxAge": 1, "endDate": "2019-09-30", "netIncome": -1649900000, "changeToLiabilities": 0}], "maxAge": 86400}, "insiderHolders": {"holders": [], "maxAge": 1}, "earnings": {"maxAge": 86400, "earningsChart": {"quarterly": [], "earningsDate": []}, "financialsChart": {"yearly": [{"date": 2017, "revenue": 29985527000, "earnings": 844798000}, {"date": 2018, "revenue": 28225035000, "earnings": -194427000}, {"date": 2019, "revenue": 28532557000, "earnings": 69643000}, {"date": 2020, "revenue": 27545784000, "earnings": -3246016000}], "quarterly": [{"date": "3Q2019", "revenue": 7259300000, "earnings": -1649900000}, {"date": "4Q2019", "revenue": 6999900000, "earnings": -269300000}, {"date": "1Q2020", "revenue": 6187784000, "earnings": -1361216000}, {"date": "2Q2020", "revenue": 4210100000, "earnings": -459700000}]}, "financialCurrency": "INR"}, "calendarEvents": {"maxAge": 1, "earnings": {"earningsDate": []}}, "price": {"maxAge": 1, "regularMarketChangePercent": 0.0044152127, "regularMarketChange": 7.25, "regularMarketTime": "2021-04-30 15:21:59", "priceHint": 2, "regularMarketPrice": 1649.3, "regularMarketDayHigh": 1710.0, "regularMarketDayLow": 1640.0, "regularMarketVolume": 456, "averageDailyVolume10Day": 2217, "averageDailyVolume3Month": 2056, "regularMarketPreviousClose": 1642.05, "regularMarketSource": "FREE_REALTIME", "regularMarketOpen": 1710.0, "exchange": "BSE", "exchangeName": "BSE", "exchangeDataDelayedBy": 0, "marketState": "CLOSED", "quoteType": "EQUITY", "symbol": "FORBESCO.BO", "underlyingSymbol": null, "shortName": "FORBES & COMPANY LTD.", "longName": "Forbes & Company Limited", "currency": "INR", "quoteSourceName": "Delayed Quote", "currencySymbol": "\u20b9", "fromCurrency": null, "toCurrency": null, "lastMarket": null, "marketCap": 21273661440}, "balanceSheetHistory": {"balanceSheetStatements": [{"maxAge": 1, "endDate": "2020-03-31", "cash": 345269000, "shortTermInvestments": 23937000, "netReceivables": 4358498000, "inventory": 7501552000, "otherCurrentAssets": 644379000, "totalCurrentAssets": 13440614000, "longTermInvestments": 869575000, "propertyPlantEquipment": 6164886000, "goodWill": 2811096000, "intangibleAssets": 1145107000, "otherAssets": 3046831000, "deferredLongTermAssetCharges": 778595000, "totalAssets": 27478109000, "accountsPayable": 4063445000, "shortLongTermDebt": 3049235000, "otherCurrentLiab": 8589590000, "longTermDebt": 3438285000, "otherLiab": 1849033000, "deferredLongTermLiab": 191487000, "minorityInterest": 985004000, "totalCurrentLiabilities": 21825929000, "totalLiab": 27374593000, "commonStock": 128986000, "retainedEarnings": -1576476000, "treasuryStock": 500472000, "capitalSurplus": 65530000, "otherStockholderEquity": 503727000, "totalStockholderEquity": -881488000, "netTangibleAssets": -4837691000}, {"maxAge": 1, "endDate": "2019-03-31", "cash": 705600000, "shortTermInvestments": 20497000, "netReceivables": 4853501000, "inventory": 6432073000, "otherCurrentAssets": 457716000, "totalCurrentAssets": 12644861000, "longTermInvestments": 813054000, "propertyPlantEquipment": 5568466000, "goodWill": 4984003000, "intangibleAssets": 1237537000, "otherAssets": 3544032000, "deferredLongTermAssetCharges": 665177000, "totalAssets": 28791953000, "accountsPayable": 4102921000, "shortLongTermDebt": 2049936000, "otherCurrentLiab": 6839827000, "longTermDebt": 5785182000, "otherLiab": 1823931000, "deferredLongTermLiab": 161848000, "minorityInterest": 1092290000, "totalCurrentLiabilities": 17454185000, "totalLiab": 25063298000, "commonStock": 128986000, "retainedEarnings": 1530838000, "treasuryStock": 911011000, "capitalSurplus": 65530000, "otherStockholderEquity": 914266000, "totalStockholderEquity": 2636365000, "netTangibleAssets": -3585175000}, {"maxAge": 1, "endDate": "2018-03-31", "cash": 1369970000, "shortTermInvestments": 30598000, "netReceivables": 4926336000, "inventory": 4361055000, "otherCurrentAssets": 1362980000, "totalCurrentAssets": 12199316000, "longTermInvestments": 803016000, "propertyPlantEquipment": 6021340000, "goodWill": 4774219000, "intangibleAssets": 1163228000, "otherAssets": 2668550000, "deferredLongTermAssetCharges": 261504000, "totalAssets": 27629669000, "accountsPayable": 3990938000, "shortLongTermDebt": 1545216000, "otherCurrentLiab": 3927576000, "longTermDebt": 7353190000, "otherLiab": 1872158000, "deferredLongTermLiab": 125006000, "minorityInterest": 1192269000, "totalCurrentLiabilities": 14053959000, "totalLiab": 23279307000, "commonStock": 128986000, "retainedEarnings": 2085881000, "treasuryStock": 877696000, "capitalSurplus": 65530000, "otherStockholderEquity": 880951000, "totalStockholderEquity": 3158093000, "netTangibleAssets": -2779354000}, {"maxAge": 1, "endDate": "2017-03-31", "cash": 1903481000, "shortTermInvestments": 314546000, "netReceivables": 5279665000, "inventory": 5180947000, "otherCurrentAssets": 278394000, "totalCurrentAssets": 13117009000, "longTermInvestments": 731444000, "propertyPlantEquipment": 5240194000, "goodWill": 4393501000, "intangibleAssets": 1021049000, "otherAssets": 2594214000, "deferredLongTermAssetCharges": 236937000, "totalAssets": 27097411000, "accountsPayable": 3663441000, "shortLongTermDebt": 982020000, "otherCurrentLiab": 4107730000, "longTermDebt": 7745158000, "otherLiab": 1750414000, "deferredLongTermLiab": 192632000, "minorityInterest": 1323595000, "totalCurrentLiabilities": 13138768000, "totalLiab": 22634340000, "commonStock": 128986000, "retainedEarnings": 2336848000, "treasuryStock": 608112000, "capitalSurplus": 65530000, "otherStockholderEquity": 611367000, "totalStockholderEquity": 3139476000, "netTangibleAssets": -2275074000}], "maxAge": 86400}, "earningsTrend": {"trend": [{"maxAge": 1, "period": "0q", "endDate": null, "growth": {}, "earningsEstimate": {"avg": 0.0, "low": 0.0, "high": 0.0, "yearAgoEps": {}, "numberOfAnalysts": 0, "growth": {}}, "revenueEstimate": {"avg": 0, "low": 0, "high": 0, "numberOfAnalysts": 0, "yearAgoRevenue": {}, "growth": {}}, "epsTrend": {"current": 0.0, "7daysAgo": 0.0, "30daysAgo": 0.0, "60daysAgo": 0.0, "90daysAgo": 0.0}, "epsRevisions": {"upLast7days": 0, "upLast30days": 0, "downLast30days": 0, "downLast90days": {}}}, {"maxAge": 1, "period": "+1q", "endDate": null, "growth": {}, "earningsEstimate": {"avg": 0.0, "low": 0.0, "high": 0.0, "yearAgoEps": {}, "numberOfAnalysts": 0, "growth": {}}, "revenueEstimate": {"avg": 0, "low": 0, "high": 0, "numberOfAnalysts": 0, "yearAgoRevenue": {}, "growth": {}}, "epsTrend": {"current": 0.0, "7daysAgo": 0.0, "30daysAgo": 0.0, "60daysAgo": 0.0, "90daysAgo": 0.0}, "epsRevisions": {"upLast7days": 0, "upLast30days": 0, "downLast30days": 0, "downLast90days": {}}}, {"maxAge": 1, "period": "0y", "endDate": null, "growth": {}, "earningsEstimate": {"avg": 0.0, "low": 0.0, "high": 0.0, "yearAgoEps": {}, "numberOfAnalysts": 0, "growth": {}}, "revenueEstimate": {"avg": 0, "low": 0, "high": 0, "numberOfAnalysts": 0, "yearAgoRevenue": {}, "growth": {}}, "epsTrend": {"current": 0.0, "7daysAgo": 0.0, "30daysAgo": 0.0, "60daysAgo": 0.0, "90daysAgo": 0.0}, "epsRevisions": {"upLast7days": 0, "upLast30days": 0, "downLast30days": 0, "downLast90days": {}}}, {"maxAge": 1, "period": "+1y", "endDate": null, "growth": {}, "earningsEstimate": {"avg": 0.0, "low": 0.0, "high": 0.0, "yearAgoEps": {}, "numberOfAnalysts": 0, "growth": {}}, "revenueEstimate": {"avg": 0, "low": 0, "high": 0, "numberOfAnalysts": 0, "yearAgoRevenue": {}, "growth": {}}, "epsTrend": {"current": 0.0, "7daysAgo": 0.0, "30daysAgo": 0.0, "60daysAgo": 0.0, "90daysAgo": 0.0}, "epsRevisions": {"upLast7days": 0, "upLast30days": 0, "downLast30days": 0, "downLast90days": {}}}, {"maxAge": 1, "period": "+5y", "endDate": null, "growth": {}, "earningsEstimate": {"avg": {}, "low": {}, "high": {}, "yearAgoEps": {}, "numberOfAnalysts": {}, "growth": {}}, "revenueEstimate": {"avg": {}, "low": {}, "high": {}, "numberOfAnalysts": {}, "yearAgoRevenue": {}, "growth": {}}, "epsTrend": {"current": {}, "7daysAgo": {}, "30daysAgo": {}, "60daysAgo": {}, "90daysAgo": {}}, "epsRevisions": {"upLast7days": {}, "upLast30days": {}, "downLast30days": {}, "downLast90days": {}}}, {"maxAge": 1, "period": "-5y", "endDate": null, "growth": 0.35709, "earningsEstimate": {"avg": {}, "low": {}, "high": {}, "yearAgoEps": {}, "numberOfAnalysts": {}, "growth": {}}, "revenueEstimate": {"avg": {}, "low": {}, "high": {}, "numberOfAnalysts": {}, "yearAgoRevenue": {}, "growth": {}}, "epsTrend": {"current": {}, "7daysAgo": {}, "30daysAgo": {}, "60daysAgo": {}, "90daysAgo": {}}, "epsRevisions": {"upLast7days": {}, "upLast30days": {}, "downLast30days": {}, "downLast90days": {}}}], "maxAge": 1}, "financialData": {"maxAge": 86400, "currentPrice": 1649.3, "recommendationKey": "none", "grossProfits": 17128231000, "financialCurrency": "INR"}}}