{"FORCEMOT.BO": {"recommendationTrend": {"trend": [{"period": "0m", "strongBuy": 0, "buy": 0, "hold": 0, "sell": 0, "strongSell": 0}, {"period": "-1m", "strongBuy": 0, "buy": 0, "hold": 0, "sell": 0, "strongSell": 0}, {"period": "-2m", "strongBuy": 0, "buy": 0, "hold": 0, "sell": 0, "strongSell": 0}, {"period": "-3m", "strongBuy": 0, "buy": 0, "hold": 0, "sell": 0, "strongSell": 0}], "maxAge": 86400}, "cashflowStatementHistory": {"cashflowStatements": [{"maxAge": 1, "endDate": "2020-03-31", "netIncome": 501700000, "depreciation": 1877600000, "changeToNetincome": -62800000, "changeToAccountReceivables": -19100000, "changeToLiabilities": 1823300000, "changeToInventory": -498700000, "changeToOperatingActivities": 402300000, "totalCashFromOperatingActivities": 4091900000, "capitalExpenditures": -4584200000, "investments": 1087000000, "otherCashflowsFromInvestingActivities": 216900000, "totalCashflowsFromInvestingActivities": -3273900000, "dividendsPaid": -131800000, "netBorrowings": 238500000, "otherCashflowsFromFinancingActivities": -304000000, "totalCashFromFinancingActivities": -197300000, "changeInCash": 620700000}, {"maxAge": 1, "endDate": "2019-03-31", "netIncome": 1433300000, "depreciation": 1509200000, "changeToNetincome": -8000000, "changeToAccountReceivables": 753000000, "changeToLiabilities": -1666100000, "changeToInventory": -284800000, "changeToOperatingActivities": 1403700000, "totalCashFromOperatingActivities": 3140300000, "capitalExpenditures": -4981100000, "investments": -1233600000, "otherCashflowsFromInvestingActivities": 149600000, "totalCashflowsFromInvestingActivities": -6055800000, "dividendsPaid": -131700000, "netBorrowings": 2857800000, "otherCashflowsFromFinancingActivities": -163500000, "totalCashFromFinancingActivities": 2562600000, "changeInCash": -352900000}, {"maxAge": 1, "endDate": "2018-03-31", "netIncome": 1471200000, "depreciation": 1292600000, "changeToNetincome": 147300000, "changeToAccountReceivables": -1275000000, "changeToLiabilities": 782000000, "changeToInventory": -445400000, "changeToOperatingActivities": 592100000, "totalCashFromOperatingActivities": 2564800000, "capitalExpenditures": -3241400000, "investments": 2000000000, "otherCashflowsFromInvestingActivities": 376000000, "totalCashflowsFromInvestingActivities": -805900000, "dividendsPaid": -131800000, "netBorrowings": -2001400000, "otherCashflowsFromFinancingActivities": -95600000, "totalCashFromFinancingActivities": -2228800000, "changeInCash": -469900000}, {"maxAge": 1, "endDate": "2017-03-31", "netIncome": 1800900000, "depreciation": 1130800000, "changeToNetincome": -221200000, "changeToAccountReceivables": 350800000, "changeToLiabilities": 700700000, "changeToInventory": 1082700000, "changeToOperatingActivities": -138300000, "totalCashFromOperatingActivities": 4706400000, "capitalExpenditures": -2352900000, "investments": -4000000000, "otherCashflowsFromInvestingActivities": 135900000, "totalCashflowsFromInvestingActivities": -6207800000, "dividendsPaid": -131800000, "netBorrowings": 1866600000, "otherCashflowsFromFinancingActivities": -64900000, "totalCashFromFinancingActivities": 1801700000, "changeInCash": 300300000}], "maxAge": 86400}, "institutionOwnership": {"ownershipList": [], "maxAge": 1}, "balanceSheetHistoryQuarterly": {"balanceSheetStatements": [{"maxAge": 1, "endDate": "2020-06-30", "totalStockholderEquity": 19653400000, "netTangibleAssets": 14612100000}, {"maxAge": 1, "endDate": "2020-03-31", "cash": 664000000, "netReceivables": 1774400000, "inventory": 5515200000, "otherCurrentAssets": 2317200000, "totalCurrentAssets": 10270800000, "longTermInvestments": 778800000, "propertyPlantEquipment": 13355700000, "goodWill": 100000, "intangibleAssets": 5041200000, "otherAssets": 1533300000, "deferredLongTermAssetCharges": 70700000, "totalAssets": 30979900000, "accountsPayable": 5803100000, "shortLongTermDebt": 750300000, "otherCurrentLiab": 1815400000, "longTermDebt": 1875000000, "otherLiab": 322200000, "minorityInterest": 18100000, "totalCurrentLiabilities": 9111200000, "totalLiab": 11308400000, "commonStock": 131800000, "retainedEarnings": 18820100000, "treasuryStock": 109500000, "capitalSurplus": 592000000, "otherStockholderEquity": 109500000, "totalStockholderEquity": 19653400000, "netTangibleAssets": 14612100000}, {"maxAge": 1, "endDate": "2019-12-31", "totalStockholderEquity": 19466800000, "netTangibleAssets": 15269500000}, {"maxAge": 1, "endDate": "2019-09-30", "cash": 40800000, "shortTermInvestments": 2712000000, "netReceivables": 871500000, "inventory": 5449800000, "otherCurrentAssets": 1858400000, "totalCurrentAssets": 10932500000, "longTermInvestments": 703700000, "propertyPlantEquipment": 13000500000, "goodWill": 100000, "intangibleAssets": 4197200000, "otherAssets": 1808400000, "totalAssets": 30642400000, "accountsPayable": 3713400000, "otherCurrentLiab": 4134100000, "longTermDebt": 2250000000, "otherLiab": 380400000, "minorityInterest": 17600000, "totalCurrentLiabilities": 8527600000, "totalLiab": 11158000000, "commonStock": 131800000, "treasuryStock": 19335000000, "otherStockholderEquity": 19335000000, "totalStockholderEquity": 19466800000, "netTangibleAssets": 15269500000}], "maxAge": 86400}, "earningsHistory": {"history": [{"maxAge": 1, "epsActual": {}, "epsEstimate": {}, "epsDifference": {}, "surprisePercent": {}, "quarter": {}, "period": "-4q"}, {"maxAge": 1, "epsActual": 22.74, "epsEstimate": 37.0, "epsDifference": -14.26, "surprisePercent": -0.385, "quarter": "2017-06-30", "period": "-3q"}, {"maxAge": 1, "epsActual": 45.99, "epsEstimate": 45.55, "epsDifference": 0.44, "surprisePercent": 0.01, "quarter": "2018-03-31", "period": "-2q"}, {"maxAge": 1, "epsActual": 31.06, "epsEstimate": 32.6, "epsDifference": -1.54, "surprisePercent": -0.047, "quarter": "2018-06-30", "period": "-1q"}], "maxAge": 86400}, "indexTrend": {"maxAge": 1, "symbol": "SP5", "peRatio": 19.7411, "pegRatio": 1.34172, "estimates": [{"period": "0q", "growth": 0.549}, {"period": "+1q", "growth": 0.431}, {"period": "0y", "growth": 0.305}, {"period": "+1y", "growth": 0.109}, {"period": "+5y", "growth": 0.120865}, {"period": "-5y"}]}, "industryTrend": {"maxAge": 1, "symbol": null, "estimates": []}, "insiderTransactions": {"transactions": [{"maxAge": 1, "shares": 103596, "filerUrl": "", "transactionText": "", "filerName": "Firodia (Abhaykumar Navalmal)", "filerRelation": "Chairman of the Board", "moneyText": "", "startDate": "2017-02-09", "ownership": "D"}, {"maxAge": 1, "shares": 420000, "filerUrl": "", "transactionText": "", "filerName": "Jaya Hind Investments Pvt Ltd", "filerRelation": "Promoter", "moneyText": "", "startDate": "2014-07-31", "ownership": "D"}, {"maxAge": 1, "shares": 419829, "filerUrl": "", "transactionText": "", "filerName": "Bajaj Holdings & Investment Ltd", "filerRelation": "Institution- Corporation", "moneyText": "", "startDate": "2014-07-31", "ownership": "D"}, {"maxAge": 1, "shares": 15340, "filerUrl": "", "transactionText": "", "filerName": "Bajaj Holdings & Investment Ltd", "filerRelation": "Institution- Corporation", "moneyText": "", "startDate": "2014-07-28", "ownership": "D"}, {"maxAge": 1, "shares": 356, "filerUrl": "", "transactionText": "", "filerName": "Bajaj Holdings & Investment Ltd", "filerRelation": "Institution- Corporation", "moneyText": "", "startDate": "2014-07-25", "ownership": "D"}, {"maxAge": 1, "shares": 1058958, "filerUrl": "", "transactionText": "", "filerName": "Bajaj Holdings & Investment Ltd", "filerRelation": "Institution- Corporation", "moneyText": "", "startDate": "2014-07-24", "ownership": "D"}, {"maxAge": 1, "shares": 41176, "filerUrl": "", "transactionText": "", "filerName": "Bajaj Holdings & Investment Ltd", "filerRelation": "Institution- Corporation", "moneyText": "", "startDate": "2014-07-23", "ownership": "D"}, {"maxAge": 1, "shares": 46787, "filerUrl": "", "transactionText": "", "filerName": "Bajaj Holdings & Investment Ltd", "filerRelation": "Institution- Corporation", "moneyText": "", "startDate": "2014-07-22", "ownership": "D"}, {"maxAge": 1, "shares": 43681, "filerUrl": "", "transactionText": "", "filerName": "Bajaj Holdings & Investment Ltd", "filerRelation": "Institution- Corporation", "moneyText": "", "startDate": "2014-07-21", "ownership": "D"}, {"maxAge": 1, "shares": 103337, "filerUrl": "", "transactionText": "", "filerName": "Bajaj Holdings & Investment Ltd", "filerRelation": "Institution- Corporation", "moneyText": "", "startDate": "2014-07-15", "ownership": "D"}, {"maxAge": 1, "shares": 32294, "filerUrl": "", "transactionText": "", "filerName": "Bajaj Holdings & Investment Ltd", "filerRelation": "Institution- Corporation", "moneyText": "", "startDate": "2014-07-14", "ownership": "D"}, {"maxAge": 1, "shares": 41851, "filerUrl": "", "transactionText": "", "filerName": "Bajaj Holdings & Investment Ltd", "filerRelation": "Institution- Corporation", "moneyText": "", "startDate": "2014-07-11", "ownership": "D"}, {"maxAge": 1, "shares": 114626, "filerUrl": "", "transactionText": "", "filerName": "Bajaj Holdings & Investment Ltd", "filerRelation": "Institution- Corporation", "moneyText": "", "startDate": "2014-07-10", "ownership": "D"}, {"maxAge": 1, "shares": 45249, "filerUrl": "", "transactionText": "", "filerName": "Bajaj Holdings & Investment Ltd", "filerRelation": "Institution- Corporation", "moneyText": "", "startDate": "2014-07-09", "ownership": "D"}, {"maxAge": 1, "shares": 28925, "filerUrl": "", "transactionText": "", "filerName": "Bajaj Holdings & Investment Ltd", "filerRelation": "Institution- Corporation", "moneyText": "", "startDate": "2014-07-08", "ownership": "D"}, {"maxAge": 1, "shares": 44296, "filerUrl": "", "transactionText": "", "filerName": "Bajaj Holdings & Investment Ltd", "filerRelation": "Institution- Corporation", "moneyText": "", "startDate": "2014-07-07", "ownership": "D"}, {"maxAge": 1, "shares": 56660, "filerUrl": "", "transactionText": "", "filerName": "Bajaj Holdings & Investment Ltd", "filerRelation": "Institution- Corporation", "moneyText": "", "startDate": "2014-07-04", "ownership": "D"}, {"maxAge": 1, "shares": 34274, "filerUrl": "", "transactionText": "", "filerName": "Bajaj Holdings & Investment Ltd", "filerRelation": "Institution- Corporation", "moneyText": "", "startDate": "2014-07-03", "ownership": "D"}, {"maxAge": 1, "shares": 193000, "filerUrl": "", "transactionText": "", "filerName": "Bajaj Holdings & Investment Ltd", "filerRelation": "Institution- Corporation", "moneyText": "", "startDate": "2014-07-02", "ownership": "D"}, {"maxAge": 1, "shares": 55000, "filerUrl": "", "transactionText": "", "filerName": "Bajaj Holdings & Investment Ltd", "filerRelation": "Institution- Corporation", "moneyText": "", "startDate": "2014-07-01", "ownership": "D"}, {"maxAge": 1, "shares": 31371, "filerUrl": "", "transactionText": "", "filerName": "Bajaj Holdings & Investment Ltd", "filerRelation": "Institution- Corporation", "moneyText": "", "startDate": "2014-06-30", "ownership": "D"}, {"maxAge": 1, "shares": 20976, "filerUrl": "", "transactionText": "", "filerName": "Bajaj Holdings & Investment Ltd", "filerRelation": "Institution- Corporation", "moneyText": "", "startDate": "2014-06-27", "ownership": "D"}, {"maxAge": 1, "shares": 42648, "filerUrl": "", "transactionText": "", "filerName": "Bajaj Holdings & Investment Ltd", "filerRelation": "Institution- Corporation", "moneyText": "", "startDate": "2014-06-26", "ownership": "D"}, {"maxAge": 1, "shares": 1756, "filerUrl": "", "transactionText": "", "filerName": "Bajaj Holdings & Investment Ltd", "filerRelation": "Institution- Corporation", "moneyText": "", "startDate": "2014-06-25", "ownership": "D"}, {"maxAge": 1, "shares": 16163, "filerUrl": "", "transactionText": "", "filerName": "Bajaj Holdings & Investment Ltd", "filerRelation": "Institution- Corporation", "moneyText": "", "startDate": "2014-06-24", "ownership": "D"}, {"maxAge": 1, "shares": 57926, "filerUrl": "", "transactionText": "", "filerName": "Bajaj Holdings & Investment Ltd", "filerRelation": "Institution- Corporation", "moneyText": "", "startDate": "2014-06-23", "ownership": "D"}, {"maxAge": 1, "shares": 10157, "filerUrl": "", "transactionText": "", "filerName": "Bajaj Holdings & Investment Ltd", "filerRelation": "Institution- Corporation", "moneyText": "", "startDate": "2014-06-20", "ownership": "D"}, {"maxAge": 1, "shares": 7860, "filerUrl": "", "transactionText": "", "filerName": "Bajaj Holdings & Investment Ltd", "filerRelation": "Institution- Corporation", "moneyText": "", "startDate": "2014-06-19", "ownership": "D"}, {"maxAge": 1, "shares": 11732, "filerUrl": "", "transactionText": "", "filerName": "Bajaj Holdings & Investment Ltd", "filerRelation": "Institution- Corporation", "moneyText": "", "startDate": "2014-06-18", "ownership": "D"}, {"maxAge": 1, "shares": 22765, "filerUrl": "", "transactionText": "", "filerName": "Bajaj Holdings & Investment Ltd", "filerRelation": "Institution- Corporation", "moneyText": "", "startDate": "2014-06-17", "ownership": "D"}, {"maxAge": 1, "shares": 9235, "filerUrl": "", "transactionText": "", "filerName": "Bajaj Holdings & Investment Ltd", "filerRelation": "Institution- Corporation", "moneyText": "", "startDate": "2014-06-16", "ownership": "D"}, {"maxAge": 1, "shares": 10520, "filerUrl": "", "transactionText": "", "filerName": "Bajaj Holdings & Investment Ltd", "filerRelation": "Institution- Corporation", "moneyText": "", "startDate": "2014-06-13", "ownership": "D"}, {"maxAge": 1, "shares": 4819, "filerUrl": "", "transactionText": "", "filerName": "Bajaj Holdings & Investment Ltd", "filerRelation": "Institution- Corporation", "moneyText": "", "startDate": "2014-06-12", "ownership": "D"}, {"maxAge": 1, "shares": 45040, "filerUrl": "", "transactionText": "", "filerName": "Bajaj Holdings & Investment Ltd", "filerRelation": "Institution- Corporation", "moneyText": "", "startDate": "2014-06-11", "ownership": "D"}, {"maxAge": 1, "shares": 33000, "filerUrl": "", "transactionText": "", "filerName": "Bajaj Holdings & Investment Ltd", "filerRelation": "Institution- Corporation", "moneyText": "", "startDate": "2014-06-10", "ownership": "D"}, {"maxAge": 1, "shares": 132861, "filerUrl": "", "transactionText": "", "filerName": "Bajaj Holdings & Investment Ltd", "filerRelation": "Institution- Corporation", "moneyText": "", "startDate": "2014-06-09", "ownership": "D"}, {"maxAge": 1, "shares": 6947, "filerUrl": "", "transactionText": "", "filerName": "Bajaj Holdings & Investment Ltd", "filerRelation": "Institution- Corporation", "moneyText": "", "startDate": "2014-06-06", "ownership": "D"}, {"maxAge": 1, "shares": 29511, "filerUrl": "", "transactionText": "", "filerName": "Bajaj Holdings & Investment Ltd", "filerRelation": "Institution- Corporation", "moneyText": "", "startDate": "2014-06-05", "ownership": "D"}, {"maxAge": 1, "shares": 2698, "filerUrl": "", "transactionText": "", "filerName": "Bajaj Holdings & Investment Ltd", "filerRelation": "Institution- Corporation", "moneyText": "", "startDate": "2014-06-04", "ownership": "D"}, {"maxAge": 1, "shares": 631139, "filerUrl": "", "transactionText": "", "filerName": "Jaya Hind Investments Pvt Ltd", "filerRelation": "Promoter", "moneyText": "", "startDate": "2014-02-17", "ownership": "D"}, {"maxAge": 1, "shares": 1024, "filerUrl": "", "transactionText": "", "filerName": "Jupiter South Asia Investment Company Ltd", "filerRelation": "Investment Advisor", "moneyText": "", "startDate": "2011-05-24", "ownership": "D"}], "maxAge": 1}, "quoteType": {"exchange": "BSE", "quoteType": "EQUITY", "symbol": "FORCEMOT.BO", "underlyingSymbol": "FORCEMOT.BO", "shortName": "FORCE MOTORS LTD.", "longName": "Force Motors Limited", "firstTradeDateEpochUtc": "2001-12-07 09:15:00", "timeZoneFullName": "Asia/Kolkata", "timeZoneShortName": "IST", "uuid": "dcd0f0e4-86f9-38ef-aeb0-76551873d52d", "gmtOffSetMilliseconds": 19800000, "maxAge": 1}, "incomeStatementHistory": {"incomeStatementHistory": [{"maxAge": 1, "endDate": "2020-03-31", "totalRevenue": 30805200000, "costOfRevenue": 21163600000, "grossProfit": 9641600000, "researchDevelopment": {}, "sellingGeneralAdministrative": 4332100000, "nonRecurring": {}, "otherOperatingExpenses": 2598200000, "totalOperatingExpenses": 30035900000, "operatingIncome": 769300000, "totalOtherIncomeExpenseNet": -349200000, "ebit": 769300000, "interestExpense": -268200000, "incomeBeforeTax": 420100000, "incomeTaxExpense": -82600000, "minorityInterest": 18100000, "netIncomeFromContinuingOps": 502700000, "discontinuedOperations": {}, "extraordinaryItems": {}, "effectOfAccountingCharges": {}, "otherItems": {}, "netIncome": 501700000, "netIncomeApplicableToCommonShares": 501700000}, {"maxAge": 1, "endDate": "2019-03-31", "totalRevenue": 36732200000, "costOfRevenue": 26736900000, "grossProfit": 9995300000, "researchDevelopment": {}, "sellingGeneralAdministrative": 4264300000, "nonRecurring": {}, "otherOperatingExpenses": 2691200000, "totalOperatingExpenses": 35201600000, "operatingIncome": 1530600000, "totalOtherIncomeExpenseNet": 370800000, "ebit": 1530600000, "interestExpense": -140200000, "incomeBeforeTax": 1901400000, "incomeTaxExpense": 467200000, "minorityInterest": 17200000, "netIncomeFromContinuingOps": 1434200000, "discontinuedOperations": {}, "extraordinaryItems": {}, "effectOfAccountingCharges": {}, "otherItems": {}, "netIncome": 1433300000, "netIncomeApplicableToCommonShares": 1433300000}, {"maxAge": 1, "endDate": "2018-03-31", "totalRevenue": 34412500000, "costOfRevenue": 24851100000, "grossProfit": 9561400000, "researchDevelopment": {}, "sellingGeneralAdministrative": 4080500000, "nonRecurring": {}, "otherOperatingExpenses": 2495300000, "totalOperatingExpenses": 32719500000, "operatingIncome": 1693000000, "totalOtherIncomeExpenseNet": 312800000, "ebit": 1693000000, "interestExpense": -52600000, "incomeBeforeTax": 2005800000, "incomeTaxExpense": 533700000, "minorityInterest": 16300000, "netIncomeFromContinuingOps": 1472100000, "discontinuedOperations": {}, "extraordinaryItems": {}, "effectOfAccountingCharges": {}, "otherItems": {}, "netIncome": 1471200000, "netIncomeApplicableToCommonShares": 1471200000}, {"maxAge": 1, "endDate": "2017-03-31", "totalRevenue": 31008300000, "costOfRevenue": 21565900000, "grossProfit": 9442400000, "researchDevelopment": {}, "sellingGeneralAdministrative": 3910700000, "nonRecurring": {}, "otherOperatingExpenses": 2494200000, "totalOperatingExpenses": 29101600000, "operatingIncome": 1906700000, "totalOtherIncomeExpenseNet": 447000000, "ebit": 1906700000, "interestExpense": -42900000, "incomeBeforeTax": 2353700000, "incomeTaxExpense": 551900000, "minorityInterest": 15400000, "netIncomeFromContinuingOps": 1801800000, "discontinuedOperations": {}, "extraordinaryItems": {}, "effectOfAccountingCharges": {}, "otherItems": {}, "netIncome": 1800900000, "netIncomeApplicableToCommonShares": 1800900000}], "maxAge": 86400}, "fundOwnership": {"ownershipList": [{"maxAge": 1, "reportDate": "2020-07-31", "organization": "DFA Emerging Markets Small Cap Series", "pctHeld": 0.00029999999, "position": 4465, "value": 3965143}, {"maxAge": 1, "reportDate": "2020-07-31", "organization": "DFA Investment Dimensions-World Ex U.S. Core Equity Port", "pctHeld": 0.0002, "position": 3168, "value": 2813342}, {"maxAge": 1, "reportDate": "2020-07-31", "organization": "DFA Emerging Markets Sustainability Core 1 Portfolio", "pctHeld": 0.0001, "position": 1031, "value": 915579}], "maxAge": 1}, "summaryDetail": {"maxAge": 1, "priceHint": 2, "previousClose": 1122.05, "open": 1114.0, "dayLow": 1101.35, "dayHigh": 1140.15, "regularMarketPreviousClose": 1122.05, "regularMarketOpen": 1114.0, "regularMarketDayLow": 1101.35, "regularMarketDayHigh": 1140.15, "forwardPE": 5.7698083, "volume": 3974, "regularMarketVolume": 3974, "averageVolume": 11211, "averageVolume10days": 4387, "averageDailyVolume10Day": 4387, "bid": 1105.0, "ask": 1117.3, "bidSize": 0, "askSize": 0, "marketCap": 14530380800, "fiftyTwoWeekLow": 580.0, "fiftyTwoWeekHigh": 1559.5, "fiftyDayAverage": 1375.0576, "twoHundredDayAverage": 1145.633, "trailingAnnualDividendRate": 10.0, "trailingAnnualDividendYield": 0.008912259, "currency": "INR", "fromCurrency": null, "lastMarket": null, "algorithm": null, "tradeable": false}, "sectorTrend": {"maxAge": 1, "symbol": null, "estimates": []}, "incomeStatementHistoryQuarterly": {"incomeStatementHistory": [{"maxAge": 1, "endDate": "2020-06-30", "totalRevenue": 1854000000, "costOfRevenue": 1274400000, "grossProfit": 579600000, "researchDevelopment": {}, "sellingGeneralAdministrative": 671500000, "nonRecurring": {}, "otherOperatingExpenses": 411100000, "totalOperatingExpenses": 2751200000, "operatingIncome": -897200000, "totalOtherIncomeExpenseNet": -32100000, "ebit": -897200000, "interestExpense": -74700000, "incomeBeforeTax": -929300000, "incomeTaxExpense": -279400000, "minorityInterest": {}, "netIncomeFromContinuingOps": -649900000, "discontinuedOperations": {}, "extraordinaryItems": {}, "effectOfAccountingCharges": {}, "otherItems": {}, "netIncome": -650100000, "netIncomeApplicableToCommonShares": -650100000}, {"maxAge": 1, "endDate": "2020-03-31", "totalRevenue": 6537800000, "costOfRevenue": 4223600000, "grossProfit": 2314200000, "researchDevelopment": {}, "sellingGeneralAdministrative": 1174200000, "nonRecurring": {}, "otherOperatingExpenses": 377600000, "totalOperatingExpenses": 6296900000, "operatingIncome": 240900000, "totalOtherIncomeExpenseNet": -222400000, "ebit": 240900000, "interestExpense": -65500000, "incomeBeforeTax": 18500000, "incomeTaxExpense": -42400000, "minorityInterest": 18100000, "netIncomeFromContinuingOps": 60900000, "discontinuedOperations": {}, "extraordinaryItems": {}, "effectOfAccountingCharges": {}, "otherItems": {}, "netIncome": 60600000, "netIncomeApplicableToCommonShares": 60600000}, {"maxAge": 1, "endDate": "2019-12-31", "totalRevenue": 8691100000, "costOfRevenue": 5995200000, "grossProfit": 2695900000, "researchDevelopment": {}, "sellingGeneralAdministrative": 1048200000, "nonRecurring": {}, "otherOperatingExpenses": 781300000, "totalOperatingExpenses": 8316700000, "operatingIncome": 374400000, "totalOtherIncomeExpenseNet": -287200000, "ebit": 374400000, "interestExpense": -78500000, "incomeBeforeTax": 87200000, "incomeTaxExpense": -50800000, "minorityInterest": 18100000, "netIncomeFromContinuingOps": 138000000, "discontinuedOperations": {}, "extraordinaryItems": {}, "effectOfAccountingCharges": {}, "otherItems": {}, "netIncome": 137700000, "netIncomeApplicableToCommonShares": 137700000}, {"maxAge": 1, "endDate": "2019-09-30", "totalRevenue": 7551500000, "costOfRevenue": 5326600000, "grossProfit": 2224900000, "researchDevelopment": {}, "sellingGeneralAdministrative": 1097300000, "nonRecurring": {}, "otherOperatingExpenses": 746100000, "totalOperatingExpenses": 7642100000, "operatingIncome": -90600000, "totalOtherIncomeExpenseNet": 74700000, "ebit": -90600000, "interestExpense": -63700000, "incomeBeforeTax": -15900000, "incomeTaxExpense": -58000000, "minorityInterest": 17600000, "netIncomeFromContinuingOps": 42100000, "discontinuedOperations": {}, "extraordinaryItems": {}, "effectOfAccountingCharges": {}, "otherItems": {}, "netIncome": 41900000, "netIncomeApplicableToCommonShares": 41900000}], "maxAge": 86400}, "cashflowStatementHistoryQuarterly": {"cashflowStatements": [{"maxAge": 1, "endDate": "2020-06-30", "netIncome": -650100000, "changeToLiabilities": 0}, {"maxAge": 1, "endDate": "2020-03-31", "netIncome": 60600000, "changeToLiabilities": 0}, {"maxAge": 1, "endDate": "2019-12-31", "netIncome": 137700000, "changeToLiabilities": 0}, {"maxAge": 1, "endDate": "2019-09-30", "netIncome": 41900000, "changeToLiabilities": 0}], "maxAge": 86400}, "insiderHolders": {"holders": [{"maxAge": 1, "name": "Bajaj Holdings & Investment Ltd", "relation": "Institution- Corporation", "url": "", "transactionDescription": "Sale", "latestTransDate": "2014-07-31", "positionDirect": 532695, "positionDirectDate": "2014-07-31"}, {"maxAge": 1, "name": "Firodia (Abhaykumar Navalmal)", "relation": "Chairman of the Board", "url": "", "transactionDescription": "Other", "latestTransDate": "2017-02-09", "positionDirect": 264351, "positionDirectDate": "2017-02-09"}, {"maxAge": 1, "name": "Jaya Hind Investments Pvt Ltd", "relation": "Promoter", "url": "", "transactionDescription": "Acquisition", "latestTransDate": "2014-07-31", "positionDirect": 7268497, "positionDirectDate": "2014-07-31"}, {"maxAge": 1, "name": "Jupiter South Asia Investment Company Ltd", "relation": "Investment Advisor", "url": "", "transactionDescription": "Acquisition", "latestTransDate": "2011-05-24", "positionDirect": 444606, "positionDirectDate": "2011-05-24"}], "maxAge": 1}, "earnings": {"maxAge": 86400, "earningsChart": {"quarterly": [{"date": "2Q2017", "actual": 22.74, "estimate": 37.0}, {"date": "1Q2018", "actual": 45.99, "estimate": 45.55}, {"date": "2Q2018", "actual": 31.06, "estimate": 32.6}], "currentQuarterEstimateDate": "3Q", "currentQuarterEstimateYear": 2018, "earningsDate": []}, "financialsChart": {"yearly": [{"date": 2017, "revenue": 31008300000, "earnings": 1800900000}, {"date": 2018, "revenue": 34412500000, "earnings": 1471200000}, {"date": 2019, "revenue": 36732200000, "earnings": 1433300000}, {"date": 2020, "revenue": 30805200000, "earnings": 501700000}], "quarterly": [{"date": "3Q2019", "revenue": 7551500000, "earnings": 41900000}, {"date": "4Q2019", "revenue": 8691100000, "earnings": 137700000}, {"date": "1Q2020", "revenue": 6537800000, "earnings": 60600000}, {"date": "2Q2020", "revenue": 1854000000, "earnings": -650100000}]}, "financialCurrency": "INR"}, "calendarEvents": {"maxAge": 1, "earnings": {"earningsDate": [], "revenueAverage": 8953600000}}, "upgradeDowngradeHistory": {"history": [], "maxAge": 86400}, "price": {"maxAge": 1, "regularMarketChangePercent": -0.0063722865, "regularMarketChange": -7.1500244, "regularMarketTime": "2021-04-30 15:26:22", "priceHint": 2, "regularMarketPrice": 1114.9, "regularMarketDayHigh": 1140.15, "regularMarketDayLow": 1101.35, "regularMarketVolume": 3974, "averageDailyVolume10Day": 4387, "averageDailyVolume3Month": 11211, "regularMarketPreviousClose": 1122.05, "regularMarketSource": "FREE_REALTIME", "regularMarketOpen": 1114.0, "exchange": "BSE", "exchangeName": "BSE", "exchangeDataDelayedBy": 0, "marketState": "CLOSED", "quoteType": "EQUITY", "symbol": "FORCEMOT.BO", "underlyingSymbol": null, "shortName": "FORCE MOTORS LTD.", "longName": "Force Motors Limited", "currency": "INR", "quoteSourceName": "Delayed Quote", "currencySymbol": "\u20b9", "fromCurrency": null, "lastMarket": null, "marketCap": 14530380800}, "balanceSheetHistory": {"balanceSheetStatements": [{"maxAge": 1, "endDate": "2020-03-31", "cash": 664000000, "netReceivables": 1774400000, "inventory": 5515200000, "otherCurrentAssets": 2317200000, "totalCurrentAssets": 10270800000, "longTermInvestments": 778800000, "propertyPlantEquipment": 13355700000, "goodWill": 100000, "intangibleAssets": 5041200000, "otherAssets": 1533300000, "deferredLongTermAssetCharges": 70700000, "totalAssets": 30979900000, "accountsPayable": 5803100000, "shortLongTermDebt": 750300000, "otherCurrentLiab": 1815400000, "longTermDebt": 1875000000, "otherLiab": 322200000, "minorityInterest": 18100000, "totalCurrentLiabilities": 9111200000, "totalLiab": 11308400000, "commonStock": 131800000, "retainedEarnings": 18820100000, "treasuryStock": 109500000, "capitalSurplus": 592000000, "otherStockholderEquity": 109500000, "totalStockholderEquity": 19653400000, "netTangibleAssets": 14612100000}, {"maxAge": 1, "endDate": "2019-03-31", "cash": 42800000, "shortTermInvestments": 3200600000, "netReceivables": 1751000000, "inventory": 5035600000, "otherCurrentAssets": 4084200000, "totalCurrentAssets": 10913600000, "longTermInvestments": 231400000, "propertyPlantEquipment": 12131700000, "goodWill": 100000, "intangibleAssets": 3686800000, "otherAssets": 1396200000, "totalAssets": 28359800000, "accountsPayable": 3953000000, "shortLongTermDebt": 294000000, "otherCurrentLiab": 1001800000, "longTermDebt": 2056300000, "otherLiab": 422900000, "minorityInterest": 17200000, "totalCurrentLiabilities": 6531300000, "totalLiab": 9010500000, "commonStock": 131800000, "retainedEarnings": 18474100000, "treasuryStock": 134200000, "capitalSurplus": 592000000, "otherStockholderEquity": 134200000, "totalStockholderEquity": 19332100000, "netTangibleAssets": 15645200000}, {"maxAge": 1, "endDate": "2018-03-31", "cash": 396200000, "shortTermInvestments": 17500000, "netReceivables": 2452100000, "inventory": 4771000000, "otherCurrentAssets": 3629300000, "totalCurrentAssets": 11266100000, "longTermInvestments": 97200000, "propertyPlantEquipment": 10422800000, "goodWill": 100000, "intangibleAssets": 2693200000, "otherAssets": 750300000, "totalAssets": 25229700000, "accountsPayable": 5648700000, "shortLongTermDebt": 1300000, "otherCurrentLiab": 762800000, "otherLiab": 372600000, "minorityInterest": 16300000, "totalCurrentLiabilities": 6829500000, "totalLiab": 7202100000, "commonStock": 131800000, "retainedEarnings": 17193800000, "treasuryStock": 93700000, "capitalSurplus": 592000000, "otherStockholderEquity": 93700000, "totalStockholderEquity": 18011300000, "netTangibleAssets": 15318000000}, {"maxAge": 1, "endDate": "2017-03-31", "cash": 864600000, "shortTermInvestments": 1464800000, "netReceivables": 1303900000, "inventory": 4376700000, "otherCurrentAssets": 5877200000, "totalCurrentAssets": 13887200000, "longTermInvestments": 87800000, "propertyPlantEquipment": 9764400000, "goodWill": 100000, "intangibleAssets": 1489600000, "otherAssets": 809700000, "deferredLongTermAssetCharges": 114400000, "totalAssets": 26038800000, "accountsPayable": 4853500000, "shortLongTermDebt": 18000000, "otherCurrentLiab": 1526900000, "longTermDebt": 19900000, "otherLiab": 314300000, "minorityInterest": 15400000, "totalCurrentLiabilities": 9013400000, "totalLiab": 9347600000, "commonStock": 131800000, "retainedEarnings": 15867500000, "treasuryStock": 84500000, "capitalSurplus": 592000000, "otherStockholderEquity": 84500000, "totalStockholderEquity": 16675800000, "netTangibleAssets": 15186100000}], "maxAge": 86400}, "earningsTrend": {"trend": [{"maxAge": 1, "period": "0q", "endDate": "2018-09-30", "growth": {}, "earningsEstimate": {"avg": 0.0, "low": 0.0, "high": 0.0, "yearAgoEps": {}, "numberOfAnalysts": 0, "growth": {}}, "revenueEstimate": {"avg": 8953600000, "low": 0, "high": 0, "numberOfAnalysts": 0, "yearAgoRevenue": 9024100000, "growth": -0.008}, "epsTrend": {"current": 0.0, "7daysAgo": 0.0, "30daysAgo": 0.0, "60daysAgo": 0.0, "90daysAgo": 0.0}, "epsRevisions": {"upLast7days": 0, "upLast30days": 0, "downLast30days": 0, "downLast90days": {}}}, {"maxAge": 1, "period": "+1q", "endDate": "2018-12-31", "growth": {}, "earningsEstimate": {"avg": 0.0, "low": 0.0, "high": 0.0, "yearAgoEps": 22.74, "numberOfAnalysts": 0, "growth": {}}, "revenueEstimate": {"avg": 0, "low": 0, "high": 0, "numberOfAnalysts": 0, "yearAgoRevenue": {}, "growth": {}}, "epsTrend": {"current": 0.0, "7daysAgo": 0.0, "30daysAgo": 0.0, "60daysAgo": 0.0, "90daysAgo": 0.0}, "epsRevisions": {"upLast7days": 0, "upLast30days": 0, "downLast30days": 0, "downLast90days": {}}}, {"maxAge": 1, "period": "0y", "endDate": "2019-03-31", "growth": {}, "earningsEstimate": {"avg": 0.0, "low": 0.0, "high": 0.0, "yearAgoEps": {}, "numberOfAnalysts": 0, "growth": {}}, "revenueEstimate": {"avg": 38134900000, "low": 38134900000, "high": 38134900000, "numberOfAnalysts": 1, "yearAgoRevenue": 34301900000, "growth": 0.111999996}, "epsTrend": {"current": 0.0, "7daysAgo": 125.46, "30daysAgo": 125.46, "60daysAgo": 125.46, "90daysAgo": 125.46}, "epsRevisions": {"upLast7days": 0, "upLast30days": 0, "downLast30days": 0, "downLast90days": {}}}, {"maxAge": 1, "period": "+1y", "endDate": "2020-03-31", "growth": {}, "earningsEstimate": {"avg": 0.0, "low": 0.0, "high": 0.0, "yearAgoEps": {}, "numberOfAnalysts": 0, "growth": {}}, "revenueEstimate": {"avg": 41948400000, "low": 41948400000, "high": 41948400000, "numberOfAnalysts": 1, "yearAgoRevenue": 38134900000, "growth": 0.1}, "epsTrend": {"current": 0.0, "7daysAgo": 145.2, "30daysAgo": 145.2, "60daysAgo": 145.2, "90daysAgo": 145.2}, "epsRevisions": {"upLast7days": 0, "upLast30days": 0, "downLast30days": 0, "downLast90days": {}}}, {"maxAge": 1, "period": "+5y", "endDate": null, "growth": {}, "earningsEstimate": {"avg": {}, "low": {}, "high": {}, "yearAgoEps": {}, "numberOfAnalysts": {}, "growth": {}}, "revenueEstimate": {"avg": {}, "low": {}, "high": {}, "numberOfAnalysts": {}, "yearAgoRevenue": {}, "growth": {}}, "epsTrend": {"current": {}, "7daysAgo": {}, "30daysAgo": {}, "60daysAgo": {}, "90daysAgo": {}}, "epsRevisions": {"upLast7days": {}, "upLast30days": {}, "downLast30days": {}, "downLast90days": {}}}, {"maxAge": 1, "period": "-5y", "endDate": null, "growth": {}, "earningsEstimate": {"avg": {}, "low": {}, "high": {}, "yearAgoEps": {}, "numberOfAnalysts": {}, "growth": {}}, "revenueEstimate": {"avg": {}, "low": {}, "high": {}, "numberOfAnalysts": {}, "yearAgoRevenue": {}, "growth": {}}, "epsTrend": {"current": {}, "7daysAgo": {}, "30daysAgo": {}, "60daysAgo": {}, "90daysAgo": {}}, "epsRevisions": {"upLast7days": {}, "upLast30days": {}, "downLast30days": {}, "downLast90days": {}}}], "maxAge": 1}, "financialData": {"maxAge": 86400, "currentPrice": 1114.9, "targetHighPrice": 5186.0, "targetLowPrice": 5186.0, "targetMeanPrice": 5186.0, "targetMedianPrice": 5186.0, "recommendationKey": "none", "numberOfAnalystOpinions": 1, "grossProfits": 9641600000, "financialCurrency": "INR"}}}