{"FORTIS.NS": {"assetProfile": {"address1": "Tower A", "address2": "Block-F Sector-41, Unitech Business Park South City-1", "city": "Gurugram", "zip": "122001", "country": "India", "phone": "91 12 4492 1033", "fax": "91 12 4492 1041", "website": "http://www.fortishealthcare.com", "industry": "Medical Care Facilities", "sector": "Healthcare", "longBusinessSummary": "Fortis Healthcare Limited, an integrated healthcare delivery service provider, offers secondary, tertiary, and quaternary care in India, the United Arab Emirates, Sri Lanka, and internationally. Its healthcare verticals comprise hospitals, diagnostics, and day care specialty facilities. The company offers services in the areas of cardiac care, orthopedics, neurosciences, oncology, renal care, metabolic diseases, and mother and child care. As of February 5, 2021, it operated a network of 36 healthcare facilities with approximately 4,000 operational beds. The company also operates approximately 400 diagnostics centers and laboratories; and 1,400 collection centers. The company was founded in 1995 and is based in Gurugram, India.", "fullTimeEmployees": 16305, "companyOfficers": [{"maxAge": 1, "name": "Dr. Ashutosh  Raghuvanshi", "age": 58, "title": "MD, CEO & Director", "yearBorn": 1962, "fiscalYear": 2020, "totalPay": 44908300, "exercisedValue": 0, "unexercisedValue": 0}, {"maxAge": 1, "name": "Mr. Vivek Kumar Goyal", "title": "Chief Financial Officer", "fiscalYear": 2020, "totalPay": 19215270, "exercisedValue": 0, "unexercisedValue": 0}, {"maxAge": 1, "name": "Mr. Sumit  Goel", "title": "Company Sec. & Compliance Officer", "fiscalYear": 2020, "totalPay": 4898400, "exercisedValue": 0, "unexercisedValue": 0}, {"maxAge": 1, "name": "Mr. Daljit  Singh", "age": 67, "title": "Pres", "yearBorn": 1953, "fiscalYear": 2009, "exercisedValue": 0, "unexercisedValue": 0}, {"maxAge": 1, "name": "Mr. Anil  Vinayak", "age": 54, "title": "Group Chief Operating Officer", "yearBorn": 1966, "exercisedValue": 0, "unexercisedValue": 0}, {"maxAge": 1, "name": "Mr. Anurag  Kalra", "title": "VP of Investor Relations", "exercisedValue": 0, "unexercisedValue": 0}, {"maxAge": 1, "name": "Mr. Ajey  Maharaj", "title": "Head Corp. Communication", "exercisedValue": 0, "unexercisedValue": 0}, {"maxAge": 1, "name": "Mr. Sanjay  Sinha", "title": "Chief HR Officer", "exercisedValue": 0, "unexercisedValue": 0}, {"maxAge": 1, "name": "Mr. Rajiv  Puri", "age": 48, "title": "Chief Internal Auditor", "yearBorn": 1972, "exercisedValue": 0, "unexercisedValue": 0}, {"maxAge": 1, "name": "Prof. Anoop  Misra", "title": "Director of Diabetes & Metabolism - Fortis Hospital and Chairman of Fortis C-Doc Healthcare Limited", "fiscalYear": 2016, "exercisedValue": 0, "unexercisedValue": 0}], "compensationAsOfEpochDate": "2020-12-31 05:30:00", "maxAge": 86400}, "recommendationTrend": {"trend": [{"period": "0m", "strongBuy": 0, "buy": 0, "hold": 0, "sell": 0, "strongSell": 0}, {"period": "-1m", "strongBuy": 5, "buy": 8, "hold": 2, "sell": 0, "strongSell": 0}, {"period": "-2m", "strongBuy": 5, "buy": 8, "hold": 2, "sell": 0, "strongSell": 0}, {"period": "-3m", "strongBuy": 5, "buy": 7, "hold": 2, "sell": 0, "strongSell": 0}], "maxAge": 86400}, "cashflowStatementHistory": {"cashflowStatements": [{"maxAge": 1, "endDate": "2020-03-31", "netIncome": 579359000, "depreciation": 2638809000, "changeToNetincome": -317303000, "changeToAccountReceivables": 178732000, "changeToLiabilities": -1217024000, "changeToInventory": -216457000, "changeToOperatingActivities": -209160000, "totalCashFromOperatingActivities": 1715438000, "capitalExpenditures": -1558857000, "investments": 1312859000, "otherCashflowsFromInvestingActivities": 657549000, "totalCashflowsFromInvestingActivities": 604228000, "netBorrowings": -6567782000, "otherCashflowsFromFinancingActivities": -2048515000, "totalCashFromFinancingActivities": -8616051000, "effectOfExchangeRate": 30535000, "changeInCash": -6265850000, "issuanceOfStock": 246000}, {"maxAge": 1, "endDate": "2019-03-31", "netIncome": -2989383000, "depreciation": 1964702000, "changeToNetincome": 1360143000, "changeToAccountReceivables": -1495482000, "changeToLiabilities": -396420000, "changeToInventory": 106402000, "changeToOperatingActivities": -688693000, "totalCashFromOperatingActivities": -1785307000, "capitalExpenditures": -831129000, "investments": 3892552000, "otherCashflowsFromInvestingActivities": 10369018000, "totalCashflowsFromInvestingActivities": -33227032000, "dividendsPaid": -358000, "netBorrowings": 6480963000, "otherCashflowsFromFinancingActivities": -4012569000, "totalCashFromFinancingActivities": 42565713000, "effectOfExchangeRate": -474965000, "changeInCash": 7987556000, "issuanceOfStock": 40097677000}, {"maxAge": 1, "endDate": "2018-03-31", "netIncome": -10092169000, "depreciation": 1994407000, "changeToNetincome": 12138241000, "changeToAccountReceivables": -627176000, "changeToLiabilities": 1943003000, "changeToInventory": -50609000, "changeToOperatingActivities": -738442000, "totalCashFromOperatingActivities": 4928950000, "capitalExpenditures": -1801091000, "investments": 491633000, "otherCashflowsFromInvestingActivities": -2679603000, "totalCashflowsFromInvestingActivities": -3353671000, "dividendsPaid": -16000, "netBorrowings": -3530530000, "otherCashflowsFromFinancingActivities": -3282438000, "totalCashFromFinancingActivities": -6720508000, "effectOfExchangeRate": 19278000, "changeInCash": -5125951000, "issuanceOfStock": 92476000}, {"maxAge": 1, "endDate": "2017-03-31", "netIncome": 4216647000, "depreciation": 1896895000, "changeToNetincome": 1383323000, "changeToAccountReceivables": -204939000, "changeToLiabilities": 272515000, "changeToInventory": -15313000, "changeToOperatingActivities": 1790509000, "totalCashFromOperatingActivities": 9664528000, "capitalExpenditures": -2776217000, "investments": -1033613000, "otherCashflowsFromInvestingActivities": 4555857000, "totalCashflowsFromInvestingActivities": -10016314000, "dividendsPaid": -16000, "netBorrowings": 4813560000, "otherCashflowsFromFinancingActivities": -2299315000, "totalCashFromFinancingActivities": 2593735000, "effectOfExchangeRate": 19278000, "changeInCash": 2245447000, "issuanceOfStock": 79490000}], "maxAge": 86400}, "indexTrend": {"maxAge": 1, "symbol": "SP5", "peRatio": 19.7411, "pegRatio": 1.34172, "estimates": [{"period": "0q", "growth": 0.549}, {"period": "+1q", "growth": 0.431}, {"period": "0y", "growth": 0.305}, {"period": "+1y", "growth": 0.109}, {"period": "+5y", "growth": 0.120865}, {"period": "-5y"}]}, "defaultKeyStatistics": {"maxAge": 1, "priceHint": 2, "enterpriseValue": 176280846336, "forwardPE": 46.615044, "profitMargins": -0.05075, "floatShares": 489372622, "sharesOutstanding": 754958016, "heldPercentInsiders": 0.37657002, "heldPercentInstitutions": 0.68884003, "beta": 0.40338, "category": null, "bookValue": 82.998, "priceToBook": 2.5386152, "fundFamily": null, "legalType": null, "lastFiscalYearEnd": "2020-03-31 05:30:00", "nextFiscalYearEnd": "2022-03-31 05:30:00", "mostRecentQuarter": "2020-12-31 05:30:00", "netIncomeToCommon": -1974440960, "trailingEps": -2.615, "forwardEps": 4.52, "pegRatio": 11.06, "lastSplitFactor": null, "enterpriseToRevenue": 4.531, "enterpriseToEbitda": 65.936, "52WeekChange": 0.6822355, "SandP52WeekChange": 0.48148263}, "industryTrend": {"maxAge": 1, "symbol": null, "estimates": []}, "quoteType": {"exchange": "NSI", "quoteType": "EQUITY", "symbol": "FORTIS.NS", "underlyingSymbol": "FORTIS.NS", "shortName": "FORTIS HLTH (INDIA", "longName": "Fortis Healthcare Limited", "firstTradeDateEpochUtc": "2007-05-09 09:15:00", "timeZoneFullName": "Asia/Kolkata", "timeZoneShortName": "IST", "uuid": "bb38bdbd-a81b-3d2a-bcc0-b4bdee612831", "messageBoardId": "finmb_11147129", "gmtOffSetMilliseconds": 19800000, "maxAge": 1}, "incomeStatementHistory": {"incomeStatementHistory": [{"maxAge": 1, "endDate": "2020-03-31", "totalRevenue": 46323201000, "costOfRevenue": 20174995000, "grossProfit": 26148206000, "researchDevelopment": {}, "sellingGeneralAdministrative": 2446770000, "nonRecurring": {}, "otherOperatingExpenses": 17674310000, "totalOperatingExpenses": 43213592000, "operatingIncome": 3109609000, "totalOtherIncomeExpenseNet": -716017000, "ebit": 3109609000, "interestExpense": -1720014000, "incomeBeforeTax": 2393592000, "incomeTaxExpense": 1478708000, "minorityInterest": 5444981000, "netIncomeFromContinuingOps": 914884000, "discontinuedOperations": {}, "extraordinaryItems": {}, "effectOfAccountingCharges": {}, "otherItems": {}, "netIncome": 579359000, "netIncomeApplicableToCommonShares": 579359000}, {"maxAge": 1, "endDate": "2019-03-31", "totalRevenue": 44693566000, "costOfRevenue": 19640713000, "grossProfit": 25052853000, "researchDevelopment": {}, "sellingGeneralAdministrative": 2854253000, "nonRecurring": {}, "otherOperatingExpenses": 19536065000, "totalOperatingExpenses": 44360442000, "operatingIncome": 333124000, "totalOtherIncomeExpenseNet": -1434138000, "ebit": 333124000, "interestExpense": -2804211000, "incomeBeforeTax": -1101014000, "incomeTaxExpense": 1136132000, "minorityInterest": 5116903000, "netIncomeFromContinuingOps": -2237146000, "discontinuedOperations": {}, "extraordinaryItems": {}, "effectOfAccountingCharges": {}, "otherItems": {}, "netIncome": -2989383000, "netIncomeApplicableToCommonShares": -2989383000}, {"maxAge": 1, "endDate": "2018-03-31", "totalRevenue": 45608096000, "costOfRevenue": 20133620000, "grossProfit": 25474476000, "researchDevelopment": {}, "sellingGeneralAdministrative": 2755051000, "nonRecurring": {}, "otherOperatingExpenses": 19134706000, "totalOperatingExpenses": 44382750000, "operatingIncome": 1225346000, "totalOtherIncomeExpenseNet": -10343056000, "ebit": 1225346000, "interestExpense": -2318245000, "incomeBeforeTax": -9117710000, "incomeTaxExpense": 226510000, "minorityInterest": 12552318000, "netIncomeFromContinuingOps": -9344220000, "discontinuedOperations": {}, "extraordinaryItems": {}, "effectOfAccountingCharges": {}, "otherItems": {}, "netIncome": -10092169000, "netIncomeApplicableToCommonShares": -10092169000}, {"maxAge": 1, "endDate": "2017-03-31", "totalRevenue": 45737147000, "costOfRevenue": 19076043000, "grossProfit": 26661104000, "researchDevelopment": {}, "sellingGeneralAdministrative": 898434000, "nonRecurring": {}, "otherOperatingExpenses": 22219576000, "totalOperatingExpenses": 44418853000, "operatingIncome": 1318294000, "totalOtherIncomeExpenseNet": 4198599000, "ebit": 1318294000, "interestExpense": -2102682000, "incomeBeforeTax": 5516893000, "incomeTaxExpense": 724004000, "minorityInterest": 11672800000, "netIncomeFromContinuingOps": 4792889000, "discontinuedOperations": {}, "extraordinaryItems": {}, "effectOfAccountingCharges": {}, "otherItems": {}, "netIncome": 4216647000, "netIncomeApplicableToCommonShares": 4216647000}], "maxAge": 86400}, "fundOwnership": {"maxAge": 1, "ownershipList": [{"maxAge": 1, "reportDate": "2021-02-28", "organization": "Aberdeen Standard SICAV I-Indian Equity Fd", "pctHeld": 0.0111, "position": 8400000, "value": 1330140000}, {"maxAge": 1, "reportDate": "2021-01-31", "organization": "Vanguard International Stock Index-Total Intl Stock Indx", "pctHeld": 0.0095, "position": 7207280, "value": 1164336084}, {"maxAge": 1, "reportDate": "2021-01-31", "organization": "Vanguard International Stock Index-Emerging Markets Stk", "pctHeld": 0.0089, "position": 6696634, "value": 1081841222}, {"maxAge": 1, "reportDate": "2021-02-28", "organization": "Aberdeen Standard SICAV I-Asian Smaller Companies Fd", "pctHeld": 0.007900001, "position": 5961000, "value": 943924350}, {"maxAge": 1, "reportDate": "2021-02-28", "organization": "Wells Fargo Emerging Markets Equity Fd", "pctHeld": 0.0075, "position": 5634970, "value": 892297499}, {"maxAge": 1, "reportDate": "2021-03-31", "organization": "iShares Core MSCI Emerging Markets ETF", "pctHeld": 0.0058999998, "position": 4429608, "value": 882156433}, {"maxAge": 1, "reportDate": "2020-12-31", "organization": "India Fund, Inc., The", "pctHeld": 0.0052, "position": 3900000, "value": 605280000}, {"maxAge": 1, "reportDate": "2021-01-31", "organization": "DFA Emerging Markets Small Cap Series", "pctHeld": 0.0031, "position": 2350027, "value": 379646861}, {"maxAge": 1, "reportDate": "2021-01-31", "organization": "DFA Investment Dimensions-DFA Emerging Mkts Value", "pctHeld": 0.0029, "position": 2152079, "value": 347668362}, {"maxAge": 1, "reportDate": "2021-02-28", "organization": "Aberdeen Standard SICAV I-Emerging Markets Smaller Companies Fd", "pctHeld": 0.0023, "position": 1726618, "value": 273409960}]}, "summaryDetail": {"maxAge": 1, "priceHint": 2, "previousClose": 210.25, "open": 210.45, "dayLow": 210.0, "dayHigh": 215.5, "regularMarketPreviousClose": 210.25, "regularMarketOpen": 210.45, "regularMarketDayLow": 210.0, "regularMarketDayHigh": 215.5, "payoutRatio": 0.0, "beta": 0.40338, "forwardPE": 46.615044, "volume": 2439523, "regularMarketVolume": 2439523, "averageVolume": 4586543, "averageVolume10days": 3496106, "averageDailyVolume10Day": 3496106, "bid": 0.0, "ask": 210.7, "bidSize": 0, "askSize": 0, "marketCap": 159561433088, "fiftyTwoWeekLow": 113.1, "fiftyTwoWeekHigh": 227.35, "priceToSalesTrailing12Months": 4.101204, "fiftyDayAverage": 203.16112, "twoHundredDayAverage": 165.6438, "currency": "INR", "fromCurrency": null, "toCurrency": null, "lastMarket": null, "algorithm": null, "tradeable": false}, "insiderHolders": {"holders": [{"maxAge": 1, "name": "Aberdeen Asset Management Asia Ltd A/C Aberdeen Internationa", "relation": "Institution- Corporation", "url": "", "transactionDescription": "Acquisition", "latestTransDate": "2020-11-26", "positionDirect": 37942579, "positionDirectDate": "2020-11-26"}, {"maxAge": 1, "name": "Bhatia (Ashish)", "relation": "UNREPORTED", "url": "", "transactionDescription": "Sale", "latestTransDate": "2021-02-22", "positionDirect": 0, "positionDirectDate": "2021-02-22"}, {"maxAge": 1, "name": "Joshi (Preetinder Singh)", "relation": "Director (Non-Executive)", "url": "", "transactionDescription": "Sale", "latestTransDate": "2017-07-26", "positionDirect": 0, "positionDirectDate": "2017-07-26"}, {"maxAge": 1, "name": "Kaira (Anurag)", "relation": "Investor Relations Officer", "url": "", "transactionDescription": "Other", "latestTransDate": "2018-12-06", "positionDirect": 75000, "positionDirectDate": "2018-12-06"}, {"maxAge": 1, "name": "Panigrahi (Bishnu)", "relation": "UNREPORTED", "url": "", "transactionDescription": "Sale", "latestTransDate": "2017-10-05", "positionDirect": 0, "positionDirectDate": "2017-10-05"}, {"maxAge": 1, "name": "Ranjan (Rahul)", "relation": "Compliance Officer", "url": "", "transactionDescription": "Sale", "latestTransDate": "2018-01-31", "positionDirect": 0, "positionDirectDate": "2018-01-31"}, {"maxAge": 1, "name": "Singh (Arundhati)", "relation": "Promoter", "url": "", "transactionDescription": "Sale", "latestTransDate": "2016-01-13", "positionDirect": 5100, "positionDirectDate": "2016-01-13"}, {"maxAge": 1, "name": "Singh (Harinder Chehal)", "relation": "UNREPORTED", "url": "", "transactionDescription": "Other", "latestTransDate": "2019-01-23", "positionDirect": 102279, "positionDirectDate": "2019-01-23"}, {"maxAge": 1, "name": "Singh (Malvinder Mohan)", "relation": "Promoter", "url": "", "transactionDescription": "Other", "latestTransDate": "2018-07-23", "positionDirect": 0, "positionDirectDate": "2018-07-23"}, {"maxAge": 1, "name": "Singh (Shivinder Mohan)", "relation": "Promoter", "url": "", "transactionDescription": "Other", "latestTransDate": "2018-07-23", "positionDirect": 0, "positionDirectDate": "2018-07-23"}], "maxAge": 1}, "calendarEvents": {"maxAge": 1, "earnings": {"earningsDate": [], "earningsAverage": -0.25, "earningsLow": -0.25, "earningsHigh": -0.25, "revenueAverage": 11417700000, "revenueLow": 11417700000, "revenueHigh": 11417700000}}, "price": {"maxAge": 1, "regularMarketChangePercent": 0.0021402945, "regularMarketChange": 0.44999695, "regularMarketTime": "2021-04-30 15:29:56", "priceHint": 2, "regularMarketPrice": 210.7, "regularMarketDayHigh": 215.5, "regularMarketDayLow": 210.0, "regularMarketVolume": 2439523, "averageDailyVolume10Day": 3496106, "averageDailyVolume3Month": 4586543, "regularMarketPreviousClose": 210.25, "regularMarketSource": "FREE_REALTIME", "regularMarketOpen": 210.45, "exchange": "NSI", "exchangeName": "NSE", "exchangeDataDelayedBy": 15, "marketState": "CLOSED", "quoteType": "EQUITY", "symbol": "FORTIS.NS", "underlyingSymbol": null, "shortName": "FORTIS HLTH (INDIA", "longName": "Fortis Healthcare Limited", "currency": "INR", "quoteSourceName": "Delayed Quote", "currencySymbol": "\u20b9", "fromCurrency": null, "toCurrency": null, "lastMarket": null, "marketCap": 159561433088}, "balanceSheetHistory": {"balanceSheetStatements": [{"maxAge": 1, "endDate": "2020-03-31", "cash": 1818593000, "shortTermInvestments": 839020000, "netReceivables": 5195021000, "inventory": 781791000, "otherCurrentAssets": 541888000, "totalCurrentAssets": 9404762000, "longTermInvestments": 1745448000, "propertyPlantEquipment": 52093670000, "goodWill": 37207596000, "intangibleAssets": 759686000, "otherAssets": 12267021000, "deferredLongTermAssetCharges": 3928798000, "totalAssets": 113478183000, "accountsPayable": 5976303000, "shortLongTermDebt": 373783000, "otherCurrentLiab": 13536010000, "longTermDebt": 9540503000, "otherLiab": 3967551000, "minorityInterest": 5444981000, "totalCurrentLiabilities": 25789289000, "totalLiab": 41422320000, "commonStock": 7549581000, "retainedEarnings": -11906794000, "treasuryStock": -1183845000, "capitalSurplus": 72151940000, "otherStockholderEquity": -1183845000, "totalStockholderEquity": 66610882000, "netTangibleAssets": 28643600000}, {"maxAge": 1, "endDate": "2019-03-31", "cash": 7940519000, "shortTermInvestments": 616042000, "netReceivables": 6175523000, "inventory": 565334000, "otherCurrentAssets": 311181000, "totalCurrentAssets": 16665836000, "longTermInvestments": 1903073000, "propertyPlantEquipment": 51150023000, "goodWill": 37207596000, "intangibleAssets": 907386000, "otherAssets": 11678783000, "deferredLongTermAssetCharges": 4653343000, "totalAssets": 119512697000, "accountsPayable": 7535249000, "shortLongTermDebt": 1032618000, "otherCurrentLiab": 13446281000, "longTermDebt": 6370844000, "otherLiab": 5731654000, "minorityInterest": 5116903000, "totalCurrentLiabilities": 35909836000, "totalLiab": 48387765000, "commonStock": 7549549000, "retainedEarnings": -12679042000, "treasuryStock": -1014204000, "capitalSurplus": 72151726000, "otherStockholderEquity": -1014204000, "totalStockholderEquity": 66008029000, "netTangibleAssets": 27893047000}, {"maxAge": 1, "endDate": "2018-03-31", "cash": 1296162000, "shortTermInvestments": 175434000, "netReceivables": 6054738000, "inventory": 666276000, "otherCurrentAssets": 1074618000, "totalCurrentAssets": 12815132000, "longTermInvestments": 13968598000, "propertyPlantEquipment": 30429957000, "goodWill": 20487985000, "intangibleAssets": 1263292000, "otherAssets": 7251945000, "deferredLongTermAssetCharges": 2951221000, "totalAssets": 86216909000, "accountsPayable": 7627625000, "shortLongTermDebt": 5583285000, "otherCurrentLiab": 1556944000, "longTermDebt": 9100780000, "otherLiab": 2225715000, "minorityInterest": 12552318000, "totalCurrentLiabilities": 21340365000, "totalLiab": 33047354000, "commonStock": 5186572000, "retainedEarnings": 1509252000, "treasuryStock": -495613000, "capitalSurplus": 34417026000, "otherStockholderEquity": -495613000, "totalStockholderEquity": 40617237000, "netTangibleAssets": 18865960000}, {"maxAge": 1, "endDate": "2017-03-31", "cash": 5443026000, "shortTermInvestments": 20361000, "netReceivables": 6399637000, "inventory": 615667000, "otherCurrentAssets": 1105644000, "totalCurrentAssets": 17748266000, "longTermInvestments": 14862661000, "propertyPlantEquipment": 32093674000, "goodWill": 23258729000, "intangibleAssets": 1519249000, "otherAssets": 7687119000, "deferredLongTermAssetCharges": 2331360000, "totalAssets": 97169698000, "accountsPayable": 5886606000, "shortLongTermDebt": 2575255000, "otherCurrentLiab": 2289076000, "longTermDebt": 12423339000, "otherLiab": 2010502000, "minorityInterest": 11672800000, "totalCurrentLiabilities": 19264539000, "totalLiab": 34062052000, "commonStock": 5177276000, "retainedEarnings": 12545707000, "treasuryStock": -621983000, "capitalSurplus": 34333846000, "otherStockholderEquity": -621983000, "totalStockholderEquity": 51434846000, "netTangibleAssets": 26656868000}], "maxAge": 86400}, "earningsTrend": {"trend": [{"maxAge": 1, "period": "0q", "endDate": "2018-06-30", "growth": -1.212, "earningsEstimate": {"avg": -0.25, "low": -0.25, "high": -0.25, "yearAgoEps": 1.18, "numberOfAnalysts": 1, "growth": -1.212}, "revenueEstimate": {"avg": 11417700000, "low": 11417700000, "high": 11417700000, "numberOfAnalysts": 1, "yearAgoRevenue": 11566100000, "growth": -0.012999999}, "epsTrend": {"current": -0.25, "7daysAgo": -0.25, "30daysAgo": 0.69, "60daysAgo": 0.69, "90daysAgo": 0.69}, "epsRevisions": {"upLast7days": 0, "upLast30days": 0, "downLast30days": 0, "downLast90days": {}}}, {"maxAge": 1, "period": "+1q", "endDate": "2018-09-30", "growth": 14.5, "earningsEstimate": {"avg": 0.31, "low": 0.31, "high": 0.31, "yearAgoEps": 0.02, "numberOfAnalysts": 1, "growth": 14.5}, "revenueEstimate": {"avg": 11765300000, "low": 11765300000, "high": 11765300000, "numberOfAnalysts": 1, "yearAgoRevenue": 11971700000, "growth": -0.017}, "epsTrend": {"current": 0.31, "7daysAgo": 0.31, "30daysAgo": 1.03, "60daysAgo": 1.03, "90daysAgo": 1.03}, "epsRevisions": {"upLast7days": 0, "upLast30days": 0, "downLast30days": 0, "downLast90days": {}}}, {"maxAge": 1, "period": "0y", "endDate": "2019-03-31", "growth": 2.352, "earningsEstimate": {"avg": 3.34, "low": 2.8, "high": 3.88, "yearAgoEps": -2.47, "numberOfAnalysts": 2, "growth": 2.352}, "revenueEstimate": {"avg": 50408600000, "low": 46799300000, "high": 52993000000, "numberOfAnalysts": 9, "yearAgoRevenue": 45608100000, "growth": 0.105}, "epsTrend": {"current": 3.34, "7daysAgo": 3.34, "30daysAgo": 3.25, "60daysAgo": 3.78, "90daysAgo": 3.68}, "epsRevisions": {"upLast7days": 0, "upLast30days": 0, "downLast30days": 0, "downLast90days": {}}}, {"maxAge": 1, "period": "+1y", "endDate": "2020-03-31", "growth": 0.353, "earningsEstimate": {"avg": 4.52, "low": 2.9, "high": 7.3, "yearAgoEps": 3.34, "numberOfAnalysts": 6, "growth": 0.353}, "revenueEstimate": {"avg": 56697900000, "low": 50562800000, "high": 62369000000, "numberOfAnalysts": 9, "yearAgoRevenue": 50408600000, "growth": 0.125}, "epsTrend": {"current": 4.52, "7daysAgo": 4.52, "30daysAgo": 5.63, "60daysAgo": 5.92, "90daysAgo": 5.92}, "epsRevisions": {"upLast7days": 0, "upLast30days": 0, "downLast30days": 0, "downLast90days": {}}}, {"maxAge": 1, "period": "+5y", "endDate": null, "growth": 0.04, "earningsEstimate": {"avg": {}, "low": {}, "high": {}, "yearAgoEps": {}, "numberOfAnalysts": {}, "growth": {}}, "revenueEstimate": {"avg": {}, "low": {}, "high": {}, "numberOfAnalysts": {}, "yearAgoRevenue": {}, "growth": {}}, "epsTrend": {"current": {}, "7daysAgo": {}, "30daysAgo": {}, "60daysAgo": {}, "90daysAgo": {}}, "epsRevisions": {"upLast7days": {}, "upLast30days": {}, "downLast30days": {}, "downLast90days": {}}}, {"maxAge": 1, "period": "-5y", "endDate": null, "growth": 0.13701999, "earningsEstimate": {"avg": {}, "low": {}, "high": {}, "yearAgoEps": {}, "numberOfAnalysts": {}, "growth": {}}, "revenueEstimate": {"avg": {}, "low": {}, "high": {}, "numberOfAnalysts": {}, "yearAgoRevenue": {}, "growth": {}}, "epsTrend": {"current": {}, "7daysAgo": {}, "30daysAgo": {}, "60daysAgo": {}, "90daysAgo": {}}, "epsRevisions": {"upLast7days": {}, "upLast30days": {}, "downLast30days": {}, "downLast90days": {}}}], "maxAge": 1}, "institutionOwnership": {"maxAge": 1, "ownershipList": []}, "majorHoldersBreakdown": {"maxAge": 1, "insidersPercentHeld": 0.37657002, "institutionsPercentHeld": 0.68884003, "institutionsFloatPercentHeld": 1.1049199, "institutionsCount": 45}, "balanceSheetHistoryQuarterly": {"balanceSheetStatements": [{"maxAge": 1, "endDate": "2020-12-31", "totalStockholderEquity": 64904200000, "netTangibleAssets": 26966600000}, {"maxAge": 1, "endDate": "2020-09-30", "cash": 2949500000, "shortTermInvestments": 750900000, "netReceivables": 3973800000, "inventory": 847400000, "otherCurrentAssets": 843200000, "totalCurrentAssets": 9364800000, "longTermInvestments": 1877100000, "propertyPlantEquipment": 52160200000, "goodWill": 37217100000, "intangibleAssets": 720500000, "otherAssets": 9782100000, "deferredLongTermAssetCharges": 4073200000, "totalAssets": 111121800000, "accountsPayable": 5093600000, "otherCurrentLiab": 16158300000, "longTermDebt": 9378000000, "otherLiab": 3714800000, "minorityInterest": 5546900000, "totalCurrentLiabilities": 25319300000, "totalLiab": 40670700000, "commonStock": 7549600000, "treasuryStock": 57354600000, "otherStockholderEquity": 57354600000, "totalStockholderEquity": 64904200000, "netTangibleAssets": 26966600000}, {"maxAge": 1, "endDate": "2020-06-30", "totalStockholderEquity": 66610882000, "netTangibleAssets": 28643600000}, {"maxAge": 1, "endDate": "2020-03-31", "cash": 1818593000, "shortTermInvestments": 839020000, "netReceivables": 5195021000, "inventory": 781791000, "otherCurrentAssets": 541888000, "totalCurrentAssets": 9404762000, "longTermInvestments": 1745448000, "propertyPlantEquipment": 52093670000, "goodWill": 37207596000, "intangibleAssets": 759686000, "otherAssets": 12267021000, "deferredLongTermAssetCharges": 3928798000, "totalAssets": 113478183000, "accountsPayable": 5976303000, "shortLongTermDebt": 373783000, "otherCurrentLiab": 13536010000, "longTermDebt": 9540503000, "otherLiab": 3967551000, "minorityInterest": 5444981000, "totalCurrentLiabilities": 25789289000, "totalLiab": 41422320000, "commonStock": 7549581000, "retainedEarnings": -11906794000, "treasuryStock": -1183845000, "capitalSurplus": 72151940000, "otherStockholderEquity": -1183845000, "totalStockholderEquity": 66610882000, "netTangibleAssets": 28643600000}], "maxAge": 86400}, "earningsHistory": {"history": [{"maxAge": 1, "epsActual": 1.18, "epsEstimate": 0.5, "epsDifference": 0.68, "surprisePercent": 1.36, "quarter": "2017-06-30", "period": "-4q"}, {"maxAge": 1, "epsActual": 0.02, "epsEstimate": 0.58, "epsDifference": -0.56, "surprisePercent": -0.96599996, "quarter": "2017-09-30", "period": "-3q"}, {"maxAge": 1, "epsActual": -0.71, "epsEstimate": 0.34, "epsDifference": -1.05, "surprisePercent": -3.0879998, "quarter": "2017-12-31", "period": "-2q"}, {"maxAge": 1, "epsActual": -1.89, "epsEstimate": 0.27, "epsDifference": -2.16, "surprisePercent": -8.0, "quarter": "2018-03-31", "period": "-1q"}], "maxAge": 86400}, "summaryProfile": {"address1": "Tower A", "address2": "Block-F Sector-41, Unitech Business Park South City-1", "city": "Gurugram", "zip": "122001", "country": "India", "phone": "91 12 4492 1033", "fax": "91 12 4492 1041", "website": "http://www.fortishealthcare.com", "industry": "Medical Care Facilities", "sector": "Healthcare", "longBusinessSummary": "Fortis Healthcare Limited, an integrated healthcare delivery service provider, offers secondary, tertiary, and quaternary care in India, the United Arab Emirates, Sri Lanka, and internationally. Its healthcare verticals comprise hospitals, diagnostics, and day care specialty facilities. The company offers services in the areas of cardiac care, orthopedics, neurosciences, oncology, renal care, metabolic diseases, and mother and child care. As of February 5, 2021, it operated a network of 36 healthcare facilities with approximately 4,000 operational beds. The company also operates approximately 400 diagnostics centers and laboratories; and 1,400 collection centers. The company was founded in 1995 and is based in Gurugram, India.", "fullTimeEmployees": 16305, "companyOfficers": [], "maxAge": 86400}, "netSharePurchaseActivity": {"maxAge": 1, "period": "6m", "buyInfoCount": 0, "buyInfoShares": 0, "sellInfoCount": 0, "netInfoCount": 0, "netInfoShares": 0, "netPercentInsiderShares": 0.0, "totalInsiderShares": 284295296}, "insiderTransactions": {"transactions": [{"maxAge": 1, "shares": 34415, "value": 75537, "filerUrl": "", "transactionText": "Sale at price 2.19 per share.", "filerName": "Bhatia (Ashish)", "filerRelation": "UNREPORTED", "moneyText": "", "startDate": "2021-02-22", "ownership": "D"}, {"maxAge": 1, "shares": 5231, "value": 11463, "filerUrl": "", "transactionText": "Other at price 2.19 per share.", "filerName": "Bhatia (Ashish)", "filerRelation": "UNREPORTED", "moneyText": "", "startDate": "2021-02-19", "ownership": "D"}, {"maxAge": 1, "shares": 310354, "value": 691623, "filerUrl": "", "transactionText": "Other at price 2.23 per share.", "filerName": "Bhatia (Ashish)", "filerRelation": "UNREPORTED", "moneyText": "", "startDate": "2021-02-18", "ownership": "D"}, {"maxAge": 1, "shares": 473244, "value": 378, "filerUrl": "", "transactionText": "Acquisition at price 0.00 per share.", "filerName": "Aberdeen Asset Management Asia Ltd A/C Aberdeen Internationa", "filerRelation": "Institution- Corporation", "moneyText": "", "startDate": "2020-11-26", "ownership": "D"}, {"maxAge": 1, "shares": 100000, "filerUrl": "", "transactionText": "", "filerName": "Singh (Harinder Chehal)", "filerRelation": "UNREPORTED", "moneyText": "", "startDate": "2019-01-23", "ownership": "D"}, {"maxAge": 1, "shares": 300000, "filerUrl": "", "transactionText": "", "filerName": "Bhatia (Ashish)", "filerRelation": "UNREPORTED", "moneyText": "", "startDate": "2018-12-11", "ownership": "D"}, {"maxAge": 1, "shares": 55000, "filerUrl": "", "transactionText": "", "filerName": "Kaira (Anurag)", "filerRelation": "Investor Relations Officer", "moneyText": "", "startDate": "2018-12-06", "ownership": "D"}, {"maxAge": 1, "shares": 11508, "filerUrl": "", "transactionText": "", "filerName": "Singh (Malvinder Mohan)", "filerRelation": "Promoter", "moneyText": "", "startDate": "2018-07-23", "ownership": "D"}, {"maxAge": 1, "shares": 11508, "filerUrl": "", "transactionText": "", "filerName": "Singh (Shivinder Mohan)", "filerRelation": "Promoter", "moneyText": "", "startDate": "2018-07-23", "ownership": "D"}, {"maxAge": 1, "shares": 30000, "filerUrl": "", "transactionText": "", "filerName": "Bhatia (Ashish)", "filerRelation": "UNREPORTED", "moneyText": "", "startDate": "2018-02-01", "ownership": "D"}, {"maxAge": 1, "shares": 25000, "filerUrl": "", "transactionText": "", "filerName": "Ranjan (Rahul)", "filerRelation": "Compliance Officer", "moneyText": "", "startDate": "2018-01-31", "ownership": "D"}, {"maxAge": 1, "shares": 12689, "filerUrl": "", "transactionText": "", "filerName": "Bhatia (Ashish)", "filerRelation": "UNREPORTED", "moneyText": "", "startDate": "2017-12-29", "ownership": "D"}, {"maxAge": 1, "shares": 20000, "filerUrl": "", "transactionText": "", "filerName": "Kaira (Anurag)", "filerRelation": "UNREPORTED", "moneyText": "", "startDate": "2017-12-22", "ownership": "D"}, {"maxAge": 1, "shares": 16189, "filerUrl": "", "transactionText": "", "filerName": "Bhatia (Ashish)", "filerRelation": "UNREPORTED", "moneyText": "", "startDate": "2017-10-27", "ownership": "D"}, {"maxAge": 1, "shares": 150000, "filerUrl": "", "transactionText": "", "filerName": "Panigrahi (Bishnu)", "filerRelation": "UNREPORTED", "moneyText": "", "startDate": "2017-10-05", "ownership": "D"}, {"maxAge": 1, "shares": 33000, "filerUrl": "", "transactionText": "", "filerName": "Joshi (Preetinder Singh)", "filerRelation": "Director (Non-Executive)", "moneyText": "", "startDate": "2017-07-26", "ownership": "D"}, {"maxAge": 1, "shares": 25000, "filerUrl": "", "transactionText": "", "filerName": "Ranjan (Rahul)", "filerRelation": "Chief Compliance Officer", "moneyText": "", "startDate": "2017-06-19", "ownership": "D"}, {"maxAge": 1, "shares": 7000, "filerUrl": "", "transactionText": "", "filerName": "Singh (Arundhati)", "filerRelation": "Promoter", "moneyText": "", "startDate": "2016-01-13", "ownership": "D"}, {"maxAge": 1, "shares": 20000, "filerUrl": "", "transactionText": "", "filerName": "Godhwani (Sunil)", "filerRelation": "Director (Non-Executive)", "moneyText": "", "startDate": "2015-05-04", "ownership": "D"}, {"maxAge": 1, "shares": 18500, "filerUrl": "", "transactionText": "", "filerName": "Godhwani (Sunil)", "filerRelation": "Director (Non-Executive)", "moneyText": "", "startDate": "2015-04-30", "ownership": "D"}, {"maxAge": 1, "shares": 21080, "filerUrl": "", "transactionText": "", "filerName": "Kapila (Manu)", "filerRelation": "UNREPORTED", "moneyText": "", "startDate": "2015-04-20", "ownership": "D"}, {"maxAge": 1, "shares": 9700, "filerUrl": "", "transactionText": "", "filerName": "Vashishta (Sanjeev)", "filerRelation": "UNREPORTED", "moneyText": "", "startDate": "2015-04-20", "ownership": "D"}, {"maxAge": 1, "shares": 16500, "filerUrl": "", "transactionText": "", "filerName": "Bhatia (Ashish)", "filerRelation": "UNREPORTED", "moneyText": "", "startDate": "2015-03-20", "ownership": "D"}, {"maxAge": 1, "shares": 0, "filerUrl": "", "transactionText": "", "filerName": "International Finance Corporation", "filerRelation": "Institution- Corporation", "moneyText": "", "startDate": "2013-06-08", "ownership": "I"}, {"maxAge": 1, "shares": 18833700, "filerUrl": "", "transactionText": "", "filerName": "International Finance Corporation", "filerRelation": "Institution- Corporation", "moneyText": "", "startDate": "2013-06-06", "ownership": "D"}, {"maxAge": 1, "shares": 11508, "filerUrl": "", "transactionText": "", "filerName": "Singh (Malvinder Mohan)", "filerRelation": "Executive Chairman", "moneyText": "", "startDate": "2013-05-17", "ownership": "D"}, {"maxAge": 1, "shares": 11508, "filerUrl": "", "transactionText": "", "filerName": "Singh (Shivinder Mohan)", "filerRelation": "Executive Vice Chairman", "moneyText": "", "startDate": "2013-05-17", "ownership": "D"}, {"maxAge": 1, "shares": 5000, "filerUrl": "", "transactionText": "", "filerName": "Graveline (Eric Yuves)", "filerRelation": "Director", "moneyText": "", "startDate": "2012-11-29", "ownership": "D"}, {"maxAge": 1, "shares": 5000, "filerUrl": "", "transactionText": "", "filerName": "Graveline (Eric Yuves)", "filerRelation": "Director", "moneyText": "", "startDate": "2012-11-26", "ownership": "D"}, {"maxAge": 1, "shares": 10300, "filerUrl": "", "transactionText": "", "filerName": "Graveline (Eric Yuves)", "filerRelation": "Director", "moneyText": "", "startDate": "2012-11-19", "ownership": "D"}, {"maxAge": 1, "shares": 7500, "filerUrl": "", "transactionText": "", "filerName": "Graveline (Eric Yuves)", "filerRelation": "Director", "moneyText": "", "startDate": "2012-11-18", "ownership": "D"}, {"maxAge": 1, "shares": 7000, "filerUrl": "", "transactionText": "", "filerName": "Graveline (Eric Yuves)", "filerRelation": "Director", "moneyText": "", "startDate": "2012-11-17", "ownership": "D"}, {"maxAge": 1, "shares": 4000, "filerUrl": "", "transactionText": "", "filerName": "Sareen (Yogesh Kumar)", "filerRelation": "Chief Financial Officer", "moneyText": "", "startDate": "2011-07-20", "ownership": "D"}, {"maxAge": 1, "shares": 6000, "filerUrl": "", "transactionText": "", "filerName": "Chordiya (Ashok)", "filerRelation": "Director", "moneyText": "", "startDate": "2011-03-23", "ownership": "D"}], "maxAge": 1}, "sectorTrend": {"maxAge": 1, "symbol": null, "estimates": []}, "incomeStatementHistoryQuarterly": {"incomeStatementHistory": [{"maxAge": 1, "endDate": "2020-12-31", "totalRevenue": 11770300000, "costOfRevenue": 7314300000, "grossProfit": 4456000000, "researchDevelopment": {}, "sellingGeneralAdministrative": {}, "nonRecurring": {}, "otherOperatingExpenses": 2551500000, "totalOperatingExpenses": 10596900000, "operatingIncome": 1173400000, "totalOtherIncomeExpenseNet": -142100000, "ebit": 1173400000, "interestExpense": -421000000, "incomeBeforeTax": 1031300000, "incomeTaxExpense": 492500000, "minorityInterest": {}, "netIncomeFromContinuingOps": 538800000, "discontinuedOperations": {}, "extraordinaryItems": {}, "effectOfAccountingCharges": {}, "otherItems": {}, "netIncome": 299000000, "netIncomeApplicableToCommonShares": 299000000}, {"maxAge": 1, "endDate": "2020-09-30", "totalRevenue": 9947000000, "costOfRevenue": 6288900000, "grossProfit": 3658100000, "researchDevelopment": {}, "sellingGeneralAdministrative": {}, "nonRecurring": {}, "otherOperatingExpenses": 2458100000, "totalOperatingExpenses": 9490300000, "operatingIncome": 456700000, "totalOtherIncomeExpenseNet": -76200000, "ebit": 456700000, "interestExpense": -420800000, "incomeBeforeTax": 380500000, "incomeTaxExpense": 225800000, "minorityInterest": 5546900000, "netIncomeFromContinuingOps": 154700000, "discontinuedOperations": {}, "extraordinaryItems": {}, "effectOfAccountingCharges": {}, "otherItems": {}, "netIncome": -39100000, "netIncomeApplicableToCommonShares": -39100000}, {"maxAge": 1, "endDate": "2020-06-30", "totalRevenue": 6059500000, "costOfRevenue": 5174400000, "grossProfit": 885100000, "researchDevelopment": {}, "sellingGeneralAdministrative": {}, "nonRecurring": {}, "otherOperatingExpenses": 1918000000, "totalOperatingExpenses": 7808900000, "operatingIncome": -1749400000, "totalOtherIncomeExpenseNet": -333200000, "ebit": -1749400000, "interestExpense": -410800000, "incomeBeforeTax": -2082600000, "incomeTaxExpense": -203800000, "minorityInterest": 5546900000, "netIncomeFromContinuingOps": -1878800000, "discontinuedOperations": {}, "extraordinaryItems": {}, "effectOfAccountingCharges": {}, "otherItems": {}, "netIncome": -1789200000, "netIncomeApplicableToCommonShares": -1789200000}, {"maxAge": 1, "endDate": "2020-03-31", "totalRevenue": 11129201000, "costOfRevenue": -1461705000, "grossProfit": 12590906000, "researchDevelopment": {}, "sellingGeneralAdministrative": 2446770000, "nonRecurring": {}, "otherOperatingExpenses": 8954410000, "totalOperatingExpenses": 10740492000, "operatingIncome": 388709000, "totalOtherIncomeExpenseNet": -296917000, "ebit": 388709000, "interestExpense": -238914000, "incomeBeforeTax": 91792000, "incomeTaxExpense": 504208000, "minorityInterest": 5444981000, "netIncomeFromContinuingOps": -412416000, "discontinuedOperations": {}, "extraordinaryItems": {}, "effectOfAccountingCharges": {}, "otherItems": {}, "netIncome": -445141000, "netIncomeApplicableToCommonShares": -445141000}], "maxAge": 86400}, "cashflowStatementHistoryQuarterly": {"cashflowStatements": [{"maxAge": 1, "endDate": "2020-12-31", "netIncome": 299000000, "changeToLiabilities": 0}, {"maxAge": 1, "endDate": "2020-09-30", "netIncome": -39100000, "changeToLiabilities": 0}, {"maxAge": 1, "endDate": "2020-06-30", "netIncome": -1789200000, "changeToLiabilities": 0}, {"maxAge": 1, "endDate": "2020-03-31", "netIncome": -445141000, "changeToLiabilities": 0}], "maxAge": 86400}, "earnings": {"maxAge": 86400, "earningsChart": {"quarterly": [{"date": "2Q2017", "actual": 1.18, "estimate": 0.5}, {"date": "3Q2017", "actual": 0.02, "estimate": 0.58}, {"date": "4Q2017", "actual": -0.71, "estimate": 0.34}, {"date": "1Q2018", "actual": -1.89, "estimate": 0.27}], "currentQuarterEstimate": -0.25, "currentQuarterEstimateDate": "2Q", "currentQuarterEstimateYear": 2018, "earningsDate": []}, "financialsChart": {"yearly": [{"date": 2017, "revenue": 45737147000, "earnings": 4216647000}, {"date": 2018, "revenue": 45608096000, "earnings": -10092169000}, {"date": 2019, "revenue": 44693566000, "earnings": -2989383000}, {"date": 2020, "revenue": 46323201000, "earnings": 579359000}], "quarterly": [{"date": "1Q2020", "revenue": 11129201000, "earnings": -445141000}, {"date": "2Q2020", "revenue": 6059500000, "earnings": -1789200000}, {"date": "3Q2020", "revenue": 9947000000, "earnings": -39100000}, {"date": "4Q2020", "revenue": 11770300000, "earnings": 299000000}]}, "financialCurrency": "INR"}, "financialData": {"maxAge": 86400, "currentPrice": 210.7, "targetHighPrice": 200.0, "targetLowPrice": 145.0, "targetMeanPrice": 173.14, "targetMedianPrice": 180.0, "recommendationMean": 1.7, "recommendationKey": "buy", "numberOfAnalystOpinions": 7, "totalCash": 3700400128, "totalCashPerShare": 4.901, "ebitda": 2673497600, "totalDebt": 15704000512, "totalRevenue": 38905999360, "debtToEquity": 22.291, "revenuePerShare": 51.532, "grossProfits": 26148206000, "revenueGrowth": 0.007, "grossMargins": 0.55493, "ebitdaMargins": 0.068720005, "operatingMargins": 0.0069199996, "profitMargins": -0.05075, "financialCurrency": "INR"}}}