{"FORTISMLR.BO": {"recommendationTrend": {"trend": [{"period": "0m", "strongBuy": 0, "buy": 0, "hold": 0, "sell": 0, "strongSell": 0}, {"period": "-1m", "strongBuy": 0, "buy": 0, "hold": 0, "sell": 0, "strongSell": 0}, {"period": "-2m", "strongBuy": 0, "buy": 0, "hold": 0, "sell": 0, "strongSell": 0}, {"period": "-3m", "strongBuy": 0, "buy": 0, "hold": 0, "sell": 0, "strongSell": 0}], "maxAge": 86400}, "cashflowStatementHistory": {"cashflowStatements": [{"maxAge": 1, "endDate": "2020-03-31", "netIncome": -88936000, "depreciation": 115384000, "changeToNetincome": -72692000, "changeToAccountReceivables": 23111000, "changeToLiabilities": -45596000, "changeToInventory": 3416000, "changeToOperatingActivities": 52343000, "totalCashFromOperatingActivities": -3043000, "capitalExpenditures": -33082000, "investments": 14009000, "otherCashflowsFromInvestingActivities": 513821000, "totalCashflowsFromInvestingActivities": 498818000, "netBorrowings": -115650000, "totalCashFromFinancingActivities": -115650000, "changeInCash": 380125000}, {"maxAge": 1, "endDate": "2019-03-31", "netIncome": 20555000, "depreciation": 37772000, "changeToNetincome": -143211000, "changeToAccountReceivables": -36785000, "changeToLiabilities": -16050000, "changeToInventory": 3743000, "changeToOperatingActivities": -31761000, "totalCashFromOperatingActivities": -159678000, "capitalExpenditures": -27059000, "investments": -14364000, "otherCashflowsFromInvestingActivities": 104791000, "totalCashflowsFromInvestingActivities": 63402000, "netBorrowings": -115650000, "totalCashFromFinancingActivities": 1507000, "changeInCash": -94769000, "issuanceOfStock": 1507000}, {"maxAge": 1, "endDate": "2018-03-31", "netIncome": 33218000, "depreciation": 35639000, "changeToNetincome": -106742000, "changeToAccountReceivables": -11435000, "changeToLiabilities": 110637000, "changeToInventory": 2898000, "changeToOperatingActivities": 17195000, "totalCashFromOperatingActivities": 87912000, "capitalExpenditures": -36845000, "investments": 2360000, "otherCashflowsFromInvestingActivities": 18850000, "totalCashflowsFromInvestingActivities": -15635000, "netBorrowings": -115650000, "totalCashFromFinancingActivities": 524000, "changeInCash": 72801000, "issuanceOfStock": 524000}, {"maxAge": 1, "endDate": "2017-03-31", "netIncome": 31143143, "depreciation": 33113112, "changeToNetincome": -122723745, "changeToAccountReceivables": -4492093, "changeToLiabilities": -69465738, "changeToInventory": 2992465, "changeToOperatingActivities": 37301807, "totalCashFromOperatingActivities": -85835134, "capitalExpenditures": -35643147, "investments": 216237238, "otherCashflowsFromInvestingActivities": -52018199, "totalCashflowsFromInvestingActivities": 134679565, "dividendsPaid": -9314630, "netBorrowings": -115650000, "otherCashflowsFromFinancingActivities": -1896240, "totalCashFromFinancingActivities": -9671620, "changeInCash": 39172811, "issuanceOfStock": 1539250}], "maxAge": 86400}, "institutionOwnership": {"ownershipList": [], "maxAge": 1}, "balanceSheetHistoryQuarterly": {"balanceSheetStatements": [{"maxAge": 1, "endDate": "2020-06-30", "totalStockholderEquity": 964094000, "netTangibleAssets": 936474000}, {"maxAge": 1, "endDate": "2020-03-31", "cash": 430492000, "shortTermInvestments": 114000, "netReceivables": 64609000, "inventory": 13065000, "otherCurrentAssets": 108177000, "totalCurrentAssets": 620045000, "propertyPlantEquipment": 784026000, "intangibleAssets": 27620000, "otherAssets": 503799000, "deferredLongTermAssetCharges": 52237000, "totalAssets": 1935490000, "accountsPayable": 189026000, "otherCurrentLiab": 81512000, "otherLiab": 21606000, "totalCurrentLiabilities": 356057000, "totalLiab": 971396000, "commonStock": 187417000, "retainedEarnings": 681474000, "treasuryStock": -519000, "capitalSurplus": 95722000, "otherStockholderEquity": -519000, "totalStockholderEquity": 964094000, "netTangibleAssets": 936474000}, {"maxAge": 1, "endDate": "2019-12-31", "totalStockholderEquity": 1011645000, "netTangibleAssets": 993180000}, {"maxAge": 1, "endDate": "2019-09-30", "cash": 463088000, "shortTermInvestments": 113468000, "netReceivables": 435661000, "inventory": 14889000, "otherCurrentAssets": 22468000, "totalCurrentAssets": 1049574000, "propertyPlantEquipment": 839060000, "intangibleAssets": 18465000, "otherAssets": 195706000, "deferredLongTermAssetCharges": 35499000, "totalAssets": 2102805000, "accountsPayable": 215177000, "otherCurrentLiab": 184734000, "otherLiab": 15669000, "totalCurrentLiabilities": 456251000, "totalLiab": 1091160000, "commonStock": 187570000, "treasuryStock": 824075000, "otherStockholderEquity": 824075000, "totalStockholderEquity": 1011645000, "netTangibleAssets": 993180000}], "maxAge": 86400}, "earningsHistory": {"history": [{"maxAge": 1, "epsActual": {}, "epsEstimate": {}, "epsDifference": {}, "surprisePercent": {}, "quarter": {}, "period": "-4q"}, {"maxAge": 1, "epsActual": {}, "epsEstimate": {}, "epsDifference": {}, "surprisePercent": {}, "quarter": {}, "period": "-3q"}, {"maxAge": 1, "epsActual": {}, "epsEstimate": {}, "epsDifference": {}, "surprisePercent": {}, "quarter": {}, "period": "-2q"}, {"maxAge": 1, "epsActual": {}, "epsEstimate": {}, "epsDifference": {}, "surprisePercent": {}, "quarter": {}, "period": "-1q"}], "maxAge": 86400}, "indexTrend": {"maxAge": 1, "symbol": "SP5", "peRatio": 19.7411, "pegRatio": 1.34172, "estimates": [{"period": "0q", "growth": 0.549}, {"period": "+1q", "growth": 0.431}, {"period": "0y", "growth": 0.305}, {"period": "+1y", "growth": 0.109}, {"period": "+5y", "growth": 0.120859005}, {"period": "-5y"}]}, "industryTrend": {"maxAge": 1, "symbol": null, "estimates": []}, "insiderTransactions": {"transactions": [{"maxAge": 1, "shares": 39150, "filerUrl": "", "transactionText": "", "filerName": "Ramamurthy (Nithya)", "filerRelation": "Director (Non-Executive)", "moneyText": "", "startDate": "2011-08-18", "ownership": "D"}, {"maxAge": 1, "shares": 11752402, "filerUrl": "", "transactionText": "", "filerName": "Fortis Hospital Ltd", "filerRelation": "Institution- Corporation", "moneyText": "", "startDate": "2011-06-20", "ownership": "D"}, {"maxAge": 1, "shares": 11752402, "filerUrl": "", "transactionText": "", "filerName": "International Hospital, Ltd.", "filerRelation": "Institution- Corporation", "moneyText": "", "startDate": "2011-06-20", "ownership": "D"}, {"maxAge": 1, "shares": 2451333, "filerUrl": "", "transactionText": "", "filerName": "International Hospital, Ltd.", "filerRelation": "Institution- Corporation", "moneyText": "", "startDate": "2011-03-15", "ownership": "D"}, {"maxAge": 1, "shares": 2451333, "filerUrl": "", "transactionText": "", "filerName": "Ranbaxy Laboratories, Ltd.", "filerRelation": "Institution- Corporation", "moneyText": "", "startDate": "2011-03-15", "ownership": "D"}, {"maxAge": 1, "shares": 52700, "filerUrl": "", "transactionText": "", "filerName": "Ramamurthy (Nithya)", "filerRelation": "Director (Non-Executive)", "moneyText": "", "startDate": "2009-09-15", "ownership": "D"}], "maxAge": 1}, "quoteType": {"exchange": "BSE", "quoteType": "EQUITY", "symbol": "FORTISMLR.BO", "underlyingSymbol": "FORTISMLR.BO", "shortName": "FORTIS MALAR HOSPITALS LIMITED", "longName": "Fortis Malar Hospitals Limited", "firstTradeDateEpochUtc": "2002-01-09 09:15:00", "timeZoneFullName": "Asia/Kolkata", "timeZoneShortName": "IST", "uuid": "7886b216-1ebc-3f85-93cc-cda2d5df381d", "gmtOffSetMilliseconds": 19800000, "maxAge": 1}, "incomeStatementHistory": {"incomeStatementHistory": [{"maxAge": 1, "endDate": "2020-03-31", "totalRevenue": 1118720000, "costOfRevenue": 465701000, "grossProfit": 653019000, "researchDevelopment": {}, "sellingGeneralAdministrative": 58145000, "nonRecurring": {}, "otherOperatingExpenses": 621865000, "totalOperatingExpenses": 1271022000, "operatingIncome": -152302000, "totalOtherIncomeExpenseNet": 32952000, "ebit": -152302000, "interestExpense": -78079000, "incomeBeforeTax": -119350000, "incomeTaxExpense": -30414000, "minorityInterest": {}, "netIncomeFromContinuingOps": -88936000, "discontinuedOperations": {}, "extraordinaryItems": {}, "effectOfAccountingCharges": {}, "otherItems": {}, "netIncome": -88936000, "netIncomeApplicableToCommonShares": -88936000}, {"maxAge": 1, "endDate": "2019-03-31", "totalRevenue": 1445939000, "costOfRevenue": 604706000, "grossProfit": 841233000, "researchDevelopment": {}, "sellingGeneralAdministrative": 82085000, "nonRecurring": {}, "otherOperatingExpenses": 782664000, "totalOperatingExpenses": 1513286000, "operatingIncome": -67347000, "totalOtherIncomeExpenseNet": 95254000, "ebit": -67347000, "interestExpense": -5090000, "incomeBeforeTax": 27907000, "incomeTaxExpense": 7352000, "minorityInterest": {}, "netIncomeFromContinuingOps": 20555000, "discontinuedOperations": {}, "extraordinaryItems": {}, "effectOfAccountingCharges": {}, "otherItems": {}, "netIncome": 20555000, "netIncomeApplicableToCommonShares": 20555000}, {"maxAge": 1, "endDate": "2018-03-31", "totalRevenue": 1491927000, "costOfRevenue": 576560000, "grossProfit": 915367000, "researchDevelopment": {}, "sellingGeneralAdministrative": 91370000, "nonRecurring": {}, "otherOperatingExpenses": 806513000, "totalOperatingExpenses": 1516584000, "operatingIncome": -24657000, "totalOtherIncomeExpenseNet": 80571000, "ebit": -24657000, "interestExpense": -5090000, "incomeBeforeTax": 55914000, "incomeTaxExpense": 22696000, "minorityInterest": {}, "netIncomeFromContinuingOps": 33218000, "discontinuedOperations": {}, "extraordinaryItems": {}, "effectOfAccountingCharges": {}, "otherItems": {}, "netIncome": 33218000, "netIncomeApplicableToCommonShares": 33218000}, {"maxAge": 1, "endDate": "2017-03-31", "totalRevenue": 1405598766, "costOfRevenue": 526752906, "grossProfit": 878845860, "researchDevelopment": {}, "sellingGeneralAdministrative": 63508791, "nonRecurring": {}, "otherOperatingExpenses": 806202606, "totalOperatingExpenses": 1435873330, "operatingIncome": -30274564, "totalOtherIncomeExpenseNet": 74960938, "ebit": -30274564, "interestExpense": -44503, "incomeBeforeTax": 44686374, "incomeTaxExpense": 13543231, "minorityInterest": {}, "netIncomeFromContinuingOps": 31143143, "discontinuedOperations": {}, "extraordinaryItems": {}, "effectOfAccountingCharges": {}, "otherItems": {}, "netIncome": 31143143, "netIncomeApplicableToCommonShares": 31143143}], "maxAge": 86400}, "fundOwnership": {"ownershipList": [], "maxAge": 1}, "summaryDetail": {"maxAge": 1, "priceHint": 2, "previousClose": 62.15, "open": 61.2, "dayLow": 61.0, "dayHigh": 62.75, "regularMarketPreviousClose": 62.15, "regularMarketOpen": 61.2, "regularMarketDayLow": 61.0, "regularMarketDayHigh": 62.75, "volume": 4339, "regularMarketVolume": 4339, "averageVolume": 9107, "averageVolume10days": 4154, "averageDailyVolume10Day": 4154, "bid": 61.0, "ask": 61.9, "bidSize": 0, "askSize": 0, "marketCap": 1146998144, "fiftyTwoWeekLow": 34.5, "fiftyTwoWeekHigh": 62.75, "fiftyDayAverage": 52.886364, "twoHundredDayAverage": 50.05294, "currency": "INR", "fromCurrency": null, "lastMarket": null, "algorithm": null, "tradeable": false}, "sectorTrend": {"maxAge": 1, "symbol": null, "estimates": []}, "incomeStatementHistoryQuarterly": {"incomeStatementHistory": [{"maxAge": 1, "endDate": "2020-06-30", "totalRevenue": 94338000, "costOfRevenue": 114138000, "grossProfit": -19800000, "researchDevelopment": {}, "sellingGeneralAdministrative": {}, "nonRecurring": {}, "otherOperatingExpenses": 38335000, "totalOperatingExpenses": 184578000, "operatingIncome": -90240000, "totalOtherIncomeExpenseNet": 50557000, "ebit": -90240000, "interestExpense": -18305000, "incomeBeforeTax": -39683000, "incomeTaxExpense": -10509000, "minorityInterest": {}, "netIncomeFromContinuingOps": -29174000, "discontinuedOperations": {}, "extraordinaryItems": {}, "effectOfAccountingCharges": {}, "otherItems": {}, "netIncome": -29174000, "netIncomeApplicableToCommonShares": -29174000}, {"maxAge": 1, "endDate": "2020-03-31", "totalRevenue": 221590000, "costOfRevenue": -232520000, "grossProfit": 454110000, "researchDevelopment": {}, "sellingGeneralAdministrative": 58145000, "nonRecurring": {}, "otherOperatingExpenses": 412099000, "totalOperatingExpenses": 270293000, "operatingIncome": -48703000, "totalOtherIncomeExpenseNet": 15288000, "ebit": -48703000, "interestExpense": -19079000, "incomeBeforeTax": -33415000, "incomeTaxExpense": -8755000, "minorityInterest": {}, "netIncomeFromContinuingOps": -24660000, "discontinuedOperations": {}, "extraordinaryItems": {}, "effectOfAccountingCharges": {}, "otherItems": {}, "netIncome": -24660000, "netIncomeApplicableToCommonShares": -24660000}, {"maxAge": 1, "endDate": "2019-12-31", "totalRevenue": 271350000, "costOfRevenue": 198010000, "grossProfit": 73340000, "researchDevelopment": {}, "sellingGeneralAdministrative": 58145000, "nonRecurring": {}, "otherOperatingExpenses": 77000000, "totalOperatingExpenses": 307010000, "operatingIncome": -35660000, "totalOtherIncomeExpenseNet": 10870000, "ebit": -35660000, "interestExpense": -19510000, "incomeBeforeTax": -24790000, "incomeTaxExpense": -4610000, "minorityInterest": {}, "netIncomeFromContinuingOps": -20180000, "discontinuedOperations": {}, "extraordinaryItems": {}, "effectOfAccountingCharges": {}, "otherItems": {}, "netIncome": -20180000, "netIncomeApplicableToCommonShares": -20180000}, {"maxAge": 1, "endDate": "2019-09-30", "totalRevenue": 307042000, "costOfRevenue": 254110000, "grossProfit": 52932000, "researchDevelopment": {}, "sellingGeneralAdministrative": 58145000, "nonRecurring": {}, "otherOperatingExpenses": 66359000, "totalOperatingExpenses": 350989000, "operatingIncome": -43947000, "totalOtherIncomeExpenseNet": 391000, "ebit": -43947000, "interestExpense": -19806000, "incomeBeforeTax": -43556000, "incomeTaxExpense": -12156000, "minorityInterest": {}, "netIncomeFromContinuingOps": -31400000, "discontinuedOperations": {}, "extraordinaryItems": {}, "effectOfAccountingCharges": {}, "otherItems": {}, "netIncome": -31400000, "netIncomeApplicableToCommonShares": -31400000}], "maxAge": 86400}, "cashflowStatementHistoryQuarterly": {"cashflowStatements": [{"maxAge": 1, "endDate": "2020-06-30", "netIncome": -29174000, "changeToLiabilities": 0}, {"maxAge": 1, "endDate": "2020-03-31", "netIncome": -24660000, "changeToLiabilities": 0}, {"maxAge": 1, "endDate": "2019-12-31", "netIncome": -20180000, "changeToLiabilities": 0}, {"maxAge": 1, "endDate": "2019-09-30", "netIncome": -31400000, "changeToLiabilities": 0}], "maxAge": 86400}, "insiderHolders": {"holders": [{"maxAge": 1, "name": "Fortis Hospital Ltd", "relation": "Institution- Corporation", "url": "", "transactionDescription": "Acquisition", "latestTransDate": "2011-06-20", "positionDirect": 11752402, "positionDirectDate": "2011-06-20"}, {"maxAge": 1, "name": "International Hospital, Ltd.", "relation": "Institution- Corporation", "url": "", "transactionDescription": "Sale", "latestTransDate": "2011-06-20", "positionDirect": 0, "positionDirectDate": "2011-06-20"}, {"maxAge": 1, "name": "Ramamurthy (Nithya)", "relation": "Director (Non-Executive)", "url": "", "transactionDescription": "Acquisition", "latestTransDate": "2011-08-18", "positionDirect": 893377, "positionDirectDate": "2011-08-18"}, {"maxAge": 1, "name": "Ranbaxy Laboratories, Ltd.", "relation": "Institution- Corporation", "url": "", "transactionDescription": "Sale", "latestTransDate": "2011-03-15", "positionDirect": 0, "positionDirectDate": "2011-03-15"}], "maxAge": 1}, "earnings": {"maxAge": 86400, "earningsChart": {"quarterly": [], "earningsDate": []}, "financialsChart": {"yearly": [{"date": 2017, "revenue": 1405598766, "earnings": 31143143}, {"date": 2018, "revenue": 1491927000, "earnings": 33218000}, {"date": 2019, "revenue": 1445939000, "earnings": 20555000}, {"date": 2020, "revenue": 1118720000, "earnings": -88936000}], "quarterly": [{"date": "3Q2019", "revenue": 307042000, "earnings": -31400000}, {"date": "4Q2019", "revenue": 271350000, "earnings": -20180000}, {"date": "1Q2020", "revenue": 221590000, "earnings": -24660000}, {"date": "2Q2020", "revenue": 94338000, "earnings": -29174000}]}, "financialCurrency": "INR"}, "calendarEvents": {"maxAge": 1, "earnings": {"earningsDate": []}}, "upgradeDowngradeHistory": {"history": [], "maxAge": 86400}, "price": {"maxAge": 1, "regularMarketChangePercent": -0.015285611, "regularMarketChange": -0.95000076, "regularMarketTime": "2021-04-30 15:29:17", "priceHint": 2, "regularMarketPrice": 61.2, "regularMarketDayHigh": 62.75, "regularMarketDayLow": 61.0, "regularMarketVolume": 4339, "averageDailyVolume10Day": 4154, "averageDailyVolume3Month": 9107, "regularMarketPreviousClose": 62.15, "regularMarketSource": "FREE_REALTIME", "regularMarketOpen": 61.2, "exchange": "BSE", "exchangeName": "BSE", "exchangeDataDelayedBy": 0, "marketState": "CLOSED", "quoteType": "EQUITY", "symbol": "FORTISMLR.BO", "underlyingSymbol": null, "shortName": "FORTIS MALAR HOSPITALS LIMITED", "longName": "Fortis Malar Hospitals Limited", "currency": "INR", "quoteSourceName": "Delayed Quote", "currencySymbol": "\u20b9", "fromCurrency": null, "lastMarket": null, "marketCap": 1146998144}, "balanceSheetHistory": {"balanceSheetStatements": [{"maxAge": 1, "endDate": "2020-03-31", "cash": 430492000, "shortTermInvestments": 114000, "netReceivables": 64609000, "inventory": 13065000, "otherCurrentAssets": 108177000, "totalCurrentAssets": 620045000, "propertyPlantEquipment": 784026000, "intangibleAssets": 27620000, "otherAssets": 503799000, "deferredLongTermAssetCharges": 52237000, "totalAssets": 1935490000, "accountsPayable": 189026000, "otherCurrentLiab": 81512000, "otherLiab": 21606000, "totalCurrentLiabilities": 356057000, "totalLiab": 971396000, "commonStock": 187417000, "retainedEarnings": 681474000, "treasuryStock": -519000, "capitalSurplus": 95722000, "otherStockholderEquity": -519000, "totalStockholderEquity": 964094000, "netTangibleAssets": 936474000}, {"maxAge": 1, "endDate": "2019-03-31", "cash": 50367000, "shortTermInvestments": 14006000, "netReceivables": 961289000, "inventory": 16481000, "otherCurrentAssets": 75075000, "totalCurrentAssets": 1121234000, "propertyPlantEquipment": 206226000, "intangibleAssets": 19540000, "otherAssets": 161519000, "deferredLongTermAssetCharges": 18659000, "totalAssets": 1508519000, "accountsPayable": 235274000, "otherCurrentLiab": 146146000, "otherLiab": 16072000, "totalCurrentLiabilities": 438686000, "totalLiab": 454758000, "commonStock": 187417000, "retainedEarnings": 770409000, "treasuryStock": 213000, "capitalSurplus": 95722000, "otherStockholderEquity": 213000, "totalStockholderEquity": 1053761000, "netTangibleAssets": 1034221000}, {"maxAge": 1, "endDate": "2018-03-31", "cash": 145136000, "shortTermInvestments": 125000, "netReceivables": 927330000, "inventory": 20224000, "otherCurrentAssets": 34375000, "totalCurrentAssets": 1132261000, "propertyPlantEquipment": 220995000, "intangibleAssets": 24131000, "otherAssets": 113346000, "deferredLongTermAssetCharges": 14342000, "totalAssets": 1490733000, "accountsPayable": 251324000, "otherCurrentLiab": 170516000, "otherLiab": 13814000, "totalCurrentLiabilities": 446451000, "totalLiab": 460265000, "commonStock": 186995000, "retainedEarnings": 749854000, "treasuryStock": -1172000, "capitalSurplus": 94791000, "otherStockholderEquity": -1172000, "totalStockholderEquity": 1030468000, "netTangibleAssets": 1006337000}, {"maxAge": 1, "endDate": "2017-03-31", "cash": 72335064, "shortTermInvestments": 2500000, "netReceivables": 854634148, "inventory": 23122044, "otherCurrentAssets": 11368767, "totalCurrentAssets": 968961950, "propertyPlantEquipment": 219795428, "intangibleAssets": 32239928, "otherAssets": 85875169, "deferredLongTermAssetCharges": 10294561, "totalAssets": 1306872475, "accountsPayable": 141486945, "otherCurrentLiab": 138250559, "otherLiab": 6583462, "totalCurrentLiabilities": 304831483, "totalLiab": 311414945, "commonStock": 186642590, "retainedEarnings": 714195120, "treasuryStock": 152500, "capitalSurplus": 94467320, "otherStockholderEquity": 152500, "totalStockholderEquity": 995457530, "netTangibleAssets": 963217602}], "maxAge": 86400}, "earningsTrend": {"trend": [{"maxAge": 1, "period": "0q", "endDate": null, "growth": {}, "earningsEstimate": {"avg": 0.0, "low": 0.0, "high": 0.0, "yearAgoEps": {}, "numberOfAnalysts": 0, "growth": {}}, "revenueEstimate": {"avg": 0, "low": 0, "high": 0, "numberOfAnalysts": 0, "yearAgoRevenue": {}, "growth": {}}, "epsTrend": {"current": 0.0, "7daysAgo": 0.0, "30daysAgo": 0.0, "60daysAgo": 0.0, "90daysAgo": 0.0}, "epsRevisions": {"upLast7days": 0, "upLast30days": 0, "downLast30days": 0, "downLast90days": {}}}, {"maxAge": 1, "period": "+1q", "endDate": null, "growth": {}, "earningsEstimate": {"avg": 0.0, "low": 0.0, "high": 0.0, "yearAgoEps": {}, "numberOfAnalysts": 0, "growth": {}}, "revenueEstimate": {"avg": 0, "low": 0, "high": 0, "numberOfAnalysts": 0, "yearAgoRevenue": {}, "growth": {}}, "epsTrend": {"current": 0.0, "7daysAgo": 0.0, "30daysAgo": 0.0, "60daysAgo": 0.0, "90daysAgo": 0.0}, "epsRevisions": {"upLast7days": 0, "upLast30days": 0, "downLast30days": 0, "downLast90days": {}}}, {"maxAge": 1, "period": "0y", "endDate": null, "growth": {}, "earningsEstimate": {"avg": 0.0, "low": 0.0, "high": 0.0, "yearAgoEps": {}, "numberOfAnalysts": 0, "growth": {}}, "revenueEstimate": {"avg": 0, "low": 0, "high": 0, "numberOfAnalysts": 0, "yearAgoRevenue": {}, "growth": {}}, "epsTrend": {"current": 0.0, "7daysAgo": 0.0, "30daysAgo": 0.0, "60daysAgo": 0.0, "90daysAgo": 0.0}, "epsRevisions": {"upLast7days": 0, "upLast30days": 0, "downLast30days": 0, "downLast90days": {}}}, {"maxAge": 1, "period": "+1y", "endDate": null, "growth": {}, "earningsEstimate": {"avg": 0.0, "low": 0.0, "high": 0.0, "yearAgoEps": {}, "numberOfAnalysts": 0, "growth": {}}, "revenueEstimate": {"avg": 0, "low": 0, "high": 0, "numberOfAnalysts": 0, "yearAgoRevenue": {}, "growth": {}}, "epsTrend": {"current": 0.0, "7daysAgo": 0.0, "30daysAgo": 0.0, "60daysAgo": 0.0, "90daysAgo": 0.0}, "epsRevisions": {"upLast7days": 0, "upLast30days": 0, "downLast30days": 0, "downLast90days": {}}}, {"maxAge": 1, "period": "+5y", "endDate": null, "growth": {}, "earningsEstimate": {"avg": {}, "low": {}, "high": {}, "yearAgoEps": {}, "numberOfAnalysts": {}, "growth": {}}, "revenueEstimate": {"avg": {}, "low": {}, "high": {}, "numberOfAnalysts": {}, "yearAgoRevenue": {}, "growth": {}}, "epsTrend": {"current": {}, "7daysAgo": {}, "30daysAgo": {}, "60daysAgo": {}, "90daysAgo": {}}, "epsRevisions": {"upLast7days": {}, "upLast30days": {}, "downLast30days": {}, "downLast90days": {}}}, {"maxAge": 1, "period": "-5y", "endDate": null, "growth": {}, "earningsEstimate": {"avg": {}, "low": {}, "high": {}, "yearAgoEps": {}, "numberOfAnalysts": {}, "growth": {}}, "revenueEstimate": {"avg": {}, "low": {}, "high": {}, "numberOfAnalysts": {}, "yearAgoRevenue": {}, "growth": {}}, "epsTrend": {"current": {}, "7daysAgo": {}, "30daysAgo": {}, "60daysAgo": {}, "90daysAgo": {}}, "epsRevisions": {"upLast7days": {}, "upLast30days": {}, "downLast30days": {}, "downLast90days": {}}}], "maxAge": 1}, "financialData": {"maxAge": 86400, "currentPrice": 61.2, "targetHighPrice": 60.0, "targetLowPrice": 60.0, "targetMeanPrice": 60.0, "targetMedianPrice": 60.0, "recommendationKey": "none", "numberOfAnalystOpinions": 1, "grossProfits": 653019000, "financialCurrency": "INR"}}}