{"FORTIS.BO": {"recommendationTrend": {"trend": [{"period": "0m", "strongBuy": 0, "buy": 0, "hold": 0, "sell": 0, "strongSell": 0}, {"period": "-1m", "strongBuy": 0, "buy": 0, "hold": 0, "sell": 0, "strongSell": 0}, {"period": "-2m", "strongBuy": 0, "buy": 0, "hold": 0, "sell": 0, "strongSell": 0}, {"period": "-3m", "strongBuy": 0, "buy": 0, "hold": 0, "sell": 0, "strongSell": 0}], "maxAge": 86400}, "cashflowStatementHistory": {"cashflowStatements": [{"maxAge": 1, "endDate": "2020-03-31", "netIncome": 579359000, "depreciation": 2638809000, "changeToNetincome": -317303000, "changeToAccountReceivables": 178732000, "changeToLiabilities": -1217024000, "changeToInventory": -216457000, "changeToOperatingActivities": -209160000, "totalCashFromOperatingActivities": 1715438000, "capitalExpenditures": -1558857000, "investments": 1312859000, "otherCashflowsFromInvestingActivities": 657549000, "totalCashflowsFromInvestingActivities": 604228000, "netBorrowings": -6567782000, "otherCashflowsFromFinancingActivities": -2048515000, "totalCashFromFinancingActivities": -8616051000, "effectOfExchangeRate": 30535000, "changeInCash": -6265850000, "issuanceOfStock": 246000}, {"maxAge": 1, "endDate": "2019-03-31", "netIncome": -2989383000, "depreciation": 1964702000, "changeToNetincome": 1360143000, "changeToAccountReceivables": -1495482000, "changeToLiabilities": -396420000, "changeToInventory": 106402000, "changeToOperatingActivities": -688693000, "totalCashFromOperatingActivities": -1785307000, "capitalExpenditures": -831129000, "investments": 3892552000, "otherCashflowsFromInvestingActivities": 10369018000, "totalCashflowsFromInvestingActivities": -33227032000, "dividendsPaid": -358000, "netBorrowings": 6480963000, "otherCashflowsFromFinancingActivities": -4012569000, "totalCashFromFinancingActivities": 42565713000, "effectOfExchangeRate": -474965000, "changeInCash": 7987556000, "issuanceOfStock": 40097677000}, {"maxAge": 1, "endDate": "2018-03-31", "netIncome": -10092169000, "depreciation": 1994407000, "changeToNetincome": 12138241000, "changeToAccountReceivables": -627176000, "changeToLiabilities": 1943003000, "changeToInventory": -50609000, "changeToOperatingActivities": -738442000, "totalCashFromOperatingActivities": 4928950000, "capitalExpenditures": -1801091000, "investments": 491633000, "otherCashflowsFromInvestingActivities": -3154603000, "totalCashflowsFromInvestingActivities": -3353671000, "dividendsPaid": -16000, "netBorrowings": -3530530000, "otherCashflowsFromFinancingActivities": -3282438000, "totalCashFromFinancingActivities": -6720508000, "effectOfExchangeRate": 19278000, "changeInCash": -5125951000, "issuanceOfStock": 92476000}, {"maxAge": 1, "endDate": "2017-03-31", "netIncome": 4216647000, "depreciation": 1896895000, "changeToNetincome": 1383323000, "changeToAccountReceivables": -204939000, "changeToLiabilities": 272515000, "changeToInventory": -15313000, "changeToOperatingActivities": 1790509000, "totalCashFromOperatingActivities": 9664528000, "capitalExpenditures": -2776217000, "investments": -1033613000, "otherCashflowsFromInvestingActivities": 4555857000, "totalCashflowsFromInvestingActivities": -10016314000, "dividendsPaid": -16000, "netBorrowings": 4813560000, "otherCashflowsFromFinancingActivities": -2299315000, "totalCashFromFinancingActivities": 2593735000, "effectOfExchangeRate": 19278000, "changeInCash": 2245447000, "issuanceOfStock": 79490000}], "maxAge": 86400}, "institutionOwnership": {"ownershipList": [], "maxAge": 1}, "balanceSheetHistoryQuarterly": {"balanceSheetStatements": [{"maxAge": 1, "endDate": "2020-06-30", "totalStockholderEquity": 66610882000, "netTangibleAssets": 28643600000}, {"maxAge": 1, "endDate": "2020-03-31", "cash": 1818593000, "shortTermInvestments": 839020000, "netReceivables": 5195021000, "inventory": 781791000, "otherCurrentAssets": 541888000, "totalCurrentAssets": 9404762000, "longTermInvestments": 1745448000, "propertyPlantEquipment": 52093670000, "goodWill": 37207596000, "intangibleAssets": 759686000, "otherAssets": 12267021000, "deferredLongTermAssetCharges": 3928798000, "totalAssets": 113478183000, "accountsPayable": 5976303000, "shortLongTermDebt": 373783000, "otherCurrentLiab": 13536010000, "longTermDebt": 9540503000, "otherLiab": 3967551000, "minorityInterest": 5444981000, "totalCurrentLiabilities": 25789289000, "totalLiab": 41422320000, "commonStock": 7549581000, "retainedEarnings": -11906794000, "treasuryStock": -1183845000, "capitalSurplus": 72151940000, "otherStockholderEquity": -1183845000, "totalStockholderEquity": 66610882000, "netTangibleAssets": 28643600000}, {"maxAge": 1, "endDate": "2019-12-31", "totalStockholderEquity": 67772600000, "netTangibleAssets": 29705500000}, {"maxAge": 1, "endDate": "2019-09-30", "cash": 2952800000, "shortTermInvestments": 663300000, "netReceivables": 5666500000, "inventory": 601100000, "otherCurrentAssets": 597500000, "totalCurrentAssets": 10481200000, "longTermInvestments": 1615800000, "propertyPlantEquipment": 52214100000, "goodWill": 37207600000, "intangibleAssets": 859500000, "otherAssets": 11678500000, "deferredLongTermAssetCharges": 5154600000, "totalAssets": 114056700000, "accountsPayable": 6461600000, "otherCurrentLiab": 16250600000, "longTermDebt": 11226000000, "otherLiab": 4088800000, "minorityInterest": 5356400000, "totalCurrentLiabilities": 25612900000, "totalLiab": 40927700000, "commonStock": 7549600000, "treasuryStock": 60223000000, "otherStockholderEquity": 60223000000, "totalStockholderEquity": 67772600000, "netTangibleAssets": 29705500000}], "maxAge": 86400}, "earningsHistory": {"history": [{"maxAge": 1, "epsActual": -0.71, "epsEstimate": 0.34, "epsDifference": -1.05, "surprisePercent": -3.0879998, "quarter": "2017-12-31", "period": "-4q"}, {"maxAge": 1, "epsActual": -1.89, "epsEstimate": 0.27, "epsDifference": -2.16, "surprisePercent": -8.0, "quarter": "2018-03-31", "period": "-3q"}, {"maxAge": 1, "epsActual": -1.38, "epsEstimate": -0.25, "epsDifference": -1.13, "surprisePercent": -4.52, "quarter": "2018-06-30", "period": "-2q"}, {"maxAge": 1, "epsActual": -1.36, "epsEstimate": -0.37, "epsDifference": -0.99, "surprisePercent": -2.676, "quarter": "2018-09-30", "period": "-1q"}], "maxAge": 86400}, "indexTrend": {"maxAge": 1, "symbol": "SP5", "peRatio": 19.7411, "pegRatio": 1.34172, "estimates": [{"period": "0q", "growth": 0.549}, {"period": "+1q", "growth": 0.431}, {"period": "0y", "growth": 0.305}, {"period": "+1y", "growth": 0.109}, {"period": "+5y", "growth": 0.120865}, {"period": "-5y"}]}, "industryTrend": {"maxAge": 1, "symbol": null, "estimates": []}, "insiderTransactions": {"transactions": [{"maxAge": 1, "shares": 100000, "filerUrl": "", "transactionText": "", "filerName": "Singh (Harinder Chehal)", "filerRelation": "UNREPORTED", "moneyText": "", "startDate": "2019-01-23", "ownership": "D"}, {"maxAge": 1, "shares": 300000, "filerUrl": "", "transactionText": "", "filerName": "Bhatia (Ashish)", "filerRelation": "UNREPORTED", "moneyText": "", "startDate": "2018-12-11", "ownership": "D"}, {"maxAge": 1, "shares": 55000, "filerUrl": "", "transactionText": "", "filerName": "Kaira (Anurag)", "filerRelation": "Investor Relations Officer", "moneyText": "", "startDate": "2018-12-06", "ownership": "D"}, {"maxAge": 1, "shares": 11508, "filerUrl": "", "transactionText": "", "filerName": "Singh (Shivinder Mohan)", "filerRelation": "Promoter", "moneyText": "", "startDate": "2018-07-23", "ownership": "D"}, {"maxAge": 1, "shares": 11508, "filerUrl": "", "transactionText": "", "filerName": "Singh (Malvinder Mohan)", "filerRelation": "Promoter", "moneyText": "", "startDate": "2018-07-23", "ownership": "D"}, {"maxAge": 1, "shares": 30000, "filerUrl": "", "transactionText": "", "filerName": "Bhatia (Ashish)", "filerRelation": "UNREPORTED", "moneyText": "", "startDate": "2018-02-01", "ownership": "D"}, {"maxAge": 1, "shares": 25000, "filerUrl": "", "transactionText": "", "filerName": "Ranjan (Rahul)", "filerRelation": "Compliance Officer", "moneyText": "", "startDate": "2018-01-31", "ownership": "D"}, {"maxAge": 1, "shares": 12689, "filerUrl": "", "transactionText": "", "filerName": "Bhatia (Ashish)", "filerRelation": "UNREPORTED", "moneyText": "", "startDate": "2017-12-29", "ownership": "D"}, {"maxAge": 1, "shares": 20000, "filerUrl": "", "transactionText": "", "filerName": "Kaira (Anurag)", "filerRelation": "UNREPORTED", "moneyText": "", "startDate": "2017-12-22", "ownership": "D"}, {"maxAge": 1, "shares": 16189, "filerUrl": "", "transactionText": "", "filerName": "Bhatia (Ashish)", "filerRelation": "UNREPORTED", "moneyText": "", "startDate": "2017-10-27", "ownership": "D"}, {"maxAge": 1, "shares": 150000, "filerUrl": "", "transactionText": "", "filerName": "Panigrahi (Bishnu)", "filerRelation": "UNREPORTED", "moneyText": "", "startDate": "2017-10-05", "ownership": "D"}, {"maxAge": 1, "shares": 33000, "filerUrl": "", "transactionText": "", "filerName": "Joshi (Preetinder Singh)", "filerRelation": "Director (Non-Executive)", "moneyText": "", "startDate": "2017-07-26", "ownership": "D"}, {"maxAge": 1, "shares": 25000, "filerUrl": "", "transactionText": "", "filerName": "Ranjan (Rahul)", "filerRelation": "Chief Compliance Officer", "moneyText": "", "startDate": "2017-06-19", "ownership": "D"}, {"maxAge": 1, "shares": 7000, "filerUrl": "", "transactionText": "", "filerName": "Singh (Arundhati)", "filerRelation": "Promoter", "moneyText": "", "startDate": "2016-01-13", "ownership": "D"}, {"maxAge": 1, "shares": 20000, "filerUrl": "", "transactionText": "", "filerName": "Godhwani (Sunil)", "filerRelation": "Director (Non-Executive)", "moneyText": "", "startDate": "2015-05-04", "ownership": "D"}, {"maxAge": 1, "shares": 18500, "filerUrl": "", "transactionText": "", "filerName": "Godhwani (Sunil)", "filerRelation": "Director (Non-Executive)", "moneyText": "", "startDate": "2015-04-30", "ownership": "D"}, {"maxAge": 1, "shares": 21080, "filerUrl": "", "transactionText": "", "filerName": "Kapila (Manu)", "filerRelation": "UNREPORTED", "moneyText": "", "startDate": "2015-04-20", "ownership": "D"}, {"maxAge": 1, "shares": 9700, "filerUrl": "", "transactionText": "", "filerName": "Vashishta (Sanjeev)", "filerRelation": "UNREPORTED", "moneyText": "", "startDate": "2015-04-20", "ownership": "D"}, {"maxAge": 1, "shares": 16500, "filerUrl": "", "transactionText": "", "filerName": "Bhatia (Ashish)", "filerRelation": "UNREPORTED", "moneyText": "", "startDate": "2015-03-20", "ownership": "D"}, {"maxAge": 1, "shares": 0, "filerUrl": "", "transactionText": "", "filerName": "International Finance Corporation", "filerRelation": "Institution- Corporation", "moneyText": "", "startDate": "2013-06-08", "ownership": "I"}, {"maxAge": 1, "shares": 18833700, "filerUrl": "", "transactionText": "", "filerName": "International Finance Corporation", "filerRelation": "Institution- Corporation", "moneyText": "", "startDate": "2013-06-06", "ownership": "D"}, {"maxAge": 1, "shares": 11508, "filerUrl": "", "transactionText": "", "filerName": "Singh (Malvinder Mohan)", "filerRelation": "Executive Chairman", "moneyText": "", "startDate": "2013-05-17", "ownership": "D"}, {"maxAge": 1, "shares": 11508, "filerUrl": "", "transactionText": "", "filerName": "Singh (Shivinder Mohan)", "filerRelation": "Executive Vice Chairman", "moneyText": "", "startDate": "2013-05-17", "ownership": "D"}, {"maxAge": 1, "shares": 5000, "filerUrl": "", "transactionText": "", "filerName": "Graveline (Eric Yuves)", "filerRelation": "Director", "moneyText": "", "startDate": "2012-11-29", "ownership": "D"}, {"maxAge": 1, "shares": 5000, "filerUrl": "", "transactionText": "", "filerName": "Graveline (Eric Yuves)", "filerRelation": "Director", "moneyText": "", "startDate": "2012-11-26", "ownership": "D"}, {"maxAge": 1, "shares": 10300, "filerUrl": "", "transactionText": "", "filerName": "Graveline (Eric Yuves)", "filerRelation": "Director", "moneyText": "", "startDate": "2012-11-19", "ownership": "D"}, {"maxAge": 1, "shares": 7500, "filerUrl": "", "transactionText": "", "filerName": "Graveline (Eric Yuves)", "filerRelation": "Director", "moneyText": "", "startDate": "2012-11-18", "ownership": "D"}, {"maxAge": 1, "shares": 7000, "filerUrl": "", "transactionText": "", "filerName": "Graveline (Eric Yuves)", "filerRelation": "Director", "moneyText": "", "startDate": "2012-11-17", "ownership": "D"}, {"maxAge": 1, "shares": 4000, "filerUrl": "", "transactionText": "", "filerName": "Sareen (Yogesh Kumar)", "filerRelation": "Chief Financial Officer", "moneyText": "", "startDate": "2011-07-20", "ownership": "D"}, {"maxAge": 1, "shares": 6000, "filerUrl": "", "transactionText": "", "filerName": "Chordiya (Ashok)", "filerRelation": "Director", "moneyText": "", "startDate": "2011-03-23", "ownership": "D"}], "maxAge": 1}, "quoteType": {"exchange": "BSE", "quoteType": "EQUITY", "symbol": "FORTIS.BO", "underlyingSymbol": "FORTIS.BO", "shortName": "FORTIS HEALTHCARE LTD.", "longName": "Fortis Healthcare Limited", "firstTradeDateEpochUtc": "2007-05-09 09:15:00", "timeZoneFullName": "Asia/Kolkata", "timeZoneShortName": "IST", "uuid": "5712b9e8-190f-36da-866c-8950832874ca", "gmtOffSetMilliseconds": 19800000, "maxAge": 1}, "incomeStatementHistory": {"incomeStatementHistory": [{"maxAge": 1, "endDate": "2020-03-31", "totalRevenue": 46323201000, "costOfRevenue": 20174995000, "grossProfit": 26148206000, "researchDevelopment": {}, "sellingGeneralAdministrative": 2446770000, "nonRecurring": {}, "otherOperatingExpenses": 17674310000, "totalOperatingExpenses": 43213592000, "operatingIncome": 3109609000, "totalOtherIncomeExpenseNet": -716017000, "ebit": 3109609000, "interestExpense": -1720014000, "incomeBeforeTax": 2393592000, "incomeTaxExpense": 1478708000, "minorityInterest": 5444981000, "netIncomeFromContinuingOps": 914884000, "discontinuedOperations": {}, "extraordinaryItems": {}, "effectOfAccountingCharges": {}, "otherItems": {}, "netIncome": 579359000, "netIncomeApplicableToCommonShares": 579359000}, {"maxAge": 1, "endDate": "2019-03-31", "totalRevenue": 44693566000, "costOfRevenue": 19640713000, "grossProfit": 25052853000, "researchDevelopment": {}, "sellingGeneralAdministrative": 2854253000, "nonRecurring": {}, "otherOperatingExpenses": 19536065000, "totalOperatingExpenses": 44360442000, "operatingIncome": 333124000, "totalOtherIncomeExpenseNet": -1434138000, "ebit": 333124000, "interestExpense": -2804211000, "incomeBeforeTax": -1101014000, "incomeTaxExpense": 1136132000, "minorityInterest": 5116903000, "netIncomeFromContinuingOps": -2237146000, "discontinuedOperations": {}, "extraordinaryItems": {}, "effectOfAccountingCharges": {}, "otherItems": {}, "netIncome": -2989383000, "netIncomeApplicableToCommonShares": -2989383000}, {"maxAge": 1, "endDate": "2018-03-31", "totalRevenue": 45608096000, "costOfRevenue": 20133620000, "grossProfit": 25474476000, "researchDevelopment": {}, "sellingGeneralAdministrative": 2755051000, "nonRecurring": {}, "otherOperatingExpenses": 19134706000, "totalOperatingExpenses": 44382750000, "operatingIncome": 1225346000, "totalOtherIncomeExpenseNet": -10343056000, "ebit": 1225346000, "interestExpense": -2318245000, "incomeBeforeTax": -9117710000, "incomeTaxExpense": 226510000, "minorityInterest": 12552318000, "netIncomeFromContinuingOps": -9344220000, "discontinuedOperations": {}, "extraordinaryItems": {}, "effectOfAccountingCharges": {}, "otherItems": {}, "netIncome": -10092169000, "netIncomeApplicableToCommonShares": -10092169000}, {"maxAge": 1, "endDate": "2017-03-31", "totalRevenue": 45737147000, "costOfRevenue": 19076043000, "grossProfit": 26661104000, "researchDevelopment": {}, "sellingGeneralAdministrative": 898434000, "nonRecurring": {}, "otherOperatingExpenses": 22219576000, "totalOperatingExpenses": 44418853000, "operatingIncome": 1318294000, "totalOtherIncomeExpenseNet": 4198599000, "ebit": 1318294000, "interestExpense": -2102682000, "incomeBeforeTax": 5516893000, "incomeTaxExpense": 724004000, "minorityInterest": 11672800000, "netIncomeFromContinuingOps": 4792889000, "discontinuedOperations": {}, "extraordinaryItems": {}, "effectOfAccountingCharges": {}, "otherItems": {}, "netIncome": 4216647000, "netIncomeApplicableToCommonShares": 4216647000}], "maxAge": 86400}, "fundOwnership": {"ownershipList": [{"maxAge": 1, "reportDate": "2020-07-31", "organization": "Vanguard International Stock Index-Total Intl Stock Indx", "pctHeld": 0.0115, "position": 8707209, "value": 1201594842}, {"maxAge": 1, "reportDate": "2020-07-31", "organization": "Vanguard International Stock Index-Emerging Markets Stk", "pctHeld": 0.0087, "position": 6585446, "value": 908791548}, {"maxAge": 1, "reportDate": "2020-07-31", "organization": "Wells Fargo Emerging Markets Equity Fd", "pctHeld": 0.0075, "position": 5634970, "value": 777625860}, {"maxAge": 1, "reportDate": "2020-08-31", "organization": "Aberdeen Standard SICAV I-Asian Smaller Companies Fd", "pctHeld": 0.0070999996, "position": 5325000, "value": 705828750}, {"maxAge": 1, "reportDate": "2020-06-30", "organization": "India Fund, Inc., The", "pctHeld": 0.0052, "position": 3900000, "value": 474825000}, {"maxAge": 1, "reportDate": "2020-07-31", "organization": "iShares Core MSCI Emerging Markets ETF", "pctHeld": 0.0047, "position": 3541558, "value": 488735004}, {"maxAge": 1, "reportDate": "2020-08-31", "organization": "Aberdeen Standard SICAV I-Indian Equity Fd", "pctHeld": 0.004, "position": 3000000, "value": 397650000}, {"maxAge": 1, "reportDate": "2020-07-31", "organization": "DFA Emerging Markets Small Cap Series", "pctHeld": 0.0033000002, "position": 2456374, "value": 338979612}, {"maxAge": 1, "reportDate": "2020-07-31", "organization": "DFA Investment Dimensions-DFA Emerging Mkts Value", "pctHeld": 0.0029, "position": 2176214, "value": 300317532}, {"maxAge": 1, "reportDate": "2020-08-31", "organization": "Aberdeen Standard SICAV I-Emerging Markets Smaller Companies Fd", "pctHeld": 0.0026, "position": 1942000, "value": 257412100}], "maxAge": 1}, "summaryDetail": {"maxAge": 1, "priceHint": 2, "previousClose": 210.9, "open": 210.9, "dayLow": 210.0, "dayHigh": 215.35, "regularMarketPreviousClose": 210.9, "regularMarketOpen": 210.9, "regularMarketDayLow": 210.0, "regularMarketDayHigh": 215.35, "forwardPE": 45.573593, "volume": 142147, "regularMarketVolume": 142147, "averageVolume": 276406, "averageVolume10days": 160828, "averageDailyVolume10Day": 160828, "bid": 210.55, "ask": 0.0, "bidSize": 0, "askSize": 0, "marketCap": 158955782144, "fiftyTwoWeekLow": 113.2, "fiftyTwoWeekHigh": 215.35, "fiftyDayAverage": 162.05302, "twoHundredDayAverage": 142.20735, "currency": "INR", "fromCurrency": null, "lastMarket": null, "algorithm": null, "tradeable": false}, "sectorTrend": {"maxAge": 1, "symbol": null, "estimates": []}, "incomeStatementHistoryQuarterly": {"incomeStatementHistory": [{"maxAge": 1, "endDate": "2020-06-30", "totalRevenue": 6059500000, "costOfRevenue": 5174400000, "grossProfit": 885100000, "researchDevelopment": {}, "sellingGeneralAdministrative": {}, "nonRecurring": {}, "otherOperatingExpenses": 1918000000, "totalOperatingExpenses": 7808900000, "operatingIncome": -1749400000, "totalOtherIncomeExpenseNet": -333200000, "ebit": -1749400000, "interestExpense": -410800000, "incomeBeforeTax": -2082600000, "incomeTaxExpense": -203800000, "minorityInterest": {}, "netIncomeFromContinuingOps": -1878800000, "discontinuedOperations": {}, "extraordinaryItems": {}, "effectOfAccountingCharges": {}, "otherItems": {}, "netIncome": -1789200000, "netIncomeApplicableToCommonShares": -1789200000}, {"maxAge": 1, "endDate": "2020-03-31", "totalRevenue": 11129201000, "costOfRevenue": -1461705000, "grossProfit": 12590906000, "researchDevelopment": {}, "sellingGeneralAdministrative": 2446770000, "nonRecurring": {}, "otherOperatingExpenses": 8954410000, "totalOperatingExpenses": 10740492000, "operatingIncome": 388709000, "totalOtherIncomeExpenseNet": -296917000, "ebit": 388709000, "interestExpense": -238914000, "incomeBeforeTax": 91792000, "incomeTaxExpense": 504208000, "minorityInterest": 5444981000, "netIncomeFromContinuingOps": -412416000, "discontinuedOperations": {}, "extraordinaryItems": {}, "effectOfAccountingCharges": {}, "otherItems": {}, "netIncome": -445141000, "netIncomeApplicableToCommonShares": -445141000}, {"maxAge": 1, "endDate": "2019-12-31", "totalRevenue": 11689200000, "costOfRevenue": 7240000000, "grossProfit": 4449200000, "researchDevelopment": {}, "sellingGeneralAdministrative": 2446770000, "nonRecurring": {}, "otherOperatingExpenses": 2879600000, "totalOperatingExpenses": 10819000000, "operatingIncome": 870200000, "totalOtherIncomeExpenseNet": -388800000, "ebit": 870200000, "interestExpense": -479600000, "incomeBeforeTax": 481400000, "incomeTaxExpense": 1174600000, "minorityInterest": 5444981000, "netIncomeFromContinuingOps": -693200000, "discontinuedOperations": {}, "extraordinaryItems": {}, "effectOfAccountingCharges": {}, "otherItems": {}, "netIncome": -763400000, "netIncomeApplicableToCommonShares": -763400000}, {"maxAge": 1, "endDate": "2019-09-30", "totalRevenue": 12121700000, "costOfRevenue": 7222900000, "grossProfit": 4898800000, "researchDevelopment": {}, "sellingGeneralAdministrative": 2446770000, "nonRecurring": {}, "otherOperatingExpenses": 3053800000, "totalOperatingExpenses": 10984300000, "operatingIncome": 1137400000, "totalOtherIncomeExpenseNet": 160100000, "ebit": 1137400000, "interestExpense": -492300000, "incomeBeforeTax": 1297500000, "incomeTaxExpense": 57100000, "minorityInterest": 5356400000, "netIncomeFromContinuingOps": 1240400000, "discontinuedOperations": {}, "extraordinaryItems": {}, "effectOfAccountingCharges": {}, "otherItems": {}, "netIncome": 1109800000, "netIncomeApplicableToCommonShares": 1109800000}], "maxAge": 86400}, "cashflowStatementHistoryQuarterly": {"cashflowStatements": [{"maxAge": 1, "endDate": "2020-06-30", "netIncome": -1789200000, "changeToLiabilities": 0}, {"maxAge": 1, "endDate": "2020-03-31", "netIncome": -445141000, "changeToLiabilities": 0}, {"maxAge": 1, "endDate": "2019-12-31", "netIncome": -763400000, "changeToLiabilities": 0}, {"maxAge": 1, "endDate": "2019-09-30", "netIncome": 1109800000, "changeToLiabilities": 0}], "maxAge": 86400}, "insiderHolders": {"holders": [{"maxAge": 1, "name": "Bhatia (Ashish)", "relation": "UNREPORTED", "url": "", "transactionDescription": "Other", "latestTransDate": "2018-12-11", "positionDirect": 350000, "positionDirectDate": "2018-12-11"}, {"maxAge": 1, "name": "Godhwani (Sunil)", "relation": "Director (Non-Executive)", "url": "", "transactionDescription": "Sale", "latestTransDate": "2015-05-04", "positionDirect": 0, "positionDirectDate": "2015-05-04"}, {"maxAge": 1, "name": "Joshi (Preetinder Singh)", "relation": "Director (Non-Executive)", "url": "", "transactionDescription": "Sale", "latestTransDate": "2017-07-26", "positionDirect": 0, "positionDirectDate": "2017-07-26"}, {"maxAge": 1, "name": "Kaira (Anurag)", "relation": "Investor Relations Officer", "url": "", "transactionDescription": "Other", "latestTransDate": "2018-12-06", "positionDirect": 75000, "positionDirectDate": "2018-12-06"}, {"maxAge": 1, "name": "Panigrahi (Bishnu)", "relation": "UNREPORTED", "url": "", "transactionDescription": "Sale", "latestTransDate": "2017-10-05", "positionDirect": 0, "positionDirectDate": "2017-10-05"}, {"maxAge": 1, "name": "Ranjan (Rahul)", "relation": "Compliance Officer", "url": "", "transactionDescription": "Sale", "latestTransDate": "2018-01-31", "positionDirect": 0, "positionDirectDate": "2018-01-31"}, {"maxAge": 1, "name": "Singh (Arundhati)", "relation": "Promoter", "url": "", "transactionDescription": "Sale", "latestTransDate": "2016-01-13", "positionDirect": 5100, "positionDirectDate": "2016-01-13"}, {"maxAge": 1, "name": "Singh (Harinder Chehal)", "relation": "UNREPORTED", "url": "", "transactionDescription": "Other", "latestTransDate": "2019-01-23", "positionDirect": 102279, "positionDirectDate": "2019-01-23"}, {"maxAge": 1, "name": "Singh (Malvinder Mohan)", "relation": "Promoter", "url": "", "transactionDescription": "Other", "latestTransDate": "2018-07-23", "positionDirect": 0, "positionDirectDate": "2018-07-23"}, {"maxAge": 1, "name": "Singh (Shivinder Mohan)", "relation": "Promoter", "url": "", "transactionDescription": "Other", "latestTransDate": "2018-07-23", "positionDirect": 0, "positionDirectDate": "2018-07-23"}], "maxAge": 1}, "earnings": {"maxAge": 86400, "earningsChart": {"quarterly": [{"date": "4Q2017", "actual": -0.71, "estimate": 0.34}, {"date": "1Q2018", "actual": -1.89, "estimate": 0.27}, {"date": "2Q2018", "actual": -1.38, "estimate": -0.25}, {"date": "3Q2018", "actual": -1.36, "estimate": -0.37}], "currentQuarterEstimateDate": "4Q", "currentQuarterEstimateYear": 2018, "earningsDate": ["2020-08-17 05:30:S"]}, "financialsChart": {"yearly": [{"date": 2017, "revenue": 45737147000, "earnings": 4216647000}, {"date": 2018, "revenue": 45608096000, "earnings": -10092169000}, {"date": 2019, "revenue": 44693566000, "earnings": -2989383000}, {"date": 2020, "revenue": 46323201000, "earnings": 579359000}], "quarterly": [{"date": "3Q2019", "revenue": 12121700000, "earnings": 1109800000}, {"date": "4Q2019", "revenue": 11689200000, "earnings": -763400000}, {"date": "1Q2020", "revenue": 11129201000, "earnings": -445141000}, {"date": "2Q2020", "revenue": 6059500000, "earnings": -1789200000}]}, "financialCurrency": "INR"}, "calendarEvents": {"maxAge": 1, "earnings": {"earningsDate": ["2020-08-17 05:30:S"], "revenueAverage": 11518900000, "revenueLow": 11518900000, "revenueHigh": 11518900000}}, "upgradeDowngradeHistory": {"history": [], "maxAge": 86400}, "price": {"maxAge": 1, "regularMarketChangePercent": -0.0016595109, "regularMarketChange": -0.34999084, "regularMarketTime": "2021-04-30 15:58:29", "priceHint": 2, "regularMarketPrice": 210.55, "regularMarketDayHigh": 215.35, "regularMarketDayLow": 210.0, "regularMarketVolume": 142147, "averageDailyVolume10Day": 160828, "averageDailyVolume3Month": 276406, "regularMarketPreviousClose": 210.9, "regularMarketSource": "FREE_REALTIME", "regularMarketOpen": 210.9, "exchange": "BSE", "exchangeName": "BSE", "exchangeDataDelayedBy": 0, "marketState": "CLOSED", "quoteType": "EQUITY", "symbol": "FORTIS.BO", "underlyingSymbol": null, "shortName": "FORTIS HEALTHCARE LTD.", "longName": "Fortis Healthcare Limited", "currency": "INR", "quoteSourceName": "Delayed Quote", "currencySymbol": "\u20b9", "fromCurrency": null, "lastMarket": null, "marketCap": 158955782144}, "balanceSheetHistory": {"balanceSheetStatements": [{"maxAge": 1, "endDate": "2020-03-31", "cash": 1818593000, "shortTermInvestments": 839020000, "netReceivables": 5195021000, "inventory": 781791000, "otherCurrentAssets": 541888000, "totalCurrentAssets": 9404762000, "longTermInvestments": 1745448000, "propertyPlantEquipment": 52093670000, "goodWill": 37207596000, "intangibleAssets": 759686000, "otherAssets": 12267021000, "deferredLongTermAssetCharges": 3928798000, "totalAssets": 113478183000, "accountsPayable": 5976303000, "shortLongTermDebt": 373783000, "otherCurrentLiab": 13536010000, "longTermDebt": 9540503000, "otherLiab": 3967551000, "minorityInterest": 5444981000, "totalCurrentLiabilities": 25789289000, "totalLiab": 41422320000, "commonStock": 7549581000, "retainedEarnings": -11906794000, "treasuryStock": -1183845000, "capitalSurplus": 72151940000, "otherStockholderEquity": -1183845000, "totalStockholderEquity": 66610882000, "netTangibleAssets": 28643600000}, {"maxAge": 1, "endDate": "2019-03-31", "cash": 7940519000, "shortTermInvestments": 616042000, "netReceivables": 6175523000, "inventory": 565334000, "otherCurrentAssets": 311181000, "totalCurrentAssets": 16665836000, "longTermInvestments": 1903073000, "propertyPlantEquipment": 51150023000, "goodWill": 37207596000, "intangibleAssets": 907386000, "otherAssets": 11678783000, "deferredLongTermAssetCharges": 4653343000, "totalAssets": 119512697000, "accountsPayable": 7535249000, "shortLongTermDebt": 1032618000, "otherCurrentLiab": 13446281000, "longTermDebt": 6370844000, "otherLiab": 5731654000, "minorityInterest": 5116903000, "totalCurrentLiabilities": 35909836000, "totalLiab": 48387765000, "commonStock": 7549549000, "retainedEarnings": -12679042000, "treasuryStock": -1014204000, "capitalSurplus": 72151726000, "otherStockholderEquity": -1014204000, "totalStockholderEquity": 66008029000, "netTangibleAssets": 27893047000}, {"maxAge": 1, "endDate": "2018-03-31", "cash": 1296162000, "shortTermInvestments": 175434000, "netReceivables": 6054738000, "inventory": 666276000, "otherCurrentAssets": 1074618000, "totalCurrentAssets": 12815132000, "longTermInvestments": 13968598000, "propertyPlantEquipment": 30429957000, "goodWill": 20487985000, "intangibleAssets": 1263292000, "otherAssets": 7251945000, "deferredLongTermAssetCharges": 2951221000, "totalAssets": 86216909000, "accountsPayable": 7627625000, "shortLongTermDebt": 5583285000, "otherCurrentLiab": 1556944000, "longTermDebt": 9100780000, "otherLiab": 2225715000, "minorityInterest": 12552318000, "totalCurrentLiabilities": 21340365000, "totalLiab": 33047354000, "commonStock": 5186572000, "retainedEarnings": 1509252000, "treasuryStock": -495613000, "capitalSurplus": 34417026000, "otherStockholderEquity": -495613000, "totalStockholderEquity": 40617237000, "netTangibleAssets": 18865960000}, {"maxAge": 1, "endDate": "2017-03-31", "cash": 5443026000, "shortTermInvestments": 20361000, "netReceivables": 6399637000, "inventory": 615667000, "otherCurrentAssets": 1105644000, "totalCurrentAssets": 17748266000, "longTermInvestments": 14862661000, "propertyPlantEquipment": 32093674000, "goodWill": 23258729000, "intangibleAssets": 1519249000, "otherAssets": 7687119000, "deferredLongTermAssetCharges": 2331360000, "totalAssets": 97169698000, "accountsPayable": 5886606000, "shortLongTermDebt": 2575255000, "otherCurrentLiab": 2289076000, "longTermDebt": 12423339000, "otherLiab": 2010502000, "minorityInterest": 11672800000, "totalCurrentLiabilities": 19264539000, "totalLiab": 34062052000, "commonStock": 5177276000, "retainedEarnings": 12545707000, "treasuryStock": -621983000, "capitalSurplus": 34333846000, "otherStockholderEquity": -621983000, "totalStockholderEquity": 51434846000, "netTangibleAssets": 26656868000}], "maxAge": 86400}, "earningsTrend": {"trend": [{"maxAge": 1, "period": "0q", "endDate": "2018-12-31", "growth": {}, "earningsEstimate": {"avg": 0.0, "low": 0.0, "high": 0.0, "yearAgoEps": -0.71, "numberOfAnalysts": 0, "growth": {}}, "revenueEstimate": {"avg": 11518900000, "low": 11518900000, "high": 11518900000, "numberOfAnalysts": 1, "yearAgoRevenue": 11206500000, "growth": 0.027999999}, "epsTrend": {"current": 0.0, "7daysAgo": -0.49, "30daysAgo": -0.49, "60daysAgo": -0.49, "90daysAgo": -0.49}, "epsRevisions": {"upLast7days": 0, "upLast30days": 0, "downLast30days": 0, "downLast90days": {}}}, {"maxAge": 1, "period": "+1q", "endDate": "2019-03-31", "growth": {}, "earningsEstimate": {"avg": 0.0, "low": 0.0, "high": 0.0, "yearAgoEps": -1.89, "numberOfAnalysts": 0, "growth": {}}, "revenueEstimate": {"avg": 11590900000, "low": 11590900000, "high": 11590900000, "numberOfAnalysts": 1, "yearAgoRevenue": 10863800000, "growth": 0.067}, "epsTrend": {"current": 0.0, "7daysAgo": -0.48, "30daysAgo": -0.48, "60daysAgo": -0.48, "90daysAgo": -0.48}, "epsRevisions": {"upLast7days": 0, "upLast30days": 0, "downLast30days": 0, "downLast90days": {}}}, {"maxAge": 1, "period": "0y", "endDate": "2019-03-31", "growth": {}, "earningsEstimate": {"avg": 0.0, "low": 0.0, "high": 0.0, "yearAgoEps": {}, "numberOfAnalysts": 0, "growth": {}}, "revenueEstimate": {"avg": 48505300000, "low": 44024000000, "high": 53183000000, "numberOfAnalysts": 7, "yearAgoRevenue": 45608100000, "growth": 0.064}, "epsTrend": {"current": 0.0, "7daysAgo": 1.54, "30daysAgo": 1.54, "60daysAgo": 1.54, "90daysAgo": 1.54}, "epsRevisions": {"upLast7days": 0, "upLast30days": 0, "downLast30days": 0, "downLast90days": {}}}, {"maxAge": 1, "period": "+1y", "endDate": "2020-03-31", "growth": {}, "earningsEstimate": {"avg": 0.0, "low": 0.0, "high": 0.0, "yearAgoEps": {}, "numberOfAnalysts": 0, "growth": {}}, "revenueEstimate": {"avg": 54160000000, "low": 47763000000, "high": 62680000000, "numberOfAnalysts": 7, "yearAgoRevenue": 48505300000, "growth": 0.117}, "epsTrend": {"current": 0.0, "7daysAgo": 3.87, "30daysAgo": 3.87, "60daysAgo": 3.87, "90daysAgo": 3.87}, "epsRevisions": {"upLast7days": 0, "upLast30days": 0, "downLast30days": 0, "downLast90days": {}}}, {"maxAge": 1, "period": "+5y", "endDate": null, "growth": 0.04, "earningsEstimate": {"avg": {}, "low": {}, "high": {}, "yearAgoEps": {}, "numberOfAnalysts": {}, "growth": {}}, "revenueEstimate": {"avg": {}, "low": {}, "high": {}, "numberOfAnalysts": {}, "yearAgoRevenue": {}, "growth": {}}, "epsTrend": {"current": {}, "7daysAgo": {}, "30daysAgo": {}, "60daysAgo": {}, "90daysAgo": {}}, "epsRevisions": {"upLast7days": {}, "upLast30days": {}, "downLast30days": {}, "downLast90days": {}}}, {"maxAge": 1, "period": "-5y", "endDate": null, "growth": {}, "earningsEstimate": {"avg": {}, "low": {}, "high": {}, "yearAgoEps": {}, "numberOfAnalysts": {}, "growth": {}}, "revenueEstimate": {"avg": {}, "low": {}, "high": {}, "numberOfAnalysts": {}, "yearAgoRevenue": {}, "growth": {}}, "epsTrend": {"current": {}, "7daysAgo": {}, "30daysAgo": {}, "60daysAgo": {}, "90daysAgo": {}}, "epsRevisions": {"upLast7days": {}, "upLast30days": {}, "downLast30days": {}, "downLast90days": {}}}], "maxAge": 1}, "financialData": {"maxAge": 86400, "currentPrice": 210.55, "targetHighPrice": 200.0, "targetLowPrice": 170.0, "targetMeanPrice": 180.6, "targetMedianPrice": 180.0, "recommendationKey": "none", "numberOfAnalystOpinions": 5, "grossProfits": 26148206000, "financialCurrency": "INR"}}}