{"FOSECOIND.NS": {"assetProfile": {"address1": "Gat Nos. 922 and 923", "address2": "Sanaswadi Taluka Shirur", "city": "Pune", "zip": "412208", "country": "India", "phone": "91 21 3766 8100", "fax": "91 21 3766 8160", "website": "http://www.fosecoindia.com", "industry": "Chemicals", "sector": "Basic Materials", "longBusinessSummary": "Foseco India Limited manufactures and sells additives and consumables used in the metallurgical industry in India. The company also exports its products. Foseco India Limited was founded in 1932 and is based in Pune, India. Foseco India Limited is a subsidiary of Foseco Overseas Limited.", "companyOfficers": [{"maxAge": 1, "name": "Mr. R.  Umesh", "age": 57, "title": "Chief Financial Officer", "yearBorn": 1963, "fiscalYear": 2019, "totalPay": 10033000, "exercisedValue": 0, "unexercisedValue": 0}, {"maxAge": 1, "name": "Mr. Vineet  Thakar", "age": 48, "title": "Sales, Marketing & Technology Director", "yearBorn": 1972, "exercisedValue": 0, "unexercisedValue": 0}, {"maxAge": 1, "name": "Mr. Mahendra Kumar Dutia", "title": "Compliance Officer, Company Sec. & Controller of Accounts", "fiscalYear": 2019, "totalPay": 3352000, "exercisedValue": 0, "unexercisedValue": 0}, {"maxAge": 1, "name": "Daljit  Banga", "age": 46, "title": "Operations Director - Foundry India & Asean", "yearBorn": 1974, "exercisedValue": 0, "unexercisedValue": 0}, {"maxAge": 1, "name": "Arun  Singh", "age": 44, "title": "Head of HR & Admin.", "yearBorn": 1976, "exercisedValue": 0, "unexercisedValue": 0}, {"maxAge": 1, "name": "Achyut V. Wagh", "age": 52, "title": "Head of Sales Ferrous North", "yearBorn": 1968, "exercisedValue": 0, "unexercisedValue": 0}, {"maxAge": 1, "name": "Sunil Nivrutti Gavasane", "age": 41, "title": "Head - Indirect Channel", "yearBorn": 1979, "exercisedValue": 0, "unexercisedValue": 0}], "compensationAsOfEpochDate": "2019-12-31 05:30:00", "maxAge": 86400}, "cashflowStatementHistory": {"cashflowStatements": [{"maxAge": 1, "endDate": "2020-12-31", "netIncome": 154368000, "depreciation": 59106000, "changeToNetincome": -52443000, "changeToAccountReceivables": 69727000, "changeToLiabilities": 26050000, "changeToInventory": 68902000, "changeToOperatingActivities": -22821000, "totalCashFromOperatingActivities": 302889000, "capitalExpenditures": -44248000, "otherCashflowsFromInvestingActivities": 25392000, "totalCashflowsFromInvestingActivities": -18708000, "dividendsPaid": -31932000, "otherCashflowsFromFinancingActivities": -7000, "totalCashFromFinancingActivities": -31939000, "changeInCash": 252242000}, {"maxAge": 1, "endDate": "2019-12-31", "netIncome": 345329000, "depreciation": 41970000, "changeToNetincome": 1825000, "changeToAccountReceivables": 134031000, "changeToLiabilities": -11161000, "changeToInventory": 15787000, "changeToOperatingActivities": -57618000, "totalCashFromOperatingActivities": 470163000, "capitalExpenditures": -136545000, "otherCashflowsFromInvestingActivities": 44266000, "totalCashflowsFromInvestingActivities": -90813000, "dividendsPaid": -159662000, "otherCashflowsFromFinancingActivities": -32836000, "totalCashFromFinancingActivities": -192498000, "changeInCash": 186852000}, {"maxAge": 1, "endDate": "2018-12-31", "netIncome": 320365000, "depreciation": 45383000, "changeToNetincome": -35843000, "changeToAccountReceivables": 121405000, "changeToLiabilities": 67902000, "changeToInventory": -42667000, "changeToOperatingActivities": -5543000, "totalCashFromOperatingActivities": 471009000, "capitalExpenditures": -80612000, "otherCashflowsFromInvestingActivities": 31885000, "totalCashflowsFromInvestingActivities": -48392000, "dividendsPaid": -172435000, "netBorrowings": -6453000, "otherCashflowsFromFinancingActivities": -37380000, "totalCashFromFinancingActivities": -216268000, "changeInCash": 206349000}, {"maxAge": 1, "endDate": "2017-12-31", "netIncome": 315741000, "depreciation": 50346000, "changeToNetincome": 24438000, "changeToAccountReceivables": -19818000, "changeToLiabilities": 192290000, "changeToInventory": 24528000, "changeToOperatingActivities": 66851000, "totalCashFromOperatingActivities": 657443000, "capitalExpenditures": -28596000, "investments": 31128000, "otherCashflowsFromInvestingActivities": 13692000, "totalCashflowsFromInvestingActivities": 17797000, "dividendsPaid": -127729000, "netBorrowings": -12028000, "otherCashflowsFromFinancingActivities": -29529000, "totalCashFromFinancingActivities": -169286000, "changeInCash": 505954000}], "maxAge": 86400}, "institutionOwnership": {"maxAge": 1, "ownershipList": []}, "majorHoldersBreakdown": {"maxAge": 1, "insidersPercentHeld": 0.86464995, "institutionsPercentHeld": 0.0, "institutionsFloatPercentHeld": 0.0, "institutionsCount": 0}, "balanceSheetHistoryQuarterly": {"balanceSheetStatements": [{"maxAge": 1, "endDate": "2020-12-31", "cash": 1370071000, "netReceivables": 656962000, "inventory": 125093000, "otherCurrentAssets": 36531000, "totalCurrentAssets": 2188657000, "propertyPlantEquipment": 356163000, "otherAssets": 85970000, "deferredLongTermAssetCharges": 26173000, "totalAssets": 2630790000, "accountsPayable": 668172000, "otherCurrentLiab": 74291000, "otherLiab": 5802000, "totalCurrentLiabilities": 798517000, "totalLiab": 804319000, "commonStock": 63865000, "treasuryStock": 1762606000, "otherStockholderEquity": 1762606000, "totalStockholderEquity": 1826471000, "netTangibleAssets": 1826471000}, {"maxAge": 1, "endDate": "2020-09-30", "totalStockholderEquity": 1741600000, "netTangibleAssets": 1741600000}, {"maxAge": 1, "endDate": "2020-06-30", "cash": 1264305000, "netReceivables": 421116000, "inventory": 171687000, "otherCurrentAssets": 33604000, "totalCurrentAssets": 1890712000, "propertyPlantEquipment": 342901000, "otherAssets": 88482000, "deferredLongTermAssetCharges": 28450000, "totalAssets": 2322095000, "accountsPayable": 499736000, "otherCurrentLiab": 35325000, "otherLiab": 6581000, "totalCurrentLiabilities": 573914000, "totalLiab": 580495000, "commonStock": 63865000, "treasuryStock": 1677735000, "otherStockholderEquity": 1677735000, "totalStockholderEquity": 1741600000, "netTangibleAssets": 1741600000}, {"maxAge": 1, "endDate": "2020-03-31", "totalStockholderEquity": 1713883000, "netTangibleAssets": 1713883000}], "maxAge": 86400}, "indexTrend": {"maxAge": 1, "symbol": "SP5", "peRatio": 19.7411, "pegRatio": 1.34172, "estimates": [{"period": "0q", "growth": 0.549}, {"period": "+1q", "growth": 0.431}, {"period": "0y", "growth": 0.305}, {"period": "+1y", "growth": 0.109}, {"period": "+5y", "growth": 0.120865}, {"period": "-5y"}]}, "defaultKeyStatistics": {"maxAge": 1, "priceHint": 2, "enterpriseValue": 7218441728, "profitMargins": 0.06146, "floatShares": 764721, "sharesOutstanding": 6386460, "heldPercentInsiders": 0.86464995, "heldPercentInstitutions": 0.0, "beta": 0.788944, "category": null, "bookValue": 286.108, "priceToBook": 4.6447496, "fundFamily": null, "legalType": null, "lastFiscalYearEnd": "2020-12-31 05:30:00", "nextFiscalYearEnd": "2022-12-31 05:30:00", "mostRecentQuarter": "2020-12-31 05:30:00", "earningsQuarterlyGrowth": 0.121, "netIncomeToCommon": 154368000, "trailingEps": 24.17, "lastSplitFactor": null, "enterpriseToRevenue": 2.874, "enterpriseToEbitda": 34.72, "52WeekChange": 0.3150915, "SandP52WeekChange": 0.48148263, "lastDividendValue": 5.0, "lastDividendDate": 1603843200}, "summaryProfile": {"address1": "Gat Nos. 922 and 923", "address2": "Sanaswadi Taluka Shirur", "city": "Pune", "zip": "412208", "country": "India", "phone": "91 21 3766 8100", "fax": "91 21 3766 8160", "website": "http://www.fosecoindia.com", "industry": "Chemicals", "sector": "Basic Materials", "longBusinessSummary": "Foseco India Limited manufactures and sells additives and consumables used in the metallurgical industry in India. The company also exports its products. Foseco India Limited was founded in 1932 and is based in Pune, India. Foseco India Limited is a subsidiary of Foseco Overseas Limited.", "companyOfficers": [], "maxAge": 86400}, "netSharePurchaseActivity": {"maxAge": 1, "period": "6m", "buyInfoCount": 0, "buyInfoShares": 0, "sellInfoCount": 0, "netInfoCount": 0, "netInfoShares": 0, "netPercentInsiderShares": 0.0, "totalInsiderShares": 5519795}, "insiderTransactions": {"transactions": [{"maxAge": 1, "shares": 733226, "filerUrl": "", "transactionText": "", "filerName": "Cookson Group Plc", "filerRelation": "Promoter", "moneyText": "", "startDate": "2010-05-26", "ownership": "D"}, {"maxAge": 1, "shares": 733226, "filerUrl": "", "transactionText": "", "filerName": "Karibu Ltd", "filerRelation": "Institution- Corporation", "moneyText": "", "startDate": "2010-05-26", "ownership": "D"}, {"maxAge": 1, "shares": 1277292, "filerUrl": "", "transactionText": "", "filerName": "Cookson Group Plc", "filerRelation": "Promoter", "moneyText": "", "startDate": "2008-02-21", "ownership": "D"}], "maxAge": 1}, "quoteType": {"exchange": "NSI", "quoteType": "EQUITY", "symbol": "FOSECOIND.NS", "underlyingSymbol": "FOSECOIND.NS", "shortName": "FOSECO(INDIA)", "longName": "Foseco India Limited", "firstTradeDateEpochUtc": "2002-07-01 09:15:00", "timeZoneFullName": "Asia/Kolkata", "timeZoneShortName": "IST", "uuid": "13e350ee-8b70-3a73-87a6-30e2284f06dd", "messageBoardId": "finmb_20343331", "gmtOffSetMilliseconds": 19800000, "maxAge": 1}, "incomeStatementHistory": {"incomeStatementHistory": [{"maxAge": 1, "endDate": "2020-12-31", "totalRevenue": 2511504000, "costOfRevenue": 1411456000, "grossProfit": 1100048000, "researchDevelopment": {}, "sellingGeneralAdministrative": 351868000, "nonRecurring": {}, "otherOperatingExpenses": 540274000, "totalOperatingExpenses": 2362704000, "operatingIncome": 148800000, "totalOtherIncomeExpenseNet": 62085000, "ebit": 148800000, "interestExpense": -7000, "incomeBeforeTax": 210885000, "incomeTaxExpense": 56517000, "minorityInterest": {}, "netIncomeFromContinuingOps": 154368000, "discontinuedOperations": {}, "extraordinaryItems": {}, "effectOfAccountingCharges": {}, "otherItems": {}, "netIncome": 154368000, "netIncomeApplicableToCommonShares": 154368000}, {"maxAge": 1, "endDate": "2019-12-31", "totalRevenue": 3225239000, "costOfRevenue": 1865096000, "grossProfit": 1360143000, "researchDevelopment": {}, "sellingGeneralAdministrative": 351887000, "nonRecurring": {}, "otherOperatingExpenses": 503180000, "totalOperatingExpenses": 2778665000, "operatingIncome": 446574000, "totalOtherIncomeExpenseNet": 49704000, "ebit": 446574000, "interestExpense": -13000, "incomeBeforeTax": 496278000, "incomeTaxExpense": 150949000, "minorityInterest": {}, "netIncomeFromContinuingOps": 345329000, "discontinuedOperations": {}, "extraordinaryItems": {}, "effectOfAccountingCharges": {}, "otherItems": {}, "netIncome": 345329000, "netIncomeApplicableToCommonShares": 345329000}, {"maxAge": 1, "endDate": "2018-12-31", "totalRevenue": 3621558000, "costOfRevenue": 2200134000, "grossProfit": 1421424000, "researchDevelopment": {}, "sellingGeneralAdministrative": 354936000, "nonRecurring": {}, "otherOperatingExpenses": 544331000, "totalOperatingExpenses": 3153008000, "operatingIncome": 468550000, "totalOtherIncomeExpenseNet": 32176000, "ebit": 468550000, "interestExpense": -2087000, "incomeBeforeTax": 500726000, "incomeTaxExpense": 180361000, "minorityInterest": {}, "netIncomeFromContinuingOps": 320365000, "discontinuedOperations": {}, "extraordinaryItems": {}, "effectOfAccountingCharges": {}, "otherItems": {}, "netIncome": 320365000, "netIncomeApplicableToCommonShares": 320365000}, {"maxAge": 1, "endDate": "2017-12-31", "totalRevenue": 3575947000, "costOfRevenue": 2188678000, "grossProfit": 1387269000, "researchDevelopment": {}, "sellingGeneralAdministrative": 308723000, "nonRecurring": {}, "otherOperatingExpenses": 553879000, "totalOperatingExpenses": 3105047000, "operatingIncome": 470900000, "totalOtherIncomeExpenseNet": 10804000, "ebit": 470900000, "interestExpense": -3526000, "incomeBeforeTax": 481704000, "incomeTaxExpense": 165963000, "minorityInterest": {}, "netIncomeFromContinuingOps": 315741000, "discontinuedOperations": {}, "extraordinaryItems": {}, "effectOfAccountingCharges": {}, "otherItems": {}, "netIncome": 315741000, "netIncomeApplicableToCommonShares": 315741000}], "maxAge": 86400}, "fundOwnership": {"maxAge": 1, "ownershipList": []}, "summaryDetail": {"maxAge": 1, "priceHint": 2, "previousClose": 1345.35, "open": 1350.0, "dayLow": 1305.0, "dayHigh": 1353.15, "regularMarketPreviousClose": 1345.35, "regularMarketOpen": 1350.0, "regularMarketDayLow": 1305.0, "regularMarketDayHigh": 1353.15, "dividendRate": 12.0, "dividendYield": 0.0089, "exDividendDate": "2020-10-28 05:30:00", "payoutRatio": 0.2069, "fiveYearAvgDividendYield": 1.63, "beta": 0.788944, "trailingPE": 54.981384, "volume": 2001, "regularMarketVolume": 2001, "averageVolume": 1799, "averageVolume10days": 3702, "averageDailyVolume10Day": 3702, "bid": 0.0, "ask": 0.0, "bidSize": 0, "askSize": 0, "marketCap": 8452269056, "fiftyTwoWeekLow": 964.95, "fiftyTwoWeekHigh": 1500.0, "priceToSalesTrailing12Months": 3.3654215, "fiftyDayAverage": 1209.0192, "twoHundredDayAverage": 1230.4434, "trailingAnnualDividendRate": 15.0, "trailingAnnualDividendYield": 0.011149515, "currency": "INR", "fromCurrency": null, "toCurrency": null, "lastMarket": null, "algorithm": null, "tradeable": false}, "incomeStatementHistoryQuarterly": {"incomeStatementHistory": [{"maxAge": 1, "endDate": "2020-12-31", "totalRevenue": 822687000, "costOfRevenue": 468443000, "grossProfit": 354244000, "researchDevelopment": {}, "sellingGeneralAdministrative": 88407000, "nonRecurring": {}, "otherOperatingExpenses": 171772000, "totalOperatingExpenses": 742981000, "operatingIncome": 79706000, "totalOtherIncomeExpenseNet": 18004000, "ebit": 79706000, "interestExpense": {}, "incomeBeforeTax": 97710000, "incomeTaxExpense": 25764000, "minorityInterest": {}, "netIncomeFromContinuingOps": 71946000, "discontinuedOperations": {}, "extraordinaryItems": {}, "effectOfAccountingCharges": {}, "otherItems": {}, "netIncome": 71946000, "netIncomeApplicableToCommonShares": 71946000}, {"maxAge": 1, "endDate": "2020-09-30", "totalRevenue": 689488000, "costOfRevenue": 379921000, "grossProfit": 309567000, "researchDevelopment": {}, "sellingGeneralAdministrative": 89098000, "nonRecurring": {}, "otherOperatingExpenses": 144562000, "totalOperatingExpenses": 629349000, "operatingIncome": 60139000, "totalOtherIncomeExpenseNet": 8938000, "ebit": 60139000, "interestExpense": -5000, "incomeBeforeTax": 69077000, "incomeTaxExpense": 18273000, "minorityInterest": {}, "netIncomeFromContinuingOps": 50804000, "discontinuedOperations": {}, "extraordinaryItems": {}, "effectOfAccountingCharges": {}, "otherItems": {}, "netIncome": 50804000, "netIncomeApplicableToCommonShares": 50804000}, {"maxAge": 1, "endDate": "2020-06-30", "totalRevenue": 276526000, "costOfRevenue": 168155000, "grossProfit": 108371000, "researchDevelopment": {}, "sellingGeneralAdministrative": 84240000, "nonRecurring": {}, "otherOperatingExpenses": 70527000, "totalOperatingExpenses": 337438000, "operatingIncome": -60912000, "totalOtherIncomeExpenseNet": 22850000, "ebit": -60912000, "interestExpense": -1000, "incomeBeforeTax": -38062000, "incomeTaxExpense": -8829000, "minorityInterest": {}, "netIncomeFromContinuingOps": -29233000, "discontinuedOperations": {}, "extraordinaryItems": {}, "effectOfAccountingCharges": {}, "otherItems": {}, "netIncome": -29233000, "netIncomeApplicableToCommonShares": -29233000}, {"maxAge": 1, "endDate": "2020-03-31", "totalRevenue": 720754000, "costOfRevenue": 394940000, "grossProfit": 325814000, "researchDevelopment": {}, "sellingGeneralAdministrative": 90122000, "nonRecurring": {}, "otherOperatingExpenses": 154504000, "totalOperatingExpenses": 654030000, "operatingIncome": 66724000, "totalOtherIncomeExpenseNet": 15433000, "ebit": 66724000, "interestExpense": -1000, "incomeBeforeTax": 82157000, "incomeTaxExpense": 21310000, "minorityInterest": {}, "netIncomeFromContinuingOps": 60847000, "discontinuedOperations": {}, "extraordinaryItems": {}, "effectOfAccountingCharges": {}, "otherItems": {}, "netIncome": 60847000, "netIncomeApplicableToCommonShares": 60847000}], "maxAge": 86400}, "cashflowStatementHistoryQuarterly": {"cashflowStatements": [{"maxAge": 1, "endDate": "2020-12-31", "netIncome": 71946000, "changeToLiabilities": 0}, {"maxAge": 1, "endDate": "2020-09-30", "netIncome": 50804000, "changeToLiabilities": 0}, {"maxAge": 1, "endDate": "2020-06-30", "netIncome": -29233000, "changeToLiabilities": 0}, {"maxAge": 1, "endDate": "2020-03-31", "netIncome": 60847000, "changeToLiabilities": 0}], "maxAge": 86400}, "insiderHolders": {"holders": [{"maxAge": 1, "name": "Cookson Group Plc", "relation": "Promoter", "url": "", "transactionDescription": "Gift", "latestTransDate": "2010-05-26", "positionDirect": 544066, "positionDirectDate": "2010-05-26"}, {"maxAge": 1, "name": "Karibu Ltd", "relation": "Institution- Corporation", "url": "", "transactionDescription": "Gift", "latestTransDate": "2010-05-26", "positionDirect": 733226, "positionDirectDate": "2010-05-26"}], "maxAge": 1}, "calendarEvents": {"maxAge": 1, "earnings": {"earningsDate": []}, "exDividendDate": "2020-10-28 05:30:00"}, "price": {"maxAge": 1, "regularMarketChangePercent": -0.012227264, "regularMarketChange": -16.449951, "regularMarketTime": "2021-04-30 15:28:04", "priceHint": 2, "regularMarketPrice": 1328.9, "regularMarketDayHigh": 1353.15, "regularMarketDayLow": 1305.0, "regularMarketVolume": 2001, "averageDailyVolume10Day": 3702, "averageDailyVolume3Month": 1799, "regularMarketPreviousClose": 1345.35, "regularMarketSource": "FREE_REALTIME", "regularMarketOpen": 1350.0, "exchange": "NSI", "exchangeName": "NSE", "exchangeDataDelayedBy": 15, "marketState": "CLOSED", "quoteType": "EQUITY", "symbol": "FOSECOIND.NS", "underlyingSymbol": null, "shortName": "FOSECO(INDIA)", "longName": "Foseco India Limited", "currency": "INR", "quoteSourceName": "Delayed Quote", "currencySymbol": "\u20b9", "fromCurrency": null, "toCurrency": null, "lastMarket": null, "marketCap": 8452269056}, "balanceSheetHistory": {"balanceSheetStatements": [{"maxAge": 1, "endDate": "2020-12-31", "cash": 1370071000, "netReceivables": 656962000, "inventory": 125093000, "otherCurrentAssets": 36431000, "totalCurrentAssets": 2188557000, "propertyPlantEquipment": 356163000, "otherAssets": 86070000, "deferredLongTermAssetCharges": 26173000, "totalAssets": 2630790000, "accountsPayable": 668172000, "otherCurrentLiab": 74291000, "otherLiab": 5802000, "totalCurrentLiabilities": 798517000, "totalLiab": 804319000, "commonStock": 63865000, "treasuryStock": 1762606000, "otherStockholderEquity": 1762606000, "totalStockholderEquity": 1826471000, "netTangibleAssets": 1826471000}, {"maxAge": 1, "endDate": "2019-12-31", "cash": 1110760000, "netReceivables": 740666000, "inventory": 196897000, "otherCurrentAssets": 7779000, "totalCurrentAssets": 2061478000, "propertyPlantEquipment": 359420000, "otherAssets": 65693000, "deferredLongTermAssetCharges": 18560000, "totalAssets": 2486591000, "accountsPayable": 679324000, "otherCurrentLiab": 20126000, "otherLiab": 8080000, "totalCurrentLiabilities": 764628000, "totalLiab": 772708000, "commonStock": 63865000, "retainedEarnings": 1455187000, "treasuryStock": 3571000, "capitalSurplus": 191260000, "otherStockholderEquity": 3571000, "totalStockholderEquity": 1713883000, "netTangibleAssets": 1713883000}, {"maxAge": 1, "endDate": "2018-12-31", "cash": 923908000, "netReceivables": 890794000, "inventory": 214849000, "otherCurrentAssets": 7804000, "totalCurrentAssets": 2042663000, "propertyPlantEquipment": 256599000, "otherAssets": 85326000, "deferredLongTermAssetCharges": 30513000, "totalAssets": 2384588000, "accountsPayable": 702023000, "otherCurrentLiab": 10849000, "otherLiab": 23397000, "totalCurrentLiabilities": 800111000, "totalLiab": 823508000, "commonStock": 63865000, "retainedEarnings": 1305955000, "capitalSurplus": 191260000, "totalStockholderEquity": 1561080000, "netTangibleAssets": 1561080000}, {"maxAge": 1, "endDate": "2017-12-31", "cash": 717559000, "netReceivables": 1008636000, "inventory": 167115000, "otherCurrentAssets": 15699000, "totalCurrentAssets": 1909009000, "propertyPlantEquipment": 239268000, "intangibleAssets": 7000, "otherAssets": 61158000, "deferredLongTermAssetCharges": 22327000, "totalAssets": 2209442000, "accountsPayable": 634932000, "shortLongTermDebt": 6453000, "otherCurrentLiab": 11130000, "otherLiab": 12773000, "totalCurrentLiabilities": 740126000, "totalLiab": 752899000, "commonStock": 63865000, "retainedEarnings": 1201418000, "capitalSurplus": 191260000, "totalStockholderEquity": 1456543000, "netTangibleAssets": 1456536000}], "maxAge": 86400}, "financialData": {"maxAge": 86400, "currentPrice": 1328.9, "recommendationKey": "none", "totalCash": 1370071040, "totalCashPerShare": 214.615, "ebitda": 207906000, "totalDebt": 0, "quickRatio": 2.537, "currentRatio": 2.741, "totalRevenue": 2511503872, "revenuePerShare": 393.236, "returnOnAssets": 0.03635, "returnOnEquity": 0.0872, "grossProfits": 1100048000, "freeCashflow": 276639616, "operatingCashflow": 302888992, "earningsGrowth": 0.121, "revenueGrowth": 0.122, "grossMargins": 0.438, "ebitdaMargins": 0.082779996, "operatingMargins": 0.05925, "profitMargins": 0.06146, "financialCurrency": "INR"}}}