{"FOSECOIND.BO": {"recommendationTrend": {"trend": [{"period": "0m", "strongBuy": 0, "buy": 0, "hold": 0, "sell": 0, "strongSell": 0}, {"period": "-1m", "strongBuy": 0, "buy": 0, "hold": 0, "sell": 0, "strongSell": 0}, {"period": "-2m", "strongBuy": 0, "buy": 0, "hold": 0, "sell": 0, "strongSell": 0}, {"period": "-3m", "strongBuy": 0, "buy": 0, "hold": 0, "sell": 0, "strongSell": 0}], "maxAge": 86400}, "cashflowStatementHistory": {"cashflowStatements": [{"maxAge": 1, "endDate": "2019-12-31", "netIncome": 345329000, "depreciation": 41970000, "changeToNetincome": 1825000, "changeToAccountReceivables": 134031000, "changeToLiabilities": -11161000, "changeToInventory": 15787000, "changeToOperatingActivities": -57618000, "totalCashFromOperatingActivities": 470163000, "capitalExpenditures": -136545000, "investments": 40000, "otherCashflowsFromInvestingActivities": 44226000, "totalCashflowsFromInvestingActivities": -90813000, "dividendsPaid": -159662000, "otherCashflowsFromFinancingActivities": -32836000, "totalCashFromFinancingActivities": -192498000, "changeInCash": 186852000}, {"maxAge": 1, "endDate": "2018-12-31", "netIncome": 320365000, "depreciation": 45383000, "changeToNetincome": -35843000, "changeToAccountReceivables": 121405000, "changeToLiabilities": 67902000, "changeToInventory": -42667000, "changeToOperatingActivities": -5543000, "totalCashFromOperatingActivities": 471009000, "capitalExpenditures": -80612000, "investments": 12000, "otherCashflowsFromInvestingActivities": 31873000, "totalCashflowsFromInvestingActivities": -48392000, "dividendsPaid": -172435000, "netBorrowings": -6453000, "otherCashflowsFromFinancingActivities": -37380000, "totalCashFromFinancingActivities": -216268000, "changeInCash": 206349000}, {"maxAge": 1, "endDate": "2017-12-31", "netIncome": 315741000, "depreciation": 50346000, "changeToNetincome": 24438000, "changeToAccountReceivables": -19818000, "changeToLiabilities": 192290000, "changeToInventory": 24528000, "changeToOperatingActivities": 66851000, "totalCashFromOperatingActivities": 657443000, "capitalExpenditures": -28596000, "investments": 31128000, "otherCashflowsFromInvestingActivities": 13692000, "totalCashflowsFromInvestingActivities": 17797000, "dividendsPaid": -127729000, "netBorrowings": -12028000, "otherCashflowsFromFinancingActivities": -29529000, "totalCashFromFinancingActivities": -169286000, "changeInCash": 505954000}, {"maxAge": 1, "endDate": "2016-12-31", "netIncome": 330817000, "depreciation": 47283000, "changeToNetincome": 38457000, "changeToAccountReceivables": -120339000, "changeToLiabilities": 84108000, "changeToInventory": -32855000, "changeToOperatingActivities": -30464000, "totalCashFromOperatingActivities": 320244000, "capitalExpenditures": -43323000, "investments": -30667000, "otherCashflowsFromInvestingActivities": 9326000, "totalCashflowsFromInvestingActivities": -64491000, "dividendsPaid": -146888000, "netBorrowings": -17322000, "otherCashflowsFromFinancingActivities": -34056000, "totalCashFromFinancingActivities": -198266000, "changeInCash": 57487000}], "maxAge": 86400}, "institutionOwnership": {"ownershipList": [], "maxAge": 1}, "balanceSheetHistoryQuarterly": {"balanceSheetStatements": [{"maxAge": 1, "endDate": "2020-06-30", "cash": 1264305000, "netReceivables": 421116000, "inventory": 171687000, "otherCurrentAssets": 33604000, "totalCurrentAssets": 1890712000, "propertyPlantEquipment": 342901000, "otherAssets": 88482000, "deferredLongTermAssetCharges": 28450000, "totalAssets": 2322095000, "accountsPayable": 499736000, "otherCurrentLiab": 35325000, "otherLiab": 6581000, "totalCurrentLiabilities": 573914000, "totalLiab": 580495000, "commonStock": 63865000, "treasuryStock": 1677735000, "otherStockholderEquity": 1677735000, "totalStockholderEquity": 1741600000, "netTangibleAssets": 1741600000}, {"maxAge": 1, "endDate": "2020-03-31", "totalStockholderEquity": 1713883000, "netTangibleAssets": 1713883000}, {"maxAge": 1, "endDate": "2019-12-31", "cash": 1110760000, "netReceivables": 740666000, "inventory": 196897000, "otherCurrentAssets": 7779000, "totalCurrentAssets": 2061478000, "propertyPlantEquipment": 359420000, "otherAssets": 65693000, "deferredLongTermAssetCharges": 18560000, "totalAssets": 2486591000, "accountsPayable": 679324000, "otherCurrentLiab": 20126000, "otherLiab": 8080000, "totalCurrentLiabilities": 764628000, "totalLiab": 772708000, "commonStock": 63865000, "retainedEarnings": 1455187000, "treasuryStock": 3571000, "capitalSurplus": 191260000, "otherStockholderEquity": 3571000, "totalStockholderEquity": 1713883000, "netTangibleAssets": 1713883000}, {"maxAge": 1, "endDate": "2019-09-30", "totalStockholderEquity": 1661985000, "netTangibleAssets": 1661985000}], "maxAge": 86400}, "earningsHistory": {"history": [{"maxAge": 1, "epsActual": {}, "epsEstimate": {}, "epsDifference": {}, "surprisePercent": {}, "quarter": {}, "period": "-4q"}, {"maxAge": 1, "epsActual": {}, "epsEstimate": {}, "epsDifference": {}, "surprisePercent": {}, "quarter": {}, "period": "-3q"}, {"maxAge": 1, "epsActual": 11.02, "epsEstimate": 12.21, "epsDifference": -1.19, "surprisePercent": -0.096999995, "quarter": "2016-12-31", "period": "-2q"}, {"maxAge": 1, "epsActual": 13.55, "epsEstimate": 13.21, "epsDifference": 0.34, "surprisePercent": 0.025999999, "quarter": "2018-09-30", "period": "-1q"}], "maxAge": 86400}, "indexTrend": {"maxAge": 1, "symbol": "SP5", "peRatio": 19.7411, "pegRatio": 1.34172, "estimates": [{"period": "0q", "growth": 0.549}, {"period": "+1q", "growth": 0.431}, {"period": "0y", "growth": 0.305}, {"period": "+1y", "growth": 0.109}, {"period": "+5y", "growth": 0.120865}, {"period": "-5y"}]}, "industryTrend": {"maxAge": 1, "symbol": null, "estimates": []}, "insiderTransactions": {"transactions": [{"maxAge": 1, "shares": 733226, "filerUrl": "", "transactionText": "", "filerName": "Cookson Group Plc", "filerRelation": "Promoter", "moneyText": "", "startDate": "2010-05-26", "ownership": "D"}, {"maxAge": 1, "shares": 733226, "filerUrl": "", "transactionText": "", "filerName": "Karibu Ltd", "filerRelation": "Institution- Corporation", "moneyText": "", "startDate": "2010-05-26", "ownership": "D"}, {"maxAge": 1, "shares": 1277292, "filerUrl": "", "transactionText": "", "filerName": "Cookson Group Plc", "filerRelation": "Promoter", "moneyText": "", "startDate": "2008-02-21", "ownership": "D"}], "maxAge": 1}, "quoteType": {"exchange": "BSE", "quoteType": "EQUITY", "symbol": "FOSECOIND.BO", "underlyingSymbol": "FOSECOIND.BO", "shortName": "FOSECO INDIA LTD.", "longName": "Foseco India Limited", "firstTradeDateEpochUtc": "2000-06-23 09:15:00", "timeZoneFullName": "Asia/Kolkata", "timeZoneShortName": "IST", "uuid": "8c2da1c7-aa80-3888-b465-ae3b2ab24304", "gmtOffSetMilliseconds": 19800000, "maxAge": 1}, "incomeStatementHistory": {"incomeStatementHistory": [{"maxAge": 1, "endDate": "2019-12-31", "totalRevenue": 3225239000, "costOfRevenue": 1865096000, "grossProfit": 1360143000, "researchDevelopment": {}, "sellingGeneralAdministrative": 351887000, "nonRecurring": {}, "otherOperatingExpenses": 503180000, "totalOperatingExpenses": 2778665000, "operatingIncome": 446574000, "totalOtherIncomeExpenseNet": 49704000, "ebit": 446574000, "interestExpense": -13000, "incomeBeforeTax": 496278000, "incomeTaxExpense": 150949000, "minorityInterest": {}, "netIncomeFromContinuingOps": 345329000, "discontinuedOperations": {}, "extraordinaryItems": {}, "effectOfAccountingCharges": {}, "otherItems": {}, "netIncome": 345329000, "netIncomeApplicableToCommonShares": 345329000}, {"maxAge": 1, "endDate": "2018-12-31", "totalRevenue": 3621558000, "costOfRevenue": 2200134000, "grossProfit": 1421424000, "researchDevelopment": {}, "sellingGeneralAdministrative": 354936000, "nonRecurring": {}, "otherOperatingExpenses": 544331000, "totalOperatingExpenses": 3153008000, "operatingIncome": 468550000, "totalOtherIncomeExpenseNet": 32176000, "ebit": 468550000, "interestExpense": -2087000, "incomeBeforeTax": 500726000, "incomeTaxExpense": 180361000, "minorityInterest": {}, "netIncomeFromContinuingOps": 320365000, "discontinuedOperations": {}, "extraordinaryItems": {}, "effectOfAccountingCharges": {}, "otherItems": {}, "netIncome": 320365000, "netIncomeApplicableToCommonShares": 320365000}, {"maxAge": 1, "endDate": "2017-12-31", "totalRevenue": 3575947000, "costOfRevenue": 2188678000, "grossProfit": 1387269000, "researchDevelopment": {}, "sellingGeneralAdministrative": 308723000, "nonRecurring": {}, "otherOperatingExpenses": 553879000, "totalOperatingExpenses": 3105047000, "operatingIncome": 470900000, "totalOtherIncomeExpenseNet": 10804000, "ebit": 470900000, "interestExpense": -3526000, "incomeBeforeTax": 481704000, "incomeTaxExpense": 165963000, "minorityInterest": {}, "netIncomeFromContinuingOps": 315741000, "discontinuedOperations": {}, "extraordinaryItems": {}, "effectOfAccountingCharges": {}, "otherItems": {}, "netIncome": 315741000, "netIncomeApplicableToCommonShares": 315741000}, {"maxAge": 1, "endDate": "2016-12-31", "totalRevenue": 3390204000, "costOfRevenue": 2054589000, "grossProfit": 1335615000, "researchDevelopment": {}, "sellingGeneralAdministrative": 271583000, "nonRecurring": {}, "otherOperatingExpenses": 493535000, "totalOperatingExpenses": 2872215000, "operatingIncome": 517989000, "totalOtherIncomeExpenseNet": -4762000, "ebit": 517989000, "interestExpense": -4152000, "incomeBeforeTax": 513227000, "incomeTaxExpense": 182410000, "minorityInterest": {}, "netIncomeFromContinuingOps": 330817000, "discontinuedOperations": {}, "extraordinaryItems": {}, "effectOfAccountingCharges": {}, "otherItems": {}, "netIncome": 330817000, "netIncomeApplicableToCommonShares": 330817000}], "maxAge": 86400}, "fundOwnership": {"ownershipList": [], "maxAge": 1}, "summaryDetail": {"maxAge": 1, "priceHint": 2, "previousClose": 1339.85, "open": 1339.5, "dayLow": 1311.0, "dayHigh": 1340.0, "regularMarketPreviousClose": 1339.85, "regularMarketOpen": 1339.5, "regularMarketDayLow": 1311.0, "regularMarketDayHigh": 1340.0, "trailingPE": 42.86083, "forwardPE": 20.235922, "volume": 164, "regularMarketVolume": 164, "averageVolume": 406, "averageVolume10days": 330, "averageDailyVolume10Day": 330, "bid": 1311.0, "ask": 1350.0, "bidSize": 0, "askSize": 0, "marketCap": 8490798592, "fiftyTwoWeekLow": 840.0, "fiftyTwoWeekHigh": 1497.0, "fiftyDayAverage": 1305.7333, "twoHundredDayAverage": 1221.1581, "trailingAnnualDividendRate": 7.0, "trailingAnnualDividendYield": 0.0052244654, "currency": "INR", "fromCurrency": null, "lastMarket": null, "algorithm": null, "tradeable": false}, "sectorTrend": {"maxAge": 1, "symbol": null, "estimates": []}, "incomeStatementHistoryQuarterly": {"incomeStatementHistory": [{"maxAge": 1, "endDate": "2020-06-30", "totalRevenue": 276526000, "costOfRevenue": 168155000, "grossProfit": 108371000, "researchDevelopment": {}, "sellingGeneralAdministrative": 84240000, "nonRecurring": {}, "otherOperatingExpenses": 70527000, "totalOperatingExpenses": 337438000, "operatingIncome": -60912000, "totalOtherIncomeExpenseNet": 22850000, "ebit": -60912000, "interestExpense": -1000, "incomeBeforeTax": -38062000, "incomeTaxExpense": -8829000, "minorityInterest": {}, "netIncomeFromContinuingOps": -29233000, "discontinuedOperations": {}, "extraordinaryItems": {}, "effectOfAccountingCharges": {}, "otherItems": {}, "netIncome": -29233000, "netIncomeApplicableToCommonShares": -29233000}, {"maxAge": 1, "endDate": "2020-03-31", "totalRevenue": 720754000, "costOfRevenue": 394940000, "grossProfit": 325814000, "researchDevelopment": {}, "sellingGeneralAdministrative": 90122000, "nonRecurring": {}, "otherOperatingExpenses": 154504000, "totalOperatingExpenses": 654030000, "operatingIncome": 66724000, "totalOtherIncomeExpenseNet": 15433000, "ebit": 66724000, "interestExpense": -1000, "incomeBeforeTax": 82157000, "incomeTaxExpense": 21310000, "minorityInterest": {}, "netIncomeFromContinuingOps": 60847000, "discontinuedOperations": {}, "extraordinaryItems": {}, "effectOfAccountingCharges": {}, "otherItems": {}, "netIncome": 60847000, "netIncomeApplicableToCommonShares": 60847000}, {"maxAge": 1, "endDate": "2019-12-31", "totalRevenue": 733232000, "costOfRevenue": 478644000, "grossProfit": 254588000, "researchDevelopment": {}, "sellingGeneralAdministrative": 82193000, "nonRecurring": {}, "otherOperatingExpenses": 42534000, "totalOperatingExpenses": 631283000, "operatingIncome": 101949000, "totalOtherIncomeExpenseNet": -4789000, "ebit": 101949000, "interestExpense": -1000, "incomeBeforeTax": 97160000, "incomeTaxExpense": 32962000, "minorityInterest": {}, "netIncomeFromContinuingOps": 64198000, "discontinuedOperations": {}, "extraordinaryItems": {}, "effectOfAccountingCharges": {}, "otherItems": {}, "netIncome": 64198000, "netIncomeApplicableToCommonShares": 64198000}, {"maxAge": 1, "endDate": "2019-09-30", "totalRevenue": 787238000, "costOfRevenue": 441271000, "grossProfit": 345967000, "researchDevelopment": {}, "sellingGeneralAdministrative": 91679000, "nonRecurring": {}, "otherOperatingExpenses": 143142000, "totalOperatingExpenses": 686999000, "operatingIncome": 100239000, "totalOtherIncomeExpenseNet": 21868000, "ebit": 100239000, "interestExpense": -1000, "incomeBeforeTax": 122107000, "incomeTaxExpense": 19947000, "minorityInterest": {}, "netIncomeFromContinuingOps": 102160000, "discontinuedOperations": {}, "extraordinaryItems": {}, "effectOfAccountingCharges": {}, "otherItems": {}, "netIncome": 102160000, "netIncomeApplicableToCommonShares": 102160000}], "maxAge": 86400}, "cashflowStatementHistoryQuarterly": {"cashflowStatements": [{"maxAge": 1, "endDate": "2020-06-30", "netIncome": -29233000, "changeToLiabilities": 0}, {"maxAge": 1, "endDate": "2020-03-31", "netIncome": 60847000, "changeToLiabilities": 0}, {"maxAge": 1, "endDate": "2019-12-31", "netIncome": 64198000, "changeToLiabilities": 0}, {"maxAge": 1, "endDate": "2019-09-30", "netIncome": 102160000, "changeToLiabilities": 0}], "maxAge": 86400}, "insiderHolders": {"holders": [{"maxAge": 1, "name": "Cookson Group Plc", "relation": "Promoter", "url": "", "transactionDescription": "Gift", "latestTransDate": "2010-05-26", "positionDirect": 544066, "positionDirectDate": "2010-05-26"}, {"maxAge": 1, "name": "Karibu Ltd", "relation": "Institution- Corporation", "url": "", "transactionDescription": "Gift", "latestTransDate": "2010-05-26", "positionDirect": 733226, "positionDirectDate": "2010-05-26"}], "maxAge": 1}, "earnings": {"maxAge": 86400, "earningsChart": {"quarterly": [{"date": "4Q2016", "actual": 11.02, "estimate": 12.21}, {"date": "3Q2018", "actual": 13.55, "estimate": 13.21}], "currentQuarterEstimateDate": "4Q", "currentQuarterEstimateYear": 2018, "earningsDate": []}, "financialsChart": {"yearly": [{"date": 2016, "revenue": 3390204000, "earnings": 330817000}, {"date": 2017, "revenue": 3575947000, "earnings": 315741000}, {"date": 2018, "revenue": 3621558000, "earnings": 320365000}, {"date": 2019, "revenue": 3225239000, "earnings": 345329000}], "quarterly": [{"date": "3Q2019", "revenue": 787238000, "earnings": 102160000}, {"date": "4Q2019", "revenue": 733232000, "earnings": 64198000}, {"date": "1Q2020", "revenue": 720754000, "earnings": 60847000}, {"date": "2Q2020", "revenue": 276526000, "earnings": -29233000}]}, "financialCurrency": "INR"}, "calendarEvents": {"maxAge": 1, "earnings": {"earningsDate": []}}, "upgradeDowngradeHistory": {"history": [], "maxAge": 86400}, "price": {"maxAge": 1, "regularMarketChangePercent": -0.0077247266, "regularMarketChange": -10.349976, "regularMarketTime": "2021-04-30 15:16:43", "priceHint": 2, "regularMarketPrice": 1329.5, "regularMarketDayHigh": 1340.0, "regularMarketDayLow": 1311.0, "regularMarketVolume": 164, "averageDailyVolume10Day": 330, "averageDailyVolume3Month": 406, "regularMarketPreviousClose": 1339.85, "regularMarketSource": "FREE_REALTIME", "regularMarketOpen": 1339.5, "exchange": "BSE", "exchangeName": "BSE", "exchangeDataDelayedBy": 0, "marketState": "CLOSED", "quoteType": "EQUITY", "symbol": "FOSECOIND.BO", "underlyingSymbol": null, "shortName": "FOSECO INDIA LTD.", "longName": "Foseco India Limited", "currency": "INR", "quoteSourceName": "Delayed Quote", "currencySymbol": "\u20b9", "fromCurrency": null, "lastMarket": null, "marketCap": 8490798592}, "balanceSheetHistory": {"balanceSheetStatements": [{"maxAge": 1, "endDate": "2019-12-31", "cash": 1110760000, "netReceivables": 740666000, "inventory": 196897000, "otherCurrentAssets": 7779000, "totalCurrentAssets": 2061478000, "propertyPlantEquipment": 359420000, "otherAssets": 65693000, "deferredLongTermAssetCharges": 18560000, "totalAssets": 2486591000, "accountsPayable": 679324000, "otherCurrentLiab": 20126000, "otherLiab": 8080000, "totalCurrentLiabilities": 764628000, "totalLiab": 772708000, "commonStock": 63865000, "retainedEarnings": 1455187000, "treasuryStock": 3571000, "capitalSurplus": 191260000, "otherStockholderEquity": 3571000, "totalStockholderEquity": 1713883000, "netTangibleAssets": 1713883000}, {"maxAge": 1, "endDate": "2018-12-31", "cash": 923908000, "netReceivables": 890794000, "inventory": 214849000, "otherCurrentAssets": 7804000, "totalCurrentAssets": 2042663000, "propertyPlantEquipment": 256599000, "otherAssets": 85326000, "deferredLongTermAssetCharges": 30513000, "totalAssets": 2384588000, "accountsPayable": 702023000, "otherCurrentLiab": 10849000, "otherLiab": 23397000, "totalCurrentLiabilities": 800111000, "totalLiab": 823508000, "commonStock": 63865000, "retainedEarnings": 1305955000, "capitalSurplus": 191260000, "totalStockholderEquity": 1561080000, "netTangibleAssets": 1561080000}, {"maxAge": 1, "endDate": "2017-12-31", "cash": 717559000, "netReceivables": 1008636000, "inventory": 167115000, "otherCurrentAssets": 15699000, "totalCurrentAssets": 1909009000, "propertyPlantEquipment": 239268000, "intangibleAssets": 7000, "otherAssets": 61158000, "deferredLongTermAssetCharges": 22327000, "totalAssets": 2209442000, "accountsPayable": 634932000, "shortLongTermDebt": 6453000, "otherCurrentLiab": 11130000, "otherLiab": 12773000, "totalCurrentLiabilities": 740126000, "totalLiab": 752899000, "commonStock": 63865000, "retainedEarnings": 1201418000, "capitalSurplus": 191260000, "totalStockholderEquity": 1456543000, "netTangibleAssets": 1456536000}, {"maxAge": 1, "endDate": "2016-12-31", "cash": 250720000, "netReceivables": 997791000, "inventory": 216127000, "otherCurrentAssets": 2543000, "totalCurrentAssets": 1477055000, "propertyPlantEquipment": 256320000, "intangibleAssets": 3074000, "otherAssets": 93140000, "deferredLongTermAssetCharges": 18079000, "totalAssets": 1829589000, "accountsPayable": 442907000, "shortLongTermDebt": 12028000, "otherCurrentLiab": 75645000, "longTermDebt": 6453000, "otherLiab": 8768000, "totalCurrentLiabilities": 571090000, "totalLiab": 586311000, "commonStock": 63865000, "retainedEarnings": 988153000, "capitalSurplus": 191260000, "totalStockholderEquity": 1243278000, "netTangibleAssets": 1240204000}], "maxAge": 86400}, "earningsTrend": {"trend": [{"maxAge": 1, "period": "0q", "endDate": "2018-12-31", "growth": {}, "earningsEstimate": {"avg": 0.0, "low": 0.0, "high": 0.0, "yearAgoEps": {}, "numberOfAnalysts": 0, "growth": {}}, "revenueEstimate": {"avg": 0, "low": 0, "high": 0, "numberOfAnalysts": 0, "yearAgoRevenue": {}, "growth": {}}, "epsTrend": {"current": 0.0, "7daysAgo": 0.0, "30daysAgo": 0.0, "60daysAgo": 0.0, "90daysAgo": 0.0}, "epsRevisions": {"upLast7days": 0, "upLast30days": 0, "downLast30days": 0, "downLast90days": {}}}, {"maxAge": 1, "period": "+1q", "endDate": "2019-03-31", "growth": {}, "earningsEstimate": {"avg": 0.0, "low": 0.0, "high": 0.0, "yearAgoEps": {}, "numberOfAnalysts": 0, "growth": {}}, "revenueEstimate": {"avg": 0, "low": 0, "high": 0, "numberOfAnalysts": 0, "yearAgoRevenue": {}, "growth": {}}, "epsTrend": {"current": 0.0, "7daysAgo": 0.0, "30daysAgo": 0.0, "60daysAgo": 0.0, "90daysAgo": 0.0}, "epsRevisions": {"upLast7days": 0, "upLast30days": 0, "downLast30days": 0, "downLast90days": {}}}, {"maxAge": 1, "period": "0y", "endDate": "2018-12-31", "growth": {}, "earningsEstimate": {"avg": 0.0, "low": 0.0, "high": 0.0, "yearAgoEps": {}, "numberOfAnalysts": 0, "growth": {}}, "revenueEstimate": {"avg": 3844140000, "low": 3844140000, "high": 3844140000, "numberOfAnalysts": 1, "yearAgoRevenue": 3601250000, "growth": 0.067}, "epsTrend": {"current": 0.0, "7daysAgo": 53.82, "30daysAgo": 53.82, "60daysAgo": 53.82, "90daysAgo": 53.82}, "epsRevisions": {"upLast7days": 0, "upLast30days": 0, "downLast30days": 0, "downLast90days": {}}}, {"maxAge": 1, "period": "+1y", "endDate": "2019-12-31", "growth": {}, "earningsEstimate": {"avg": 0.0, "low": 0.0, "high": 0.0, "yearAgoEps": {}, "numberOfAnalysts": 0, "growth": {}}, "revenueEstimate": {"avg": 4190120000, "low": 4190120000, "high": 4190120000, "numberOfAnalysts": 1, "yearAgoRevenue": 3844140000, "growth": 0.09}, "epsTrend": {"current": 0.0, "7daysAgo": 60.07, "30daysAgo": 60.07, "60daysAgo": 60.07, "90daysAgo": 60.07}, "epsRevisions": {"upLast7days": 0, "upLast30days": 0, "downLast30days": 0, "downLast90days": {}}}, {"maxAge": 1, "period": "+5y", "endDate": null, "growth": {}, "earningsEstimate": {"avg": {}, "low": {}, "high": {}, "yearAgoEps": {}, "numberOfAnalysts": {}, "growth": {}}, "revenueEstimate": {"avg": {}, "low": {}, "high": {}, "numberOfAnalysts": {}, "yearAgoRevenue": {}, "growth": {}}, "epsTrend": {"current": {}, "7daysAgo": {}, "30daysAgo": {}, "60daysAgo": {}, "90daysAgo": {}}, "epsRevisions": {"upLast7days": {}, "upLast30days": {}, "downLast30days": {}, "downLast90days": {}}}, {"maxAge": 1, "period": "-5y", "endDate": null, "growth": {}, "earningsEstimate": {"avg": {}, "low": {}, "high": {}, "yearAgoEps": {}, "numberOfAnalysts": {}, "growth": {}}, "revenueEstimate": {"avg": {}, "low": {}, "high": {}, "numberOfAnalysts": {}, "yearAgoRevenue": {}, "growth": {}}, "epsTrend": {"current": {}, "7daysAgo": {}, "30daysAgo": {}, "60daysAgo": {}, "90daysAgo": {}}, "epsRevisions": {"upLast7days": {}, "upLast30days": {}, "downLast30days": {}, "downLast90days": {}}}], "maxAge": 1}, "financialData": {"maxAge": 86400, "currentPrice": 1329.5, "targetHighPrice": 837.0, "targetLowPrice": 837.0, "targetMeanPrice": 837.0, "targetMedianPrice": 837.0, "recommendationKey": "none", "numberOfAnalystOpinions": 1, "grossProfits": 1360143000, "financialCurrency": "INR"}}}