{"FRANKLIN.BO": {"cashflowStatementHistory": {"cashflowStatements": [{"maxAge": 1, "endDate": "2020-03-31", "netIncome": 1739000, "changeToNetincome": -63000, "changeToLiabilities": 0, "changeToOperatingActivities": 14581000, "totalCashFromOperatingActivities": 16257000, "investments": -19785000, "totalCashflowsFromInvestingActivities": -19785000, "changeInCash": -3528000}, {"maxAge": 1, "endDate": "2019-03-31", "netIncome": 1993928, "changeToNetincome": 700755, "changeToLiabilities": 0, "changeToInventory": 4054145, "changeToOperatingActivities": 2265654, "totalCashFromOperatingActivities": 9014482, "investments": -16000000, "totalCashflowsFromInvestingActivities": -16000000, "changeInCash": -6985517}, {"maxAge": 1, "endDate": "2018-03-31", "netIncome": 1945688, "changeToNetincome": -2717789, "changeToLiabilities": 0, "changeToInventory": 21658075, "changeToOperatingActivities": -22395766, "totalCashFromOperatingActivities": -1509793, "investments": 4200000, "totalCashflowsFromInvestingActivities": 4200000, "changeInCash": 2690206}, {"maxAge": 1, "endDate": "2017-03-31", "netIncome": 2485549, "changeToNetincome": 1111801, "changeToLiabilities": 0, "changeToInventory": -24518595, "changeToOperatingActivities": -45392301, "totalCashFromOperatingActivities": -66313547, "investments": 4800000, "totalCashflowsFromInvestingActivities": 4800000, "totalCashFromFinancingActivities": 63360000, "changeInCash": 1846452, "issuanceOfStock": 63360000}], "maxAge": 86400}, "institutionOwnership": {"ownershipList": [], "maxAge": 1}, "balanceSheetHistoryQuarterly": {"balanceSheetStatements": [{"maxAge": 1, "endDate": "2020-03-31", "cash": 3081000, "netReceivables": 350888000, "inventory": 835000, "totalCurrentAssets": 354804000, "longTermInvestments": 36730000, "otherAssets": 6000, "deferredLongTermAssetCharges": 6000, "totalAssets": 391540000, "accountsPayable": 19508000, "otherCurrentLiab": 1670000, "otherLiab": 687000, "totalCurrentLiabilities": 21178000, "totalLiab": 21865000, "commonStock": 157824000, "treasuryStock": 211851000, "otherStockholderEquity": 211851000, "totalStockholderEquity": 369675000, "netTangibleAssets": 369675000}, {"maxAge": 1, "endDate": "2019-12-31", "cash": 3081000, "netReceivables": 350888000, "inventory": 835000, "totalCurrentAssets": 354804000, "longTermInvestments": 36730000, "otherAssets": 6000, "deferredLongTermAssetCharges": 6000, "totalAssets": 391540000, "accountsPayable": 19508000, "otherCurrentLiab": 1670000, "otherLiab": 687000, "totalCurrentLiabilities": 21178000, "totalLiab": 21865000, "commonStock": 157824000, "treasuryStock": 211851000, "otherStockholderEquity": 211851000, "totalStockholderEquity": 369675000, "netTangibleAssets": 369675000}, {"maxAge": 1, "endDate": "2019-09-30", "cash": 5561000, "netReceivables": 345699000, "inventory": 835000, "totalCurrentAssets": 352095000, "longTermInvestments": 24810000, "otherAssets": 6000, "deferredLongTermAssetCharges": 6000, "totalAssets": 376911000, "accountsPayable": 6036000, "otherCurrentLiab": 1254000, "otherLiab": 811000, "totalCurrentLiabilities": 7290000, "totalLiab": 8101000, "commonStock": 157824000, "treasuryStock": 210986000, "otherStockholderEquity": 210986000, "totalStockholderEquity": 368810000, "netTangibleAssets": 368810000}, {"maxAge": 1, "endDate": "2019-06-30", "cash": 5561000, "netReceivables": 345699000, "inventory": 835000, "totalCurrentAssets": 352095000, "longTermInvestments": 24810000, "otherAssets": 6000, "deferredLongTermAssetCharges": 6000, "totalAssets": 376911000, "accountsPayable": 6036000, "otherCurrentLiab": 1254000, "otherLiab": 811000, "totalCurrentLiabilities": 7290000, "totalLiab": 8101000, "commonStock": 157824000, "treasuryStock": 210986000, "otherStockholderEquity": 210986000, "totalStockholderEquity": 368810000, "netTangibleAssets": 368810000}], "maxAge": 86400}, "indexTrend": {"maxAge": 1, "symbol": "SP5", "peRatio": 19.7411, "pegRatio": 1.34172, "estimates": [{"period": "0q", "growth": 0.549}, {"period": "+1q", "growth": 0.431}, {"period": "0y", "growth": 0.305}, {"period": "+1y", "growth": 0.109}, {"period": "+5y", "growth": 0.120859005}, {"period": "-5y"}]}, "quoteType": {"exchange": "BSE", "quoteType": "EQUITY", "symbol": "FRANKLIN.BO", "underlyingSymbol": "FRANKLIN.BO", "shortName": "Franklin Leasing and Finance L", "longName": "Franklin Leasing and Finance Limited", "firstTradeDateEpochUtc": "2021-01-29 09:15:00", "timeZoneFullName": "Asia/Kolkata", "timeZoneShortName": "IST", "uuid": "f856ec44-e468-371a-812e-7ea52693df73", "gmtOffSetMilliseconds": 19800000, "maxAge": 1}, "incomeStatementHistory": {"incomeStatementHistory": [{"maxAge": 1, "endDate": "2020-03-31", "totalRevenue": 33591000, "costOfRevenue": 27598000, "grossProfit": 5993000, "researchDevelopment": {}, "sellingGeneralAdministrative": 1197000, "nonRecurring": {}, "otherOperatingExpenses": 2446000, "totalOperatingExpenses": 31241000, "operatingIncome": 2350000, "totalOtherIncomeExpenseNet": 100, "ebit": 0, "interestExpense": {}, "incomeBeforeTax": 2350100, "incomeTaxExpense": 611100, "minorityInterest": {}, "netIncomeFromContinuingOps": 1739000, "discontinuedOperations": {}, "extraordinaryItems": {}, "effectOfAccountingCharges": {}, "otherItems": {}, "netIncome": 1739000, "netIncomeApplicableToCommonShares": 1739000}, {"maxAge": 1, "endDate": "2019-03-31", "totalRevenue": 26334618, "costOfRevenue": 20215645, "grossProfit": 6118973, "researchDevelopment": {}, "sellingGeneralAdministrative": 1894010, "nonRecurring": {}, "otherOperatingExpenses": 1651550, "totalOperatingExpenses": 23761205, "operatingIncome": 2573413, "totalOtherIncomeExpenseNet": 121270, "ebit": 0, "interestExpense": {}, "incomeBeforeTax": 2694683, "incomeTaxExpense": 700755, "minorityInterest": {}, "netIncomeFromContinuingOps": 1993928, "discontinuedOperations": {}, "extraordinaryItems": {}, "effectOfAccountingCharges": {}, "otherItems": {}, "netIncome": 1993928, "netIncomeApplicableToCommonShares": 1993928}, {"maxAge": 1, "endDate": "2018-03-31", "totalRevenue": 29498249, "costOfRevenue": 21658075, "grossProfit": 7840174, "researchDevelopment": {}, "sellingGeneralAdministrative": 4408623, "nonRecurring": {}, "otherOperatingExpenses": 810884, "totalOperatingExpenses": 26877582, "operatingIncome": 2620667, "totalOtherIncomeExpenseNet": 0, "ebit": 0, "interestExpense": {}, "incomeBeforeTax": 2620667, "incomeTaxExpense": 674979, "minorityInterest": {}, "netIncomeFromContinuingOps": 1945688, "discontinuedOperations": {}, "extraordinaryItems": {}, "effectOfAccountingCharges": {}, "otherItems": {}, "netIncome": 1945688, "netIncomeApplicableToCommonShares": 1945688}, {"maxAge": 1, "endDate": "2017-03-31", "totalRevenue": 42724259, "costOfRevenue": 30625921, "grossProfit": 12098338, "researchDevelopment": {}, "sellingGeneralAdministrative": 4077894, "nonRecurring": {}, "otherOperatingExpenses": 4423094, "totalOperatingExpenses": 39126909, "operatingIncome": 3597350, "totalOtherIncomeExpenseNet": 0, "ebit": 0, "interestExpense": {}, "incomeBeforeTax": 3597350, "incomeTaxExpense": 1111801, "minorityInterest": {}, "netIncomeFromContinuingOps": 2485549, "discontinuedOperations": {}, "extraordinaryItems": {}, "effectOfAccountingCharges": {}, "otherItems": {}, "netIncome": 2485549, "netIncomeApplicableToCommonShares": 2485549}], "maxAge": 86400}, "fundOwnership": {"ownershipList": [], "maxAge": 1}, "summaryDetail": {"maxAge": 1, "priceHint": 2, "previousClose": 9.59, "open": 9.59, "dayLow": 9.59, "dayHigh": 9.59, "regularMarketPreviousClose": 9.59, "regularMarketOpen": 9.59, "regularMarketDayLow": 9.59, "regularMarketDayHigh": 9.59, "volume": 1092186276, "regularMarketVolume": 1092186276, "bid": 8.65, "ask": 10.2, "marketCap": 151353216, "fiftyTwoWeekLow": 9.59, "fiftyTwoWeekHigh": 9.59, "currency": "INR", "fromCurrency": null, "lastMarket": null, "algorithm": null, "tradeable": false}, "incomeStatementHistoryQuarterly": {"incomeStatementHistory": [{"maxAge": 1, "endDate": "2020-03-31", "totalRevenue": 15519000, "costOfRevenue": 13799000, "grossProfit": 1720000, "researchDevelopment": {}, "sellingGeneralAdministrative": 350500, "nonRecurring": {}, "otherOperatingExpenses": 869000, "totalOperatingExpenses": 15018500, "operatingIncome": 500500, "totalOtherIncomeExpenseNet": 50, "ebit": 0, "interestExpense": {}, "incomeBeforeTax": 500550, "incomeTaxExpense": 130050, "minorityInterest": {}, "netIncomeFromContinuingOps": 370500, "discontinuedOperations": {}, "extraordinaryItems": {}, "effectOfAccountingCharges": {}, "otherItems": {}, "netIncome": 370500, "netIncomeApplicableToCommonShares": 370500}, {"maxAge": 1, "endDate": "2019-12-31", "totalRevenue": 15519000, "costOfRevenue": 13799000, "grossProfit": 1720000, "researchDevelopment": {}, "sellingGeneralAdministrative": 350500, "nonRecurring": {}, "otherOperatingExpenses": 869000, "totalOperatingExpenses": 15018500, "operatingIncome": 500500, "totalOtherIncomeExpenseNet": 50, "ebit": 0, "interestExpense": {}, "incomeBeforeTax": 500550, "incomeTaxExpense": 130050, "minorityInterest": {}, "netIncomeFromContinuingOps": 370500, "discontinuedOperations": {}, "extraordinaryItems": {}, "effectOfAccountingCharges": {}, "otherItems": {}, "netIncome": 370500, "netIncomeApplicableToCommonShares": 370500}, {"maxAge": 1, "endDate": "2019-09-30", "totalRevenue": 1276500, "costOfRevenue": 0, "grossProfit": 1276500, "researchDevelopment": {}, "sellingGeneralAdministrative": 248000, "nonRecurring": {}, "otherOperatingExpenses": 354000, "totalOperatingExpenses": 602000, "operatingIncome": 674500, "totalOtherIncomeExpenseNet": 0, "ebit": 0, "interestExpense": {}, "incomeBeforeTax": 674500, "incomeTaxExpense": 175500, "minorityInterest": {}, "netIncomeFromContinuingOps": 499000, "discontinuedOperations": {}, "extraordinaryItems": {}, "effectOfAccountingCharges": {}, "otherItems": {}, "netIncome": 499000, "netIncomeApplicableToCommonShares": 499000}, {"maxAge": 1, "endDate": "2019-06-30", "totalRevenue": 1276500, "costOfRevenue": 0, "grossProfit": 1276500, "researchDevelopment": {}, "sellingGeneralAdministrative": 248000, "nonRecurring": {}, "otherOperatingExpenses": 354000, "totalOperatingExpenses": 602000, "operatingIncome": 674500, "totalOtherIncomeExpenseNet": 0, "ebit": 0, "interestExpense": {}, "incomeBeforeTax": 674500, "incomeTaxExpense": 175500, "minorityInterest": {}, "netIncomeFromContinuingOps": 499000, "discontinuedOperations": {}, "extraordinaryItems": {}, "effectOfAccountingCharges": {}, "otherItems": {}, "netIncome": 499000, "netIncomeApplicableToCommonShares": 499000}], "maxAge": 86400}, "cashflowStatementHistoryQuarterly": {"cashflowStatements": [{"maxAge": 1, "endDate": "2020-03-31", "netIncome": 370500, "changeToNetincome": 130000, "changeToLiabilities": 0, "changeToOperatingActivities": 4220000, "totalCashFromOperatingActivities": 4720500, "investments": -5960000, "totalCashflowsFromInvestingActivities": -5960000, "changeInCash": -1239500}, {"maxAge": 1, "endDate": "2019-12-31", "netIncome": 370500, "changeToNetincome": 130000, "changeToLiabilities": 0, "changeToOperatingActivities": 4220000, "totalCashFromOperatingActivities": 4720500, "investments": -5960000, "totalCashflowsFromInvestingActivities": -5960000, "changeInCash": -1239500}, {"maxAge": 1, "endDate": "2019-09-30", "netIncome": 499000, "changeToNetincome": -161500, "changeToLiabilities": 0, "changeToOperatingActivities": 3070500, "totalCashFromOperatingActivities": 3408000, "investments": -3932500, "totalCashflowsFromInvestingActivities": -3932500, "changeInCash": -524500}, {"maxAge": 1, "endDate": "2019-06-30", "netIncome": 499000, "changeToNetincome": -161500, "changeToLiabilities": 0, "changeToOperatingActivities": 3070500, "totalCashFromOperatingActivities": 3408000, "investments": -3932500, "totalCashflowsFromInvestingActivities": -3932500, "changeInCash": -524500}], "maxAge": 86400}, "insiderHolders": {"holders": [], "maxAge": 1}, "calendarEvents": {"maxAge": 1, "earnings": {"earningsDate": []}}, "upgradeDowngradeHistory": {"history": [], "maxAge": 86400}, "price": {"maxAge": 1, "regularMarketChangePercent": 0.0, "regularMarketChange": 0.0, "regularMarketTime": "2021-04-01 12:41:42", "priceHint": 2, "regularMarketPrice": 9.59, "regularMarketDayHigh": 9.59, "regularMarketDayLow": 9.59, "regularMarketVolume": 1092186276, "regularMarketPreviousClose": 9.59, "regularMarketSource": "FREE_REALTIME", "regularMarketOpen": 9.59, "exchange": "BSE", "exchangeName": "BSE", "exchangeDataDelayedBy": 0, "marketState": "CLOSED", "quoteType": "EQUITY", "symbol": "FRANKLIN.BO", "underlyingSymbol": null, "shortName": "Franklin Leasing and Finance L", "longName": "Franklin Leasing and Finance Limited", "currency": "INR", "quoteSourceName": "Delayed Quote", "currencySymbol": "\u20b9", "fromCurrency": null, "lastMarket": null, "marketCap": 151353216}, "balanceSheetHistory": {"balanceSheetStatements": [{"maxAge": 1, "endDate": "2020-03-31", "cash": 3081000, "netReceivables": 350888000, "inventory": 835000, "totalCurrentAssets": 354804000, "longTermInvestments": 36730000, "otherAssets": 6000, "deferredLongTermAssetCharges": 6000, "totalAssets": 391540000, "accountsPayable": 19508000, "otherCurrentLiab": 1670000, "otherLiab": 687000, "totalCurrentLiabilities": 21178000, "totalLiab": 21865000, "commonStock": 157824000, "treasuryStock": 211851000, "otherStockholderEquity": 211851000, "totalStockholderEquity": 369675000, "netTangibleAssets": 369675000}, {"maxAge": 1, "endDate": "2019-03-31", "cash": 6610134, "netReceivables": 329700456, "inventory": 835000, "otherCurrentAssets": 26945248, "totalCurrentAssets": 364091205, "longTermInvestments": 16945000, "otherAssets": 6359, "deferredLongTermAssetCharges": 6359, "totalAssets": 381042564, "accountsPayable": 10877800, "otherCurrentLiab": 1379740, "otherLiab": 811354, "totalCurrentLiabilities": 12419714, "totalLiab": 13231068, "commonStock": 157824000, "retainedEarnings": 12047497, "treasuryStock": 209988000, "capitalSurplus": 197940000, "otherStockholderEquity": 209988000, "totalStockholderEquity": 367811497, "netTangibleAssets": 367811497}, {"maxAge": 1, "endDate": "2018-03-31", "cash": 13595652, "netReceivables": 339323482, "inventory": 4890000, "otherCurrentAssets": 21151009, "totalCurrentAssets": 378959655, "longTermInvestments": 945000, "otherAssets": 6496, "deferredLongTermAssetCharges": 6496, "totalAssets": 379911151, "accountsPayable": 12303942, "otherCurrentLiab": 683822, "otherLiab": 835224, "totalCurrentLiabilities": 13282229, "totalLiab": 14117453, "commonStock": 157824000, "retainedEarnings": 10029699, "treasuryStock": 207970000, "capitalSurplus": 197940000, "otherStockholderEquity": 207970000, "totalStockholderEquity": 365793699, "netTangibleAssets": 365793699}, {"maxAge": 1, "endDate": "2017-03-31", "cash": 10905445, "netReceivables": 301343767, "inventory": 26548000, "otherCurrentAssets": 48799164, "totalCurrentAssets": 387595963, "longTermInvestments": 5145000, "otherAssets": 6653, "deferredLongTermAssetCharges": 6653, "totalAssets": 392747616, "accountsPayable": 24671614, "otherCurrentLiab": 3392768, "otherLiab": 749039, "totalCurrentLiabilities": 28064382, "totalLiab": 28813421, "commonStock": 157824000, "retainedEarnings": 8170197, "treasuryStock": 206110000, "capitalSurplus": 197940000, "otherStockholderEquity": 206110000, "totalStockholderEquity": 363934197, "netTangibleAssets": 363934197}], "maxAge": 86400}, "financialData": {"maxAge": 86400, "currentPrice": 9.59, "recommendationKey": "none", "grossProfits": 5993000, "financialCurrency": null}}}