{"FREDUN.BO": {"cashflowStatementHistory": {"cashflowStatements": [{"maxAge": 1, "endDate": "2020-03-31", "netIncome": 19019188, "depreciation": 18660542, "changeToNetincome": 45663395, "changeToAccountReceivables": -150123048, "changeToLiabilities": 104840356, "changeToInventory": -96816224, "changeToOperatingActivities": -52154406, "totalCashFromOperatingActivities": -106440507, "capitalExpenditures": -14927954, "totalCashflowsFromInvestingActivities": -14927954, "netBorrowings": 181767020, "otherCashflowsFromFinancingActivities": -44475249, "totalCashFromFinancingActivities": 137291771, "changeInCash": 15923313}, {"maxAge": 1, "endDate": "2019-03-31", "netIncome": 44600461, "depreciation": 13121808, "changeToNetincome": 20032719, "changeToAccountReceivables": -25228509, "changeToLiabilities": -52164776, "changeToInventory": -223546690, "changeToOperatingActivities": 222885856, "totalCashFromOperatingActivities": 8359395, "capitalExpenditures": -164014641, "otherCashflowsFromInvestingActivities": 111497653, "totalCashflowsFromInvestingActivities": -52516988, "netBorrowings": 63550877, "otherCashflowsFromFinancingActivities": -24903897, "totalCashFromFinancingActivities": 44291980, "changeInCash": 134383, "issuanceOfStock": 5645000}, {"maxAge": 1, "endDate": "2018-03-31", "netIncome": 17509379, "depreciation": 12682494, "changeToNetincome": 13838358, "changeToAccountReceivables": 51210134, "changeToLiabilities": 160935457, "changeToInventory": -114888196, "changeToOperatingActivities": 26461240, "totalCashFromOperatingActivities": 172979576, "capitalExpenditures": -82134099, "otherCashflowsFromInvestingActivities": 111497653, "totalCashflowsFromInvestingActivities": -82134099, "netBorrowings": -55314349, "otherCashflowsFromFinancingActivities": -28502988, "totalCashFromFinancingActivities": -83817337, "changeInCash": 7028139, "issuanceOfStock": 5645000}, {"maxAge": 1, "endDate": "2017-03-31", "netIncome": 14274107, "depreciation": 11358000, "changeToNetincome": 16597899, "changeToAccountReceivables": -89786000, "changeToLiabilities": 65537000, "changeToInventory": 33339000, "changeToOperatingActivities": -11599000, "totalCashFromOperatingActivities": 39721000, "capitalExpenditures": -71339000, "otherCashflowsFromInvestingActivities": 111497653, "totalCashflowsFromInvestingActivities": -71339000, "netBorrowings": 17751000, "otherCashflowsFromFinancingActivities": -15013000, "totalCashFromFinancingActivities": 25238000, "changeInCash": -6380000, "issuanceOfStock": 22500000}], "maxAge": 86400}, "institutionOwnership": {"ownershipList": [], "maxAge": 1}, "balanceSheetHistoryQuarterly": {"balanceSheetStatements": [{"maxAge": 1, "endDate": "2020-03-31", "cash": 27526127, "shortTermInvestments": 2925515, "netReceivables": 465346973, "inventory": 504616744, "otherCurrentAssets": 10185179, "totalCurrentAssets": 1011090538, "longTermInvestments": 27600, "propertyPlantEquipment": 309266066, "intangibleAssets": 412281, "otherAssets": 10841237, "totalAssets": 1331637722, "accountsPayable": 441884561, "otherCurrentLiab": 38898176, "longTermDebt": 114958423, "otherLiab": 25715819, "totalCurrentLiabilities": 777750290, "totalLiab": 918424532, "commonStock": 39896346, "retainedEarnings": 101766497, "capitalSurplus": 271550354, "totalStockholderEquity": 413213197, "netTangibleAssets": 412800916}, {"maxAge": 1, "endDate": "2019-12-31", "totalStockholderEquity": 401002000, "netTangibleAssets": 401002000}, {"maxAge": 1, "endDate": "2019-09-30", "cash": 15302000, "shortTermInvestments": 310000, "netReceivables": 415881000, "inventory": 383658000, "otherCurrentAssets": 128748000, "totalCurrentAssets": 943899000, "longTermInvestments": 28000, "propertyPlantEquipment": 306949000, "otherAssets": 9659000, "totalAssets": 1260535000, "accountsPayable": 354897000, "otherCurrentLiab": 39582000, "longTermDebt": 281944000, "otherLiab": 183110000, "totalCurrentLiabilities": 394479000, "totalLiab": 859533000, "commonStock": 39896000, "treasuryStock": 361106000, "otherStockholderEquity": 361106000, "totalStockholderEquity": 401002000, "netTangibleAssets": 401002000}, {"maxAge": 1, "endDate": "2019-06-30", "totalStockholderEquity": 389892089, "netTangibleAssets": 389892089}], "maxAge": 86400}, "indexTrend": {"maxAge": 1, "symbol": "SP5", "peRatio": 19.7411, "pegRatio": 1.34172, "estimates": [{"period": "0q", "growth": 0.549}, {"period": "+1q", "growth": 0.431}, {"period": "0y", "growth": 0.305}, {"period": "+1y", "growth": 0.109}, {"period": "+5y", "growth": 0.120859005}, {"period": "-5y"}]}, "quoteType": {"exchange": "BSE", "quoteType": "EQUITY", "symbol": "FREDUN.BO", "underlyingSymbol": "FREDUN.BO", "shortName": "Fredun Pharmaceuticals Limited", "longName": "Fredun Pharmaceuticals Limited", "firstTradeDateEpochUtc": "2016-03-28 09:15:00", "timeZoneFullName": "Asia/Kolkata", "timeZoneShortName": "IST", "uuid": "0df41b81-b705-3be2-89fb-675cf73378ca", "gmtOffSetMilliseconds": 19800000, "maxAge": 1}, "incomeStatementHistory": {"incomeStatementHistory": [{"maxAge": 1, "endDate": "2020-03-31", "totalRevenue": 1109085311, "costOfRevenue": 854302948, "grossProfit": 254782363, "researchDevelopment": 6722396, "sellingGeneralAdministrative": 183209823, "nonRecurring": {}, "otherOperatingExpenses": -2631546, "totalOperatingExpenses": 1060390959, "operatingIncome": 48694352, "totalOtherIncomeExpenseNet": -23747618, "ebit": 48694352, "interestExpense": -41430887, "incomeBeforeTax": 24946734, "incomeTaxExpense": 5927546, "minorityInterest": {}, "netIncomeFromContinuingOps": 19019188, "discontinuedOperations": {}, "extraordinaryItems": {}, "effectOfAccountingCharges": {}, "otherItems": {}, "netIncome": 19019188, "netIncomeApplicableToCommonShares": 19019188}, {"maxAge": 1, "endDate": "2019-03-31", "totalRevenue": 961472332, "costOfRevenue": 639734644, "grossProfit": 321737688, "researchDevelopment": 6722396, "sellingGeneralAdministrative": 224900076, "nonRecurring": {}, "otherOperatingExpenses": -5065230, "totalOperatingExpenses": 874705884, "operatingIncome": 86766448, "totalOtherIncomeExpenseNet": -25148165, "ebit": 86766448, "interestExpense": -20108338, "incomeBeforeTax": 61618283, "incomeTaxExpense": 17017822, "minorityInterest": {}, "netIncomeFromContinuingOps": 44600461, "discontinuedOperations": {}, "extraordinaryItems": {}, "effectOfAccountingCharges": {}, "otherItems": {}, "netIncome": 44600461, "netIncomeApplicableToCommonShares": 44600461}, {"maxAge": 1, "endDate": "2018-03-31", "totalRevenue": 584198439, "costOfRevenue": 418578963, "grossProfit": 165619476, "researchDevelopment": 6722396, "sellingGeneralAdministrative": 119809178, "nonRecurring": {}, "otherOperatingExpenses": 34042, "totalOperatingExpenses": 551272288, "operatingIncome": 32926151, "totalOtherIncomeExpenseNet": -6508748, "ebit": 32926151, "interestExpense": -15721786, "incomeBeforeTax": 26417403, "incomeTaxExpense": 8908024, "minorityInterest": {}, "netIncomeFromContinuingOps": 17509379, "discontinuedOperations": {}, "extraordinaryItems": {}, "effectOfAccountingCharges": {}, "otherItems": {}, "netIncome": 17509379, "netIncomeApplicableToCommonShares": 17509379}, {"maxAge": 1, "endDate": "2017-03-31", "totalRevenue": 566962168, "costOfRevenue": 406579369, "grossProfit": 160382799, "researchDevelopment": 6722396, "sellingGeneralAdministrative": 62150787, "nonRecurring": {}, "otherOperatingExpenses": 59203775, "totalOperatingExpenses": 539291666, "operatingIncome": 27670502, "totalOtherIncomeExpenseNet": -5411225, "ebit": 27670502, "interestExpense": -15289718, "incomeBeforeTax": 22259277, "incomeTaxExpense": 7985170, "minorityInterest": {}, "netIncomeFromContinuingOps": 14274107, "discontinuedOperations": {}, "extraordinaryItems": {}, "effectOfAccountingCharges": {}, "otherItems": {}, "netIncome": 14274107, "netIncomeApplicableToCommonShares": 14274107}], "maxAge": 86400}, "fundOwnership": {"ownershipList": [], "maxAge": 1}, "summaryDetail": {"maxAge": 1, "priceHint": 2, "previousClose": 416.55, "open": 419.95, "dayLow": 404.15, "dayHigh": 419.95, "regularMarketPreviousClose": 416.55, "regularMarketOpen": 419.95, "regularMarketDayLow": 404.15, "regularMarketDayHigh": 419.95, "trailingPE": 85.95552, "volume": 3285, "regularMarketVolume": 3285, "averageVolume": 6276, "averageVolume10days": 6838, "averageDailyVolume10Day": 6838, "bid": 409.0, "ask": 0.0, "bidSize": 0, "askSize": 0, "marketCap": 1634750848, "fiftyTwoWeekLow": 103.0, "fiftyTwoWeekHigh": 469.9, "fiftyDayAverage": 395.45758, "twoHundredDayAverage": 285.93307, "trailingAnnualDividendRate": 0.66, "trailingAnnualDividendYield": 0.0015844437, "currency": "INR", "fromCurrency": null, "lastMarket": null, "algorithm": null, "tradeable": false}, "incomeStatementHistoryQuarterly": {"incomeStatementHistory": [{"maxAge": 1, "endDate": "2020-03-31", "totalRevenue": 250305311, "costOfRevenue": 152509948, "grossProfit": 97795363, "researchDevelopment": 858396, "sellingGeneralAdministrative": 128065823, "nonRecurring": {}, "otherOperatingExpenses": -32832560, "totalOperatingExpenses": 253335945, "operatingIncome": -3030634, "totalOtherIncomeExpenseNet": 6686369, "ebit": -3030634, "interestExpense": -9577887, "incomeBeforeTax": 3655735, "incomeTaxExpense": 5927546, "minorityInterest": {}, "netIncomeFromContinuingOps": -2271811, "discontinuedOperations": {}, "extraordinaryItems": {}, "effectOfAccountingCharges": {}, "otherItems": {}, "netIncome": -2271811, "netIncomeApplicableToCommonShares": -2271811}, {"maxAge": 1, "endDate": "2019-12-31", "totalRevenue": 262293000, "costOfRevenue": 208780000, "grossProfit": 53513000, "researchDevelopment": 3097000, "sellingGeneralAdministrative": 18644000, "nonRecurring": {}, "otherOperatingExpenses": 8309979, "totalOperatingExpenses": 243585979, "operatingIncome": 18707021, "totalOtherIncomeExpenseNet": -8525021, "ebit": 18707021, "interestExpense": -9773000, "incomeBeforeTax": 10182000, "incomeTaxExpense": 0, "minorityInterest": {}, "netIncomeFromContinuingOps": 10182000, "discontinuedOperations": {}, "extraordinaryItems": {}, "effectOfAccountingCharges": {}, "otherItems": {}, "netIncome": 10182000, "netIncomeApplicableToCommonShares": 10182000}, {"maxAge": 1, "endDate": "2019-09-30", "totalRevenue": 314327000, "costOfRevenue": 265460000, "grossProfit": 48867000, "researchDevelopment": 2767000, "sellingGeneralAdministrative": 18135000, "nonRecurring": {}, "otherOperatingExpenses": 5852763, "totalOperatingExpenses": 296875763, "operatingIncome": 17451237, "totalOtherIncomeExpenseNet": -8676238, "ebit": 17451237, "interestExpense": -9165000, "incomeBeforeTax": 8774999, "incomeTaxExpense": 0, "minorityInterest": {}, "netIncomeFromContinuingOps": 8774999, "discontinuedOperations": {}, "extraordinaryItems": {}, "effectOfAccountingCharges": {}, "otherItems": {}, "netIncome": 8774999, "netIncomeApplicableToCommonShares": 8774999}, {"maxAge": 1, "endDate": "2019-06-30", "totalRevenue": 282160000, "costOfRevenue": 227553000, "grossProfit": 54607000, "researchDevelopment": 2767000, "sellingGeneralAdministrative": 35802000, "nonRecurring": {}, "otherOperatingExpenses": -173000, "totalOperatingExpenses": 267819000, "operatingIncome": 14341000, "totalOtherIncomeExpenseNet": -12007000, "ebit": 14341000, "interestExpense": -12915000, "incomeBeforeTax": 2334000, "incomeTaxExpense": 0, "minorityInterest": {}, "netIncomeFromContinuingOps": 2334000, "discontinuedOperations": {}, "extraordinaryItems": {}, "effectOfAccountingCharges": {}, "otherItems": {}, "netIncome": 2334000, "netIncomeApplicableToCommonShares": 2334000}], "maxAge": 86400}, "cashflowStatementHistoryQuarterly": {"cashflowStatements": [{"maxAge": 1, "endDate": "2020-03-31", "netIncome": -2271811, "changeToLiabilities": 0}, {"maxAge": 1, "endDate": "2019-12-31", "netIncome": 10182000, "changeToLiabilities": 0}, {"maxAge": 1, "endDate": "2019-09-30", "netIncome": 8774999, "changeToLiabilities": 0}, {"maxAge": 1, "endDate": "2019-06-30", "netIncome": 2334000, "changeToLiabilities": 0}], "maxAge": 86400}, "insiderHolders": {"holders": [], "maxAge": 1}, "calendarEvents": {"maxAge": 1, "earnings": {"earningsDate": ["2020-02-12 05:30:S"]}}, "upgradeDowngradeHistory": {"history": [], "maxAge": 86400}, "price": {"maxAge": 1, "regularMarketChangePercent": -0.016324542, "regularMarketChange": -6.799988, "regularMarketTime": "2021-04-30 15:47:45", "priceHint": 2, "regularMarketPrice": 409.75, "regularMarketDayHigh": 419.95, "regularMarketDayLow": 404.15, "regularMarketVolume": 3285, "averageDailyVolume10Day": 6838, "averageDailyVolume3Month": 6276, "regularMarketPreviousClose": 416.55, "regularMarketSource": "FREE_REALTIME", "regularMarketOpen": 419.95, "exchange": "BSE", "exchangeName": "BSE", "exchangeDataDelayedBy": 0, "marketState": "CLOSED", "quoteType": "EQUITY", "symbol": "FREDUN.BO", "underlyingSymbol": null, "shortName": "Fredun Pharmaceuticals Limited", "longName": "Fredun Pharmaceuticals Limited", "currency": "INR", "quoteSourceName": "Delayed Quote", "currencySymbol": "\u20b9", "fromCurrency": null, "lastMarket": null, "marketCap": 1634750848}, "balanceSheetHistory": {"balanceSheetStatements": [{"maxAge": 1, "endDate": "2020-03-31", "cash": 27526127, "shortTermInvestments": 2925515, "netReceivables": 465346973, "inventory": 504616744, "otherCurrentAssets": 10185179, "totalCurrentAssets": 1011090538, "longTermInvestments": 27600, "propertyPlantEquipment": 309266066, "intangibleAssets": 412281, "otherAssets": 10841237, "totalAssets": 1331637722, "accountsPayable": 441884561, "otherCurrentLiab": 38898176, "longTermDebt": 114958423, "otherLiab": 25715819, "totalCurrentLiabilities": 777750290, "totalLiab": 918424532, "commonStock": 39896346, "retainedEarnings": 101766497, "capitalSurplus": 271550354, "totalStockholderEquity": 413213197, "netTangibleAssets": 412800916}, {"maxAge": 1, "endDate": "2019-03-31", "cash": 9288720, "shortTermInvestments": 4977030, "netReceivables": 296016138, "inventory": 407800520, "otherCurrentAssets": 7079826, "totalCurrentAssets": 725192234, "longTermInvestments": 27600, "propertyPlantEquipment": 313263654, "intangibleAssets": 274077, "otherAssets": 10337926, "totalAssets": 1049095491, "accountsPayable": 337044204, "otherCurrentLiab": 34876067, "longTermDebt": 106390789, "otherLiab": 18753856, "totalCurrentLiabilities": 534058763, "totalLiab": 659203408, "commonStock": 39896346, "retainedEarnings": 78445389, "capitalSurplus": 271550354, "totalStockholderEquity": 389892089, "netTangibleAssets": 389618012}, {"maxAge": 1, "endDate": "2018-03-31", "cash": 14532880, "netReceivables": 236016978, "inventory": 184253829, "otherCurrentAssets": 79998119, "totalCurrentAssets": 514801806, "longTermInvestments": 2600, "propertyPlantEquipment": 274069277, "intangibleAssets": 252386, "otherAssets": 3522792, "totalAssets": 792648861, "accountsPayable": 389208981, "otherCurrentLiab": 35602842, "longTermDebt": 98999957, "otherLiab": 40603018, "totalCurrentLiabilities": 431418823, "totalLiab": 571021798, "commonStock": 34251346, "retainedEarnings": 36971367, "treasuryStock": 221500, "capitalSurplus": 150182854, "otherStockholderEquity": 221500, "totalStockholderEquity": 221627067, "netTangibleAssets": 221374681}, {"maxAge": 1, "endDate": "2017-03-31", "cash": 7504741, "netReceivables": 262230408, "inventory": 69365633, "otherCurrentAssets": 10136255, "totalCurrentAssets": 352435920, "longTermInvestments": 2600, "propertyPlantEquipment": 204617671, "intangibleAssets": 419998, "otherAssets": 3501360, "totalAssets": 560977549, "accountsPayable": 228273523, "shortLongTermDebt": 35801049, "otherCurrentLiab": 55093574, "longTermDebt": 72391207, "otherLiab": 11293086, "totalCurrentLiabilities": 404693114, "totalLiab": 488377407, "commonStock": 23524000, "retainedEarnings": 23854648, "treasuryStock": 221500, "otherStockholderEquity": 221500, "totalStockholderEquity": 47600148, "netTangibleAssets": 47180150}], "maxAge": 86400}, "financialData": {"maxAge": 86400, "currentPrice": 409.75, "recommendationKey": "none", "grossProfits": 254782363, "financialCurrency": "INR"}}}