{"FRONTSP.BO": {"cashflowStatementHistory": {"cashflowStatements": [{"maxAge": 1, "endDate": "2020-03-31", "netIncome": 140406096, "depreciation": 23937418, "changeToNetincome": 2677994, "changeToAccountReceivables": -42981017, "changeToLiabilities": -33430200, "changeToInventory": 21458744, "changeToOperatingActivities": -11502672, "totalCashFromOperatingActivities": 100566356, "capitalExpenditures": -67855651, "investments": -16529264, "otherCashflowsFromInvestingActivities": 9025144, "totalCashflowsFromInvestingActivities": -74994541, "dividendsPaid": -4332362, "netBorrowings": 49778, "otherCashflowsFromFinancingActivities": -7954965, "totalCashFromFinancingActivities": -12237549, "changeInCash": 13334264}, {"maxAge": 1, "endDate": "2019-03-31", "netIncome": 84027268, "depreciation": 22158380, "changeToNetincome": 1194231, "changeToAccountReceivables": -12873320, "changeToLiabilities": 34387903, "changeToInventory": -34177133, "changeToOperatingActivities": -6721321, "totalCashFromOperatingActivities": 87996004, "capitalExpenditures": -33353019, "investments": -13316300, "otherCashflowsFromInvestingActivities": 5613620, "totalCashflowsFromInvestingActivities": -39302879, "dividendsPaid": -3938511, "netBorrowings": -34611301, "otherCashflowsFromFinancingActivities": -10089406, "totalCashFromFinancingActivities": -48639218, "changeInCash": 53905}, {"maxAge": 1, "endDate": "2018-03-31", "netIncome": 35631532, "depreciation": 19378999, "changeToNetincome": 16375475, "changeToAccountReceivables": -27138000, "changeToLiabilities": 9609000, "changeToInventory": 10297000, "changeToOperatingActivities": 2619000, "totalCashFromOperatingActivities": 66772998, "capitalExpenditures": -48917000, "investments": -15200000, "otherCashflowsFromInvestingActivities": 5523000, "totalCashflowsFromInvestingActivities": -44304000, "dividendsPaid": -3938511, "netBorrowings": -15070000, "otherCashflowsFromFinancingActivities": -13991000, "totalCashFromFinancingActivities": -29061000, "changeInCash": -6592000}, {"maxAge": 1, "endDate": "2017-03-31", "netIncome": 21357219, "depreciation": 16592000, "changeToNetincome": 8358784, "changeToAccountReceivables": 27403000, "changeToLiabilities": 3403000, "changeToInventory": -9985000, "changeToOperatingActivities": -3900000, "totalCashFromOperatingActivities": 63228999, "capitalExpenditures": -59199000, "investments": -1600000, "otherCashflowsFromInvestingActivities": 3361000, "totalCashflowsFromInvestingActivities": -57179000, "dividendsPaid": -3938511, "netBorrowings": 10545000, "otherCashflowsFromFinancingActivities": -14673000, "totalCashFromFinancingActivities": -4128000, "changeInCash": 1922000}], "maxAge": 86400}, "institutionOwnership": {"maxAge": 1, "ownershipList": []}, "balanceSheetHistoryQuarterly": {"balanceSheetStatements": [{"maxAge": 1, "endDate": "2020-03-31", "cash": 25943792, "netReceivables": 187772862, "inventory": 162495288, "otherCurrentAssets": 2154145, "totalCurrentAssets": 378366087, "longTermInvestments": 46645565, "propertyPlantEquipment": 345629003, "otherAssets": 8680013, "totalAssets": 779320668, "accountsPayable": 113245586, "otherCurrentLiab": 17157898, "longTermDebt": 31785222, "otherLiab": 25845567, "totalCurrentLiabilities": 208431216, "totalLiab": 266062005, "commonStock": 39385110, "retainedEarnings": 451598562, "treasuryStock": 247000, "capitalSurplus": 22028000, "otherStockholderEquity": 247000, "totalStockholderEquity": 513258672, "netTangibleAssets": 513258672}, {"maxAge": 1, "endDate": "2019-12-31", "totalStockholderEquity": 430518000, "netTangibleAssets": 430518000}, {"maxAge": 1, "endDate": "2019-09-30", "cash": 14426000, "netReceivables": 154148000, "inventory": 173996000, "otherCurrentAssets": 1636000, "totalCurrentAssets": 344206000, "longTermInvestments": 36325000, "propertyPlantEquipment": 314097000, "otherAssets": 8095000, "totalAssets": 702723000, "accountsPayable": 141533000, "otherCurrentLiab": 40670000, "longTermDebt": 40345000, "otherLiab": 26259000, "totalCurrentLiabilities": 205601000, "totalLiab": 272205000, "commonStock": 39632000, "treasuryStock": 390886000, "otherStockholderEquity": 390886000, "totalStockholderEquity": 430518000, "netTangibleAssets": 430518000}, {"maxAge": 1, "endDate": "2019-06-30", "totalStockholderEquity": 377664000, "netTangibleAssets": 377664000}], "maxAge": 86400}, "indexTrend": {"maxAge": 1, "symbol": "SP5", "peRatio": 19.7411, "pegRatio": 1.34172, "estimates": [{"period": "0q", "growth": 0.549}, {"period": "+1q", "growth": 0.431}, {"period": "0y", "growth": 0.305}, {"period": "+1y", "growth": 0.109}, {"period": "+5y", "growth": 0.120859005}, {"period": "-5y"}]}, "insiderTransactions": {"transactions": [{"maxAge": 1, "shares": 105000, "filerUrl": "", "transactionText": "", "filerName": "Bhatia (Kamla)", "filerRelation": "Promoter", "moneyText": "", "startDate": "2020-05-22", "ownership": "D"}, {"maxAge": 1, "shares": 105000, "filerUrl": "", "transactionText": "", "filerName": "Bhatia (Kundan Lal)", "filerRelation": "Executive Chairman", "moneyText": "", "startDate": "2020-05-22", "ownership": "D"}, {"maxAge": 1, "shares": 144712, "filerUrl": "", "transactionText": "", "filerName": "Bhatia (Kamla)", "filerRelation": "Promoter", "moneyText": "", "startDate": "2019-05-13", "ownership": "D"}, {"maxAge": 1, "shares": 41075, "filerUrl": "", "transactionText": "", "filerName": "Bhatia (Kundan Lal) HUF", "filerRelation": "Promoter", "moneyText": "", "startDate": "2019-05-13", "ownership": "D"}, {"maxAge": 1, "shares": 94148, "filerUrl": "", "transactionText": "", "filerName": "Bhatia (Kundan Lal)", "filerRelation": "Promoter", "moneyText": "", "startDate": "2019-05-13", "ownership": "D"}, {"maxAge": 1, "shares": 16097, "filerUrl": "", "transactionText": "", "filerName": "Bhatia (Chandan)", "filerRelation": "Promoter", "moneyText": "", "startDate": "2019-05-13", "ownership": "D"}, {"maxAge": 1, "shares": 24780, "filerUrl": "", "transactionText": "", "filerName": "Bhatia (Manu)", "filerRelation": "Promoter", "moneyText": "", "startDate": "2018-11-20", "ownership": "D"}, {"maxAge": 1, "shares": 86780, "filerUrl": "", "transactionText": "", "filerName": "Bhatia (Kamla)", "filerRelation": "Promoter", "moneyText": "", "startDate": "2018-11-20", "ownership": "D"}, {"maxAge": 1, "shares": 0, "filerUrl": "", "transactionText": "", "filerName": "Bhatia (Kamla)", "filerRelation": "Promoter", "moneyText": "", "startDate": "2018-11-20", "ownership": "I"}, {"maxAge": 1, "shares": 0, "filerUrl": "", "transactionText": "", "filerName": "Bhatia (Chandan)", "filerRelation": "Promoter", "moneyText": "", "startDate": "2018-11-20", "ownership": "I"}, {"maxAge": 1, "shares": 62000, "filerUrl": "", "transactionText": "", "filerName": "Bhatia (Chandan)", "filerRelation": "Promoter", "moneyText": "", "startDate": "2018-11-20", "ownership": "D"}, {"maxAge": 1, "shares": 0, "filerUrl": "", "transactionText": "", "filerName": "Bhatia (Manu)", "filerRelation": "Promoter", "moneyText": "", "startDate": "2018-11-20", "ownership": "I"}], "maxAge": 1}, "quoteType": {"exchange": "BSE", "quoteType": "EQUITY", "symbol": "FRONTSP.BO", "underlyingSymbol": "FRONTSP.BO", "shortName": "FRONTIER SPRINGS LTD.", "longName": "Frontier Springs Limited", "firstTradeDateEpochUtc": "2000-01-03 09:15:00", "timeZoneFullName": "Asia/Kolkata", "timeZoneShortName": "IST", "uuid": "0750865c-49d6-3689-987e-bae1a66e3f38", "messageBoardId": null, "gmtOffSetMilliseconds": 19800000, "maxAge": 1}, "incomeStatementHistory": {"incomeStatementHistory": [{"maxAge": 1, "endDate": "2020-03-31", "totalRevenue": 998748221, "costOfRevenue": 621009490, "grossProfit": 377738731, "researchDevelopment": {}, "sellingGeneralAdministrative": 33568403, "nonRecurring": {}, "otherOperatingExpenses": 142478065, "totalOperatingExpenses": 820993376, "operatingIncome": 177754845, "totalOtherIncomeExpenseNet": -2131708, "ebit": 177754845, "interestExpense": -6494630, "incomeBeforeTax": 175623137, "incomeTaxExpense": 35217041, "minorityInterest": {}, "netIncomeFromContinuingOps": 140406096, "discontinuedOperations": {}, "extraordinaryItems": {}, "effectOfAccountingCharges": {}, "otherItems": {}, "netIncome": 140406096, "netIncomeApplicableToCommonShares": 140406096}, {"maxAge": 1, "endDate": "2019-03-31", "totalRevenue": 832727585, "costOfRevenue": 547050534, "grossProfit": 285677051, "researchDevelopment": {}, "sellingGeneralAdministrative": 27976927, "nonRecurring": {}, "otherOperatingExpenses": 124621805, "totalOperatingExpenses": 721807646, "operatingIncome": 110919939, "totalOtherIncomeExpenseNet": -7901767, "ebit": 110919939, "interestExpense": -8318683, "incomeBeforeTax": 103018172, "incomeTaxExpense": 18990904, "minorityInterest": {}, "netIncomeFromContinuingOps": 84027268, "discontinuedOperations": {}, "extraordinaryItems": {}, "effectOfAccountingCharges": {}, "otherItems": {}, "netIncome": 84027268, "netIncomeApplicableToCommonShares": 84027268}, {"maxAge": 1, "endDate": "2018-03-31", "totalRevenue": 596068723, "costOfRevenue": 395069207, "grossProfit": 200999516, "researchDevelopment": {}, "sellingGeneralAdministrative": 23770110, "nonRecurring": {}, "otherOperatingExpenses": 90440651, "totalOperatingExpenses": 528658494, "operatingIncome": 67410229, "totalOtherIncomeExpenseNet": -12466294, "ebit": 67410229, "interestExpense": -13231987, "incomeBeforeTax": 54943935, "incomeTaxExpense": 19312403, "minorityInterest": {}, "netIncomeFromContinuingOps": 35631532, "discontinuedOperations": {}, "extraordinaryItems": {}, "effectOfAccountingCharges": {}, "otherItems": {}, "netIncome": 35631532, "netIncomeApplicableToCommonShares": 35631532}, {"maxAge": 1, "endDate": "2017-03-31", "totalRevenue": 487708736, "costOfRevenue": 335434826, "grossProfit": 152273910, "researchDevelopment": {}, "sellingGeneralAdministrative": 21473147, "nonRecurring": {}, "otherOperatingExpenses": 79203067, "totalOperatingExpenses": 452703547, "operatingIncome": 35005189, "totalOtherIncomeExpenseNet": -11773153, "ebit": 35005189, "interestExpense": -14262900, "incomeBeforeTax": 23232036, "incomeTaxExpense": 1874817, "minorityInterest": {}, "netIncomeFromContinuingOps": 21357219, "discontinuedOperations": {}, "extraordinaryItems": {}, "effectOfAccountingCharges": {}, "otherItems": {}, "netIncome": 21357219, "netIncomeApplicableToCommonShares": 21357219}], "maxAge": 86400}, "fundOwnership": {"maxAge": 1, "ownershipList": []}, "summaryDetail": {"maxAge": 1, "priceHint": 2, "previousClose": 261.55, "open": 260.0, "dayLow": 250.2, "dayHigh": 263.0, "regularMarketPreviousClose": 261.55, "regularMarketOpen": 260.0, "regularMarketDayLow": 250.2, "regularMarketDayHigh": 263.0, "trailingPE": 7.255259, "volume": 3926, "regularMarketVolume": 3926, "averageVolume": 12528, "averageVolume10days": 9380, "averageDailyVolume10Day": 9380, "bid": 0.0, "ask": 258.65, "bidSize": 0, "askSize": 0, "marketCap": 1018695616, "fiftyTwoWeekLow": 165.1, "fiftyTwoWeekHigh": 380.0, "fiftyDayAverage": 324.2309, "twoHundredDayAverage": 311.35074, "trailingAnnualDividendRate": 1.1, "trailingAnnualDividendYield": 0.004205697, "currency": "INR", "fromCurrency": null, "toCurrency": null, "lastMarket": null, "algorithm": null, "tradeable": false}, "incomeStatementHistoryQuarterly": {"incomeStatementHistory": [{"maxAge": 1, "endDate": "2020-03-31", "totalRevenue": 218229221, "costOfRevenue": 294783490, "grossProfit": -76554269, "researchDevelopment": {}, "sellingGeneralAdministrative": 11939403, "nonRecurring": {}, "otherOperatingExpenses": -138075935, "totalOperatingExpenses": 174141376, "operatingIncome": 44087845, "totalOtherIncomeExpenseNet": 3070292, "ebit": 44087845, "interestExpense": -1292630, "incomeBeforeTax": 47158137, "incomeTaxExpense": 1522041, "minorityInterest": {}, "netIncomeFromContinuingOps": 45636096, "discontinuedOperations": {}, "extraordinaryItems": {}, "effectOfAccountingCharges": {}, "otherItems": {}, "netIncome": 45636096, "netIncomeApplicableToCommonShares": 45636096}, {"maxAge": 1, "endDate": "2019-12-31", "totalRevenue": 285392000, "costOfRevenue": 114201000, "grossProfit": 171191000, "researchDevelopment": {}, "sellingGeneralAdministrative": 8001000, "nonRecurring": {}, "otherOperatingExpenses": 98079000, "totalOperatingExpenses": 226617000, "operatingIncome": 58775000, "totalOtherIncomeExpenseNet": -1293000, "ebit": 58775000, "interestExpense": -1293000, "incomeBeforeTax": 57482000, "incomeTaxExpense": 14757000, "minorityInterest": {}, "netIncomeFromContinuingOps": 42725000, "discontinuedOperations": {}, "extraordinaryItems": {}, "effectOfAccountingCharges": {}, "otherItems": {}, "netIncome": 42725000, "netIncomeApplicableToCommonShares": 42725000}, {"maxAge": 1, "endDate": "2019-09-30", "totalRevenue": 252232000, "costOfRevenue": 105612000, "grossProfit": 146620000, "researchDevelopment": {}, "sellingGeneralAdministrative": 6762000, "nonRecurring": {}, "otherOperatingExpenses": 97219000, "totalOperatingExpenses": 215667000, "operatingIncome": 36565000, "totalOtherIncomeExpenseNet": -2038000, "ebit": 36565000, "interestExpense": -2038000, "incomeBeforeTax": 34527000, "incomeTaxExpense": 9837000, "minorityInterest": {}, "netIncomeFromContinuingOps": 24690000, "discontinuedOperations": {}, "extraordinaryItems": {}, "effectOfAccountingCharges": {}, "otherItems": {}, "netIncome": 24690000, "netIncomeApplicableToCommonShares": 24690000}, {"maxAge": 1, "endDate": "2019-06-30", "totalRevenue": 242895000, "costOfRevenue": 106413000, "grossProfit": 136482000, "researchDevelopment": {}, "sellingGeneralAdministrative": 6866000, "nonRecurring": {}, "otherOperatingExpenses": 85254000, "totalOperatingExpenses": 204566000, "operatingIncome": 38329000, "totalOtherIncomeExpenseNet": -1873000, "ebit": 38329000, "interestExpense": -1873000, "incomeBeforeTax": 36456000, "incomeTaxExpense": 9101000, "minorityInterest": {}, "netIncomeFromContinuingOps": 27355000, "discontinuedOperations": {}, "extraordinaryItems": {}, "effectOfAccountingCharges": {}, "otherItems": {}, "netIncome": 27355000, "netIncomeApplicableToCommonShares": 27355000}], "maxAge": 86400}, "cashflowStatementHistoryQuarterly": {"cashflowStatements": [{"maxAge": 1, "endDate": "2020-03-31", "netIncome": 45636096, "changeToLiabilities": 0}, {"maxAge": 1, "endDate": "2019-12-31", "netIncome": 42725000, "changeToLiabilities": 0}, {"maxAge": 1, "endDate": "2019-09-30", "netIncome": 24690000, "changeToLiabilities": 0}, {"maxAge": 1, "endDate": "2019-06-30", "netIncome": 27355000, "changeToLiabilities": 0}], "maxAge": 86400}, "insiderHolders": {"holders": [{"maxAge": 1, "name": "Bhatia (Chandan)", "relation": "Promoter", "url": "", "transactionDescription": "Gift", "latestTransDate": "2019-05-13", "positionDirect": 6500, "positionDirectDate": "2019-05-13"}, {"maxAge": 1, "name": "Bhatia (Kamla)", "relation": "Promoter", "url": "", "transactionDescription": "Gift", "latestTransDate": "2020-05-22", "positionDirect": 505321, "positionDirectDate": "2020-05-22"}, {"maxAge": 1, "name": "Bhatia (Kundan Lal)", "relation": "Executive Chairman", "url": "", "transactionDescription": "Gift", "latestTransDate": "2020-05-22", "positionDirect": 133500, "positionDirectDate": "2020-05-22"}, {"maxAge": 1, "name": "Bhatia (Kundan Lal) HUF", "relation": "Promoter", "url": "", "transactionDescription": "Gift", "latestTransDate": "2019-05-13", "positionDirect": 0, "positionDirectDate": "2019-05-13"}, {"maxAge": 1, "name": "Bhatia (Manu)", "relation": "Promoter", "url": "", "transactionDescription": "Gift", "latestTransDate": "2018-11-20", "positionDirect": 6500, "positionDirectDate": "2018-11-20"}], "maxAge": 1}, "calendarEvents": {"maxAge": 1, "earnings": {"earningsDate": ["2020-08-13 05:30:S"]}}, "price": {"maxAge": 1, "regularMarketChangePercent": -0.011087723, "regularMarketChange": -2.899994, "regularMarketTime": "2021-04-30 15:40:03", "priceHint": 2, "regularMarketPrice": 258.65, "regularMarketDayHigh": 263.0, "regularMarketDayLow": 250.2, "regularMarketVolume": 3926, "averageDailyVolume10Day": 9380, "averageDailyVolume3Month": 12528, "regularMarketPreviousClose": 261.55, "regularMarketSource": "FREE_REALTIME", "regularMarketOpen": 260.0, "exchange": "BSE", "exchangeName": "BSE", "exchangeDataDelayedBy": 0, "marketState": "CLOSED", "quoteType": "EQUITY", "symbol": "FRONTSP.BO", "underlyingSymbol": null, "shortName": "FRONTIER SPRINGS LTD.", "longName": "Frontier Springs Limited", "currency": "INR", "quoteSourceName": "Delayed Quote", "currencySymbol": "\u20b9", "fromCurrency": null, "toCurrency": null, "lastMarket": null, "marketCap": 1018695616}, "balanceSheetHistory": {"balanceSheetStatements": [{"maxAge": 1, "endDate": "2020-03-31", "cash": 25943792, "netReceivables": 187772862, "inventory": 162495288, "otherCurrentAssets": 2154145, "totalCurrentAssets": 378366087, "longTermInvestments": 46645565, "propertyPlantEquipment": 345629003, "otherAssets": 8680013, "totalAssets": 779320668, "accountsPayable": 113245586, "otherCurrentLiab": 17157898, "longTermDebt": 31785222, "otherLiab": 25845567, "totalCurrentLiabilities": 208431216, "totalLiab": 266062005, "commonStock": 39385110, "retainedEarnings": 451598562, "treasuryStock": 247000, "capitalSurplus": 22028000, "otherStockholderEquity": 247000, "totalStockholderEquity": 513258672, "netTangibleAssets": 513258672}, {"maxAge": 1, "endDate": "2019-03-31", "cash": 12609527, "netReceivables": 135234456, "inventory": 183954032, "otherCurrentAssets": 5332992, "totalCurrentAssets": 337131007, "longTermInvestments": 30116300, "propertyPlantEquipment": 302076000, "otherAssets": 8546746, "totalAssets": 677870053, "accountsPayable": 148591258, "otherCurrentLiab": 21783027, "longTermDebt": 27712143, "otherLiab": 20813603, "totalCurrentLiabilities": 251680346, "totalLiab": 300206092, "commonStock": 39385110, "retainedEarnings": 316003862, "treasuryStock": 247000, "capitalSurplus": 22028000, "otherStockholderEquity": 247000, "totalStockholderEquity": 377663972, "netTangibleAssets": 377663972}, {"maxAge": 1, "endDate": "2018-03-31", "cash": 12555622, "netReceivables": 113339086, "inventory": 149776899, "otherCurrentAssets": 346047, "totalCurrentAssets": 276017654, "longTermInvestments": 16800000, "propertyPlantEquipment": 292634180, "otherAssets": 9229124, "totalAssets": 594680958, "accountsPayable": 121266911, "otherCurrentLiab": 11861796, "longTermDebt": 57770779, "otherLiab": 24092480, "totalCurrentLiabilities": 215677268, "totalLiab": 297540527, "commonStock": 39385110, "retainedEarnings": 235480328, "treasuryStock": 247000, "capitalSurplus": 22028000, "otherStockholderEquity": 247000, "totalStockholderEquity": 297140438, "netTangibleAssets": 297140438}, {"maxAge": 1, "endDate": "2017-03-31", "cash": 19148176, "netReceivables": 78180837, "inventory": 160074381, "otherCurrentAssets": 3910589, "totalCurrentAssets": 261313983, "longTermInvestments": 1600000, "propertyPlantEquipment": 277385058, "otherAssets": 13923312, "totalAssets": 554222353, "accountsPayable": 112715596, "otherCurrentLiab": 12230106, "longTermDebt": 62572182, "otherLiab": 16730052, "totalCurrentLiabilities": 213411214, "totalLiab": 292713448, "commonStock": 39385110, "retainedEarnings": 199848803, "treasuryStock": 247000, "capitalSurplus": 22028000, "otherStockholderEquity": 247000, "totalStockholderEquity": 261508913, "netTangibleAssets": 261508913}], "maxAge": 86400}, "financialData": {"maxAge": 86400, "currentPrice": 258.65, "recommendationKey": "none", "grossProfits": 377738731, "financialCurrency": "INR"}}}