{"FSC.BO": {"recommendationTrend": {"trend": [{"period": "0m", "strongBuy": 0, "buy": 0, "hold": 0, "sell": 0, "strongSell": 0}, {"period": "-1m", "strongBuy": 0, "buy": 0, "hold": 0, "sell": 0, "strongSell": 0}, {"period": "-2m", "strongBuy": 0, "buy": 0, "hold": 0, "sell": 0, "strongSell": 0}, {"period": "-3m", "strongBuy": 0, "buy": 0, "hold": 0, "sell": 0, "strongSell": 0}], "maxAge": 86400}, "cashflowStatementHistory": {"cashflowStatements": [{"maxAge": 1, "endDate": "2020-03-31", "netIncome": -57312000, "depreciation": 1660852000, "changeToNetincome": 756104000, "changeToAccountReceivables": -4813195000, "changeToLiabilities": 582968000, "changeToInventory": 20087000, "changeToOperatingActivities": -84062000, "totalCashFromOperatingActivities": -1934558000, "capitalExpenditures": -1380616000, "otherCashflowsFromInvestingActivities": 185586000, "totalCashflowsFromInvestingActivities": -3299687000, "dividendsPaid": -60411000, "netBorrowings": 2144588000, "otherCashflowsFromFinancingActivities": -527727000, "totalCashFromFinancingActivities": 4077175000, "changeInCash": -1157070000, "issuanceOfStock": 2520725000}, {"maxAge": 1, "endDate": "2019-03-31", "netIncome": 615300000, "depreciation": 449929000, "changeToNetincome": 123450000, "changeToAccountReceivables": -1136770000, "changeToLiabilities": 837128000, "changeToInventory": -55295000, "changeToOperatingActivities": -204827000, "totalCashFromOperatingActivities": 633207000, "capitalExpenditures": -1858225000, "otherCashflowsFromInvestingActivities": 24860000, "totalCashflowsFromInvestingActivities": -1820473000, "dividendsPaid": -48290000, "netBorrowings": 1745935000, "otherCashflowsFromFinancingActivities": -73161000, "totalCashFromFinancingActivities": 1633188000, "changeInCash": 445922000, "issuanceOfStock": 8704000}, {"maxAge": 1, "endDate": "2018-03-31", "netIncome": 304719000, "depreciation": 496625000, "changeToNetincome": -47247000, "changeToAccountReceivables": -204144000, "changeToLiabilities": 475022000, "changeToInventory": -55295000, "changeToOperatingActivities": -99850000, "totalCashFromOperatingActivities": 925125000, "capitalExpenditures": -904383000, "investments": -99999000, "otherCashflowsFromInvestingActivities": 1811293000, "totalCashflowsFromInvestingActivities": 906704000, "dividendsPaid": -48290000, "netBorrowings": -1447470000, "otherCashflowsFromFinancingActivities": -113072000, "totalCashFromFinancingActivities": -1560542000, "changeInCash": 271287000, "issuanceOfStock": 8704000}, {"maxAge": 1, "endDate": "2017-03-31", "netIncome": 457540000, "depreciation": 188290000, "changeToNetincome": -29670000, "changeToAccountReceivables": 38450000, "changeToLiabilities": -474670000, "changeToInventory": -55295000, "changeToOperatingActivities": 742920000, "totalCashFromOperatingActivities": 925970000, "capitalExpenditures": -788180000, "investments": -99999000, "otherCashflowsFromInvestingActivities": 144440000, "totalCashflowsFromInvestingActivities": -638970000, "dividendsPaid": -48290000, "netBorrowings": 292570000, "otherCashflowsFromFinancingActivities": -127590000, "totalCashFromFinancingActivities": 164980000, "changeInCash": 451980000, "issuanceOfStock": 8704000}], "maxAge": 86400}, "institutionOwnership": {"ownershipList": [], "maxAge": 1}, "balanceSheetHistoryQuarterly": {"balanceSheetStatements": [{"maxAge": 1, "endDate": "2020-06-30", "totalStockholderEquity": 7431645000, "netTangibleAssets": 7410003000}, {"maxAge": 1, "endDate": "2020-03-31", "cash": 30200000, "netReceivables": 8152738000, "inventory": 35208000, "otherCurrentAssets": 2352491000, "totalCurrentAssets": 10570637000, "longTermInvestments": 553539000, "propertyPlantEquipment": 8376181000, "intangibleAssets": 21642000, "otherAssets": 971927000, "totalAssets": 20493926000, "accountsPayable": 3004757000, "otherCurrentLiab": 2068220000, "longTermDebt": 3421073000, "otherLiab": 70594000, "totalCurrentLiabilities": 6972655000, "totalLiab": 13062281000, "commonStock": 438836000, "treasuryStock": 6992809000, "otherStockholderEquity": 6992809000, "totalStockholderEquity": 7431645000, "netTangibleAssets": 7410003000}, {"maxAge": 1, "endDate": "2019-12-31", "totalStockholderEquity": 4937045000, "netTangibleAssets": 4915564000}, {"maxAge": 1, "endDate": "2019-09-30", "cash": 3092550000, "shortTermInvestments": 70000, "netReceivables": 3964210000, "inventory": 53481000, "otherCurrentAssets": 321100000, "totalCurrentAssets": 7431411000, "longTermInvestments": 601134000, "propertyPlantEquipment": 8094784000, "intangibleAssets": 21481000, "otherAssets": 714691000, "totalAssets": 16863501000, "accountsPayable": 3232860000, "otherCurrentLiab": 1676584000, "longTermDebt": 3854596000, "otherLiab": 52482000, "totalCurrentLiabilities": 6213291000, "totalLiab": 11926456000, "commonStock": 400879000, "treasuryStock": 4536166000, "otherStockholderEquity": 4536166000, "totalStockholderEquity": 4937045000, "netTangibleAssets": 4915564000}], "maxAge": 86400}, "earningsHistory": {"history": [{"maxAge": 1, "epsActual": {}, "epsEstimate": {}, "epsDifference": {}, "surprisePercent": {}, "quarter": {}, "period": "-4q"}, {"maxAge": 1, "epsActual": {}, "epsEstimate": {}, "epsDifference": {}, "surprisePercent": {}, "quarter": {}, "period": "-3q"}, {"maxAge": 1, "epsActual": {}, "epsEstimate": {}, "epsDifference": {}, "surprisePercent": {}, "quarter": {}, "period": "-2q"}, {"maxAge": 1, "epsActual": {}, "epsEstimate": {}, "epsDifference": {}, "surprisePercent": {}, "quarter": {}, "period": "-1q"}], "maxAge": 86400}, "indexTrend": {"maxAge": 1, "symbol": "SP5", "peRatio": 19.7411, "pegRatio": 1.34172, "estimates": [{"period": "0q", "growth": 0.549}, {"period": "+1q", "growth": 0.431}, {"period": "0y", "growth": 0.305}, {"period": "+1y", "growth": 0.109}, {"period": "+5y", "growth": 0.120865}, {"period": "-5y"}]}, "industryTrend": {"maxAge": 1, "symbol": null, "estimates": []}, "insiderTransactions": {"transactions": [{"maxAge": 1, "shares": 3025, "value": 14813, "filerUrl": "", "transactionText": "Sale at price 4.90 per share.", "filerName": "Dhruve (Vimal K)", "filerRelation": "UNREPORTED", "moneyText": "", "startDate": "2020-09-22", "ownership": "D"}, {"maxAge": 1, "shares": 1528686, "filerUrl": "", "transactionText": "", "filerName": "L&T Mutual Fund Trustee Ltd", "filerRelation": "Promoter", "moneyText": "", "startDate": "2020-09-10", "ownership": "D"}, {"maxAge": 1, "shares": 3336, "filerUrl": "", "transactionText": "", "filerName": "Prasad (A S R)", "filerRelation": "UNREPORTED", "moneyText": "", "startDate": "2020-02-13", "ownership": "D"}, {"maxAge": 1, "shares": 6300, "filerUrl": "", "transactionText": "", "filerName": "Toshniwal (Mayur)", "filerRelation": "UNREPORTED", "moneyText": "", "startDate": "2019-12-17", "ownership": "D"}, {"maxAge": 1, "shares": 450, "filerUrl": "", "transactionText": "", "filerName": "Dhruve (Vimal K)", "filerRelation": "UNREPORTED", "moneyText": "", "startDate": "2019-06-18", "ownership": "D"}, {"maxAge": 1, "shares": 700, "filerUrl": "", "transactionText": "", "filerName": "Dhruve (Vimal K)", "filerRelation": "UNREPORTED", "moneyText": "", "startDate": "2019-05-13", "ownership": "D"}, {"maxAge": 1, "shares": 0, "filerUrl": "", "transactionText": "", "filerName": "Shome (Sougato)", "filerRelation": "UNREPORTED", "moneyText": "", "startDate": "2019-05-13", "ownership": "I"}, {"maxAge": 1, "shares": 0, "filerUrl": "", "transactionText": "", "filerName": "Dhruve (Vimal K)", "filerRelation": "UNREPORTED", "moneyText": "", "startDate": "2019-05-13", "ownership": "I"}, {"maxAge": 1, "shares": 3320, "filerUrl": "", "transactionText": "", "filerName": "Shome (Sougato)", "filerRelation": "UNREPORTED", "moneyText": "", "startDate": "2019-05-13", "ownership": "D"}, {"maxAge": 1, "shares": 4400, "filerUrl": "", "transactionText": "", "filerName": "Toshniwal (Mayur)", "filerRelation": "UNREPORTED", "moneyText": "", "startDate": "2019-03-19", "ownership": "D"}, {"maxAge": 1, "shares": 600, "filerUrl": "", "transactionText": "", "filerName": "Dhruve (Vimal K)", "filerRelation": "UNREPORTED", "moneyText": "", "startDate": "2019-03-19", "ownership": "D"}, {"maxAge": 1, "shares": 3000, "filerUrl": "", "transactionText": "", "filerName": "Prasad (A S R)", "filerRelation": "UNREPORTED", "moneyText": "", "startDate": "2019-01-24", "ownership": "D"}, {"maxAge": 1, "shares": 4000, "filerUrl": "", "transactionText": "", "filerName": "Toshniwal (Mayur)", "filerRelation": "UNREPORTED", "moneyText": "", "startDate": "2019-01-24", "ownership": "D"}, {"maxAge": 1, "shares": 1250, "filerUrl": "", "transactionText": "", "filerName": "Dhruve (Vimal K)", "filerRelation": "UNREPORTED", "moneyText": "", "startDate": "2019-01-24", "ownership": "D"}, {"maxAge": 1, "shares": 300, "filerUrl": "", "transactionText": "", "filerName": "Toshniwal (Mayur)", "filerRelation": "Managing Director", "moneyText": "", "startDate": "2018-07-02", "ownership": "D"}], "maxAge": 1}, "quoteType": {"exchange": "BSE", "quoteType": "EQUITY", "symbol": "FSC.BO", "underlyingSymbol": "FSC.BO", "shortName": "Future Supply Chain Solutions", "longName": "Future Supply Chain Solutions Limited", "firstTradeDateEpochUtc": "2017-12-18 09:15:00", "timeZoneFullName": "Asia/Kolkata", "timeZoneShortName": "IST", "uuid": "0e489ae2-13b7-39bf-9808-0ae1c37133e0", "gmtOffSetMilliseconds": 19800000, "maxAge": 1}, "incomeStatementHistory": {"incomeStatementHistory": [{"maxAge": 1, "endDate": "2020-03-31", "totalRevenue": 11610267000, "costOfRevenue": 7882231000, "grossProfit": 3728036000, "researchDevelopment": {}, "sellingGeneralAdministrative": {}, "nonRecurring": {}, "otherOperatingExpenses": 1001425000, "totalOperatingExpenses": 10544508000, "operatingIncome": 1065759000, "totalOtherIncomeExpenseNet": -1123071000, "ebit": 1065759000, "interestExpense": -808104000, "incomeBeforeTax": -57312000, "incomeTaxExpense": 0, "minorityInterest": {}, "netIncomeFromContinuingOps": -57312000, "discontinuedOperations": {}, "extraordinaryItems": {}, "effectOfAccountingCharges": {}, "otherItems": {}, "netIncome": -57312000, "netIncomeApplicableToCommonShares": -57312000}, {"maxAge": 1, "endDate": "2019-03-31", "totalRevenue": 12316496000, "costOfRevenue": 8861311000, "grossProfit": 3455185000, "researchDevelopment": {}, "sellingGeneralAdministrative": 1328628000, "nonRecurring": {}, "otherOperatingExpenses": 883432000, "totalOperatingExpenses": 11527592000, "operatingIncome": 788904000, "totalOtherIncomeExpenseNet": -173604000, "ebit": 788904000, "interestExpense": -178483000, "incomeBeforeTax": 615300000, "incomeTaxExpense": 0, "minorityInterest": {}, "netIncomeFromContinuingOps": 615300000, "discontinuedOperations": {}, "extraordinaryItems": {}, "effectOfAccountingCharges": {}, "otherItems": {}, "netIncome": 615300000, "netIncomeApplicableToCommonShares": 615300000}, {"maxAge": 1, "endDate": "2018-03-31", "totalRevenue": 9438698000, "costOfRevenue": 6652229000, "grossProfit": 2786469000, "researchDevelopment": {}, "sellingGeneralAdministrative": 1067504000, "nonRecurring": {}, "otherOperatingExpenses": 817159000, "totalOperatingExpenses": 9033517000, "operatingIncome": 405181000, "totalOtherIncomeExpenseNet": -100462000, "ebit": 405181000, "interestExpense": -159912000, "incomeBeforeTax": 304719000, "incomeTaxExpense": 0, "minorityInterest": {}, "netIncomeFromContinuingOps": 304719000, "discontinuedOperations": {}, "extraordinaryItems": {}, "effectOfAccountingCharges": {}, "otherItems": {}, "netIncome": 304719000, "netIncomeApplicableToCommonShares": 304719000}, {"maxAge": 1, "endDate": "2017-03-31", "totalRevenue": 5611830000, "costOfRevenue": 3774900000, "grossProfit": 1836930000, "researchDevelopment": {}, "sellingGeneralAdministrative": 648600000, "nonRecurring": {}, "otherOperatingExpenses": 445480000, "totalOperatingExpenses": 5060380000, "operatingIncome": 551450000, "totalOtherIncomeExpenseNet": 30470000, "ebit": 551450000, "interestExpense": -127590000, "incomeBeforeTax": 581920000, "incomeTaxExpense": 124380000, "minorityInterest": {}, "netIncomeFromContinuingOps": 457540000, "discontinuedOperations": {}, "extraordinaryItems": {}, "effectOfAccountingCharges": {}, "otherItems": {}, "netIncome": 457540000, "netIncomeApplicableToCommonShares": 457540000}], "maxAge": 86400}, "fundOwnership": {"ownershipList": [], "maxAge": 1}, "summaryDetail": {"maxAge": 1, "priceHint": 2, "previousClose": 79.85, "open": 80.0, "dayLow": 77.2, "dayHigh": 81.7, "regularMarketPreviousClose": 79.85, "regularMarketOpen": 80.0, "regularMarketDayLow": 77.2, "regularMarketDayHigh": 81.7, "forwardPE": 3.558296, "volume": 10833, "regularMarketVolume": 10833, "averageVolume": 24190, "averageVolume10days": 41431, "averageDailyVolume10Day": 41431, "bid": 79.3, "ask": 79.6, "bidSize": 0, "askSize": 0, "marketCap": 3482163712, "fiftyTwoWeekLow": 77.2, "fiftyTwoWeekHigh": 465.0, "fiftyDayAverage": 100.931816, "twoHundredDayAverage": 112.25, "trailingAnnualDividendRate": 1.25, "trailingAnnualDividendYield": 0.015654352, "currency": "INR", "fromCurrency": null, "lastMarket": null, "algorithm": null, "tradeable": false}, "sectorTrend": {"maxAge": 1, "symbol": null, "estimates": []}, "incomeStatementHistoryQuarterly": {"incomeStatementHistory": [{"maxAge": 1, "endDate": "2020-06-30", "totalRevenue": 1053719000, "costOfRevenue": 716298000, "grossProfit": 337421000, "researchDevelopment": {}, "sellingGeneralAdministrative": {}, "nonRecurring": {}, "otherOperatingExpenses": 200374000, "totalOperatingExpenses": 1355717000, "operatingIncome": -301998000, "totalOtherIncomeExpenseNet": -252089000, "ebit": -301998000, "interestExpense": -252089000, "incomeBeforeTax": -554087000, "incomeTaxExpense": 0, "minorityInterest": {}, "netIncomeFromContinuingOps": -554087000, "discontinuedOperations": {}, "extraordinaryItems": {}, "effectOfAccountingCharges": {}, "otherItems": {}, "netIncome": -554087000, "netIncomeApplicableToCommonShares": -554087000}, {"maxAge": 1, "endDate": "2020-03-31", "totalRevenue": 2538144000, "costOfRevenue": 1558948000, "grossProfit": 979196000, "researchDevelopment": {}, "sellingGeneralAdministrative": {}, "nonRecurring": {}, "otherOperatingExpenses": 240826000, "totalOperatingExpenses": 2247779000, "operatingIncome": 290365000, "totalOtherIncomeExpenseNet": -436253000, "ebit": 290365000, "interestExpense": -253580000, "incomeBeforeTax": -145888000, "incomeTaxExpense": 0, "minorityInterest": {}, "netIncomeFromContinuingOps": -145888000, "discontinuedOperations": {}, "extraordinaryItems": {}, "effectOfAccountingCharges": {}, "otherItems": {}, "netIncome": -145888000, "netIncomeApplicableToCommonShares": -145888000}, {"maxAge": 1, "endDate": "2019-12-31", "totalRevenue": 2927338000, "costOfRevenue": 1912436000, "grossProfit": 1014902000, "researchDevelopment": {}, "sellingGeneralAdministrative": {}, "nonRecurring": {}, "otherOperatingExpenses": 264147000, "totalOperatingExpenses": 2588303000, "operatingIncome": 339035000, "totalOtherIncomeExpenseNet": -201048000, "ebit": 339035000, "interestExpense": -236302000, "incomeBeforeTax": 137987000, "incomeTaxExpense": 0, "minorityInterest": {}, "netIncomeFromContinuingOps": 137987000, "discontinuedOperations": {}, "extraordinaryItems": {}, "effectOfAccountingCharges": {}, "otherItems": {}, "netIncome": 137987000, "netIncomeApplicableToCommonShares": 137987000}, {"maxAge": 1, "endDate": "2019-09-30", "totalRevenue": 3139046000, "costOfRevenue": 2221012000, "grossProfit": 918034000, "researchDevelopment": {}, "sellingGeneralAdministrative": {}, "nonRecurring": {}, "otherOperatingExpenses": 263640000, "totalOperatingExpenses": 2896352000, "operatingIncome": 242694000, "totalOtherIncomeExpenseNet": -215379000, "ebit": 242694000, "interestExpense": -155821000, "incomeBeforeTax": 27315000, "incomeTaxExpense": 0, "minorityInterest": {}, "netIncomeFromContinuingOps": 27315000, "discontinuedOperations": {}, "extraordinaryItems": {}, "effectOfAccountingCharges": {}, "otherItems": {}, "netIncome": 27315000, "netIncomeApplicableToCommonShares": 27315000}], "maxAge": 86400}, "cashflowStatementHistoryQuarterly": {"cashflowStatements": [{"maxAge": 1, "endDate": "2020-06-30", "netIncome": -554087000, "changeToLiabilities": 0}, {"maxAge": 1, "endDate": "2020-03-31", "netIncome": -145888000, "changeToLiabilities": 0}, {"maxAge": 1, "endDate": "2019-12-31", "netIncome": 137987000, "changeToLiabilities": 0}, {"maxAge": 1, "endDate": "2019-09-30", "netIncome": 27315000, "changeToLiabilities": 0}], "maxAge": 86400}, "insiderHolders": {"holders": [{"maxAge": 1, "name": "Dhruve (Vimal K)", "relation": "UNREPORTED", "url": "", "transactionDescription": "Sale", "latestTransDate": "2020-09-22", "positionDirect": 0, "positionDirectDate": "2020-09-22"}, {"maxAge": 1, "name": "L&T Mutual Fund Trustee Ltd", "relation": "Promoter", "url": "", "transactionDescription": "Sale", "latestTransDate": "2020-09-10", "positionDirect": 568160, "positionDirectDate": "2020-09-10"}, {"maxAge": 1, "name": "Prasad (A S R)", "relation": "UNREPORTED", "url": "", "transactionDescription": "Sale", "latestTransDate": "2020-02-13", "positionDirect": 1, "positionDirectDate": "2020-02-13"}, {"maxAge": 1, "name": "Shome (Sougato)", "relation": "UNREPORTED", "url": "", "transactionDescription": "Other", "latestTransDate": "2019-05-13", "positionIndirect": 3342, "positionIndirectDate": 1557705600}, {"maxAge": 1, "name": "Toshniwal (Mayur)", "relation": "UNREPORTED", "url": "", "transactionDescription": "Other", "latestTransDate": "2019-12-17", "positionDirect": 16322, "positionDirectDate": "2019-12-17"}], "maxAge": 1}, "earnings": {"maxAge": 86400, "earningsChart": {"quarterly": [], "earningsDate": ["2020-09-11 05:30:S"]}, "financialsChart": {"yearly": [{"date": 2017, "revenue": 5611830000, "earnings": 457540000}, {"date": 2018, "revenue": 9438698000, "earnings": 304719000}, {"date": 2019, "revenue": 12316496000, "earnings": 615300000}, {"date": 2020, "revenue": 11610267000, "earnings": -57312000}], "quarterly": [{"date": "3Q2019", "revenue": 3139046000, "earnings": 27315000}, {"date": "4Q2019", "revenue": 2927338000, "earnings": 137987000}, {"date": "1Q2020", "revenue": 2538144000, "earnings": -145888000}, {"date": "2Q2020", "revenue": 1053719000, "earnings": -554087000}]}, "financialCurrency": "INR"}, "calendarEvents": {"maxAge": 1, "earnings": {"earningsDate": ["2020-09-11 05:30:S"], "revenueLow": 2224000000, "revenueHigh": 2224000000}}, "upgradeDowngradeHistory": {"history": [], "maxAge": 86400}, "price": {"maxAge": 1, "regularMarketChangePercent": -0.006261741, "regularMarketChange": -0.5, "regularMarketTime": "2021-04-30 15:53:49", "priceHint": 2, "regularMarketPrice": 79.35, "regularMarketDayHigh": 81.7, "regularMarketDayLow": 77.2, "regularMarketVolume": 10833, "averageDailyVolume10Day": 41431, "averageDailyVolume3Month": 24190, "regularMarketPreviousClose": 79.85, "regularMarketSource": "FREE_REALTIME", "regularMarketOpen": 80.0, "exchange": "BSE", "exchangeName": "BSE", "exchangeDataDelayedBy": 0, "marketState": "CLOSED", "quoteType": "EQUITY", "symbol": "FSC.BO", "underlyingSymbol": null, "shortName": "Future Supply Chain Solutions", "longName": "Future Supply Chain Solutions Limited", "currency": "INR", "quoteSourceName": "Delayed Quote", "currencySymbol": "\u20b9", "fromCurrency": null, "lastMarket": null, "marketCap": 3482163712}, "balanceSheetHistory": {"balanceSheetStatements": [{"maxAge": 1, "endDate": "2020-03-31", "cash": 30200000, "netReceivables": 8152738000, "inventory": 35208000, "otherCurrentAssets": 2352491000, "totalCurrentAssets": 10570637000, "longTermInvestments": 553539000, "propertyPlantEquipment": 8376181000, "intangibleAssets": 21642000, "otherAssets": 971927000, "totalAssets": 20493926000, "accountsPayable": 3004757000, "otherCurrentLiab": 2068220000, "longTermDebt": 3421073000, "otherLiab": 70594000, "totalCurrentLiabilities": 6972655000, "totalLiab": 13062281000, "commonStock": 438836000, "treasuryStock": 6992809000, "otherStockholderEquity": 6992809000, "totalStockholderEquity": 7431645000, "netTangibleAssets": 7410003000}, {"maxAge": 1, "endDate": "2019-03-31", "cash": 1236675000, "netReceivables": 3698860000, "inventory": 55295000, "otherCurrentAssets": 149878000, "totalCurrentAssets": 5140708000, "longTermInvestments": 73303000, "propertyPlantEquipment": 4816804000, "intangibleAssets": 18381000, "otherAssets": 1214187000, "totalAssets": 11263383000, "accountsPayable": 2618358000, "otherCurrentLiab": 787290000, "longTermDebt": 2178148000, "otherLiab": 57923000, "totalCurrentLiabilities": 3605348000, "totalLiab": 5841419000, "commonStock": 400811000, "retainedEarnings": 2395891000, "treasuryStock": 468865000, "capitalSurplus": 2156397000, "otherStockholderEquity": 468865000, "totalStockholderEquity": 5421964000, "netTangibleAssets": 5403583000}, {"maxAge": 1, "endDate": "2018-03-31", "cash": 786163000, "netReceivables": 2598071000, "otherCurrentAssets": 269504000, "totalCurrentAssets": 3653738000, "longTermInvestments": 94289000, "propertyPlantEquipment": 3188239000, "intangibleAssets": 21976000, "otherAssets": 771008000, "totalAssets": 7729250000, "accountsPayable": 1794712000, "shortLongTermDebt": 78498000, "otherCurrentLiab": 590932000, "longTermDebt": 251128000, "otherLiab": 62680000, "totalCurrentLiabilities": 2612577000, "totalLiab": 2926385000, "commonStock": 400562000, "retainedEarnings": 2072676000, "treasuryStock": 189295000, "capitalSurplus": 2140332000, "otherStockholderEquity": 189295000, "totalStockholderEquity": 4802865000, "netTangibleAssets": 4780889000}, {"maxAge": 1, "endDate": "2017-03-31", "cash": 470070000, "netReceivables": 2168330000, "otherCurrentAssets": 225250000, "totalCurrentAssets": 2863650000, "propertyPlantEquipment": 1985880000, "intangibleAssets": 9680000, "otherAssets": 235840000, "totalAssets": 5095050000, "accountsPayable": 977870000, "shortLongTermDebt": 71710000, "otherCurrentLiab": 233970000, "longTermDebt": 735370000, "otherLiab": 146960000, "totalCurrentLiabilities": 1284630000, "totalLiab": 2166960000, "commonStock": 391380000, "retainedEarnings": 937200000, "capitalSurplus": 1599510000, "totalStockholderEquity": 2928090000, "netTangibleAssets": 2918410000}], "maxAge": 86400}, "earningsTrend": {"trend": [{"maxAge": 1, "period": "0q", "endDate": "2018-03-31", "growth": {}, "earningsEstimate": {"avg": 0.0, "low": 0.0, "high": 0.0, "yearAgoEps": {}, "numberOfAnalysts": 0, "growth": {}}, "revenueEstimate": {"avg": 0, "low": 2224000000, "high": 2224000000, "numberOfAnalysts": 1, "yearAgoRevenue": {}, "growth": {}}, "epsTrend": {"current": 0.0, "7daysAgo": 4.4, "30daysAgo": 4.4, "60daysAgo": 4.4, "90daysAgo": 4.4}, "epsRevisions": {"upLast7days": 0, "upLast30days": 0, "downLast30days": 0, "downLast90days": {}}}, {"maxAge": 1, "period": "+1q", "endDate": "2018-06-30", "growth": {}, "earningsEstimate": {"avg": 0.0, "low": 0.0, "high": 0.0, "yearAgoEps": {}, "numberOfAnalysts": 0, "growth": {}}, "revenueEstimate": {"avg": 0, "low": 0, "high": 0, "numberOfAnalysts": 0, "yearAgoRevenue": {}, "growth": {}}, "epsTrend": {"current": 0.0, "7daysAgo": 0.0, "30daysAgo": 0.0, "60daysAgo": 0.0, "90daysAgo": 0.0}, "epsRevisions": {"upLast7days": 0, "upLast30days": 0, "downLast30days": 0, "downLast90days": {}}}, {"maxAge": 1, "period": "0y", "endDate": "2018-03-31", "growth": {}, "earningsEstimate": {"avg": 0.0, "low": 0.0, "high": 0.0, "yearAgoEps": {}, "numberOfAnalysts": 0, "growth": {}}, "revenueEstimate": {"avg": 0, "low": 7519000000, "high": 7519000000, "numberOfAnalysts": 1, "yearAgoRevenue": {}, "growth": {}}, "epsTrend": {"current": 0.0, "7daysAgo": 17.85, "30daysAgo": 17.85, "60daysAgo": 17.85, "90daysAgo": 17.85}, "epsRevisions": {"upLast7days": 0, "upLast30days": 0, "downLast30days": 0, "downLast90days": {}}}, {"maxAge": 1, "period": "+1y", "endDate": "2019-03-31", "growth": {}, "earningsEstimate": {"avg": 0.0, "low": 0.0, "high": 0.0, "yearAgoEps": {}, "numberOfAnalysts": 0, "growth": {}}, "revenueEstimate": {"avg": 10909000000, "low": 10909000000, "high": 10909000000, "numberOfAnalysts": 1, "yearAgoRevenue": {}, "growth": {}}, "epsTrend": {"current": 0.0, "7daysAgo": 22.3, "30daysAgo": 22.3, "60daysAgo": 22.3, "90daysAgo": 22.3}, "epsRevisions": {"upLast7days": 0, "upLast30days": 0, "downLast30days": 0, "downLast90days": {}}}, {"maxAge": 1, "period": "+5y", "endDate": null, "growth": 0.32799998, "earningsEstimate": {"avg": {}, "low": {}, "high": {}, "yearAgoEps": {}, "numberOfAnalysts": {}, "growth": {}}, "revenueEstimate": {"avg": {}, "low": {}, "high": {}, "numberOfAnalysts": {}, "yearAgoRevenue": {}, "growth": {}}, "epsTrend": {"current": {}, "7daysAgo": {}, "30daysAgo": {}, "60daysAgo": {}, "90daysAgo": {}}, "epsRevisions": {"upLast7days": {}, "upLast30days": {}, "downLast30days": {}, "downLast90days": {}}}, {"maxAge": 1, "period": "-5y", "endDate": null, "growth": {}, "earningsEstimate": {"avg": {}, "low": {}, "high": {}, "yearAgoEps": {}, "numberOfAnalysts": {}, "growth": {}}, "revenueEstimate": {"avg": {}, "low": {}, "high": {}, "numberOfAnalysts": {}, "yearAgoRevenue": {}, "growth": {}}, "epsTrend": {"current": {}, "7daysAgo": {}, "30daysAgo": {}, "60daysAgo": {}, "90daysAgo": {}}, "epsRevisions": {"upLast7days": {}, "upLast30days": {}, "downLast30days": {}, "downLast90days": {}}}], "maxAge": 1}, "financialData": {"maxAge": 86400, "currentPrice": 79.35, "targetHighPrice": 866.0, "targetLowPrice": 866.0, "targetMeanPrice": 866.0, "targetMedianPrice": 866.0, "recommendationKey": "none", "numberOfAnalystOpinions": 1, "grossProfits": 3728036000, "financialCurrency": "INR"}}}