{"FSC.NS": {"assetProfile": {"address1": "349 Business Point", "address2": "7th Floor Western Express Highway Andheri East", "city": "Mumbai", "zip": "400069", "country": "India", "phone": "91 22 7142 9100", "website": "http://www.futuresupplychains.com", "industry": "Integrated Freight & Logistics", "sector": "Industrials", "longBusinessSummary": "Future Supply Chain Solutions Limited, together with its subsidiary, provides third-party supply chain solutions and logistics services in India. The company offers contract logistics services, such as warehousing and distribution services, as well as other value-added services, including kitting and bundling, unit cartonisation, and packaging solutions; express logistics services, such as point-to-point, less-than truck-load, and time-definite transportation services; and temperature-controlled logistics services comprising cold-chain warehousing, transportation solutions, and long-haul distribution services for perishable products. It serves customers in retail, fashion and apparel, automotive and engineering, food and beverage, fast-moving consumer goods, e-commerce, healthcare, electronics and technology, home and furniture, ATM, and general merchandise sectors. Future Supply Chain Solutions Limited operates 74 distribution centers. The company was formerly known as Future Logistic Solutions Limited and changed its name to Future Supply Chain Solutions Limited in October 2009. The company was incorporated in 2006 and is based in Mumbai, India.", "fullTimeEmployees": 1384, "companyOfficers": [{"maxAge": 1, "name": "Mr. Mayur  Toshniwal", "age": 52, "title": "MD & Exec. Director", "yearBorn": 1968, "fiscalYear": 2020, "totalPay": 20518000, "exercisedValue": 0, "unexercisedValue": 0}, {"maxAge": 1, "name": "Mr. Samir  Kedia", "age": 41, "title": "Chief Financial Officer", "yearBorn": 1979, "exercisedValue": 0, "unexercisedValue": 0}, {"maxAge": 1, "name": "Divyansh  Rathore", "age": 48, "title": "VP of Operations", "yearBorn": 1972, "exercisedValue": 0, "unexercisedValue": 0}, {"maxAge": 1, "name": "A.S.R.  Prasad", "age": 49, "title": "VP", "yearBorn": 1971, "exercisedValue": 0, "unexercisedValue": 0}, {"maxAge": 1, "name": "Mr. Hariharan  Parameswaran", "age": 51, "title": "VP", "yearBorn": 1969, "exercisedValue": 0, "unexercisedValue": 0}, {"maxAge": 1, "name": "Ms. Nupur  Agarwal", "title": "Head of Investor Relations", "exercisedValue": 0, "unexercisedValue": 0}, {"maxAge": 1, "name": "Sanjeev  Mandal", "title": "Exec. Officer", "fiscalYear": 2018, "exercisedValue": 0, "unexercisedValue": 0}], "compensationAsOfEpochDate": "2020-12-31 05:30:00", "maxAge": 86400}, "recommendationTrend": {"trend": [{"period": "0m", "strongBuy": 0, "buy": 0, "hold": 0, "sell": 0, "strongSell": 0}, {"period": "-1m", "strongBuy": 0, "buy": 0, "hold": 0, "sell": 0, "strongSell": 0}, {"period": "-2m", "strongBuy": 0, "buy": 0, "hold": 0, "sell": 0, "strongSell": 0}, {"period": "-3m", "strongBuy": 0, "buy": 0, "hold": 0, "sell": 0, "strongSell": 0}], "maxAge": 86400}, "cashflowStatementHistory": {"cashflowStatements": [{"maxAge": 1, "endDate": "2020-03-31", "netIncome": -57312000, "depreciation": 1658483000, "changeToNetincome": 756104000, "changeToAccountReceivables": -4813195000, "changeToLiabilities": 582968000, "changeToInventory": 20087000, "changeToOperatingActivities": -84062000, "totalCashFromOperatingActivities": -1934558000, "capitalExpenditures": -1380616000, "otherCashflowsFromInvestingActivities": 185586000, "totalCashflowsFromInvestingActivities": -3299687000, "dividendsPaid": -60411000, "netBorrowings": 2144588000, "otherCashflowsFromFinancingActivities": -527727000, "totalCashFromFinancingActivities": 4077175000, "changeInCash": -1157070000, "issuanceOfStock": 2520725000}, {"maxAge": 1, "endDate": "2019-03-31", "netIncome": 615300000, "depreciation": 449929000, "changeToNetincome": 181903000, "changeToAccountReceivables": -1147489000, "changeToLiabilities": 827476000, "changeToInventory": -55295000, "changeToOperatingActivities": -232700000, "totalCashFromOperatingActivities": 643416000, "capitalExpenditures": -1858226000, "otherCashflowsFromInvestingActivities": 24860000, "totalCashflowsFromInvestingActivities": -1820474000, "dividendsPaid": -48290000, "netBorrowings": 1746077000, "otherCashflowsFromFinancingActivities": -73161000, "totalCashFromFinancingActivities": 1633330000, "changeInCash": 456272000, "issuanceOfStock": 8704000}, {"maxAge": 1, "endDate": "2018-03-31", "netIncome": 304719000, "depreciation": 496625000, "changeToNetincome": -47247000, "changeToAccountReceivables": -204144000, "changeToLiabilities": 475022000, "changeToInventory": -55295000, "changeToOperatingActivities": -99850000, "totalCashFromOperatingActivities": 925125000, "capitalExpenditures": -904383000, "investments": -99999000, "otherCashflowsFromInvestingActivities": 1811293000, "totalCashflowsFromInvestingActivities": 906704000, "dividendsPaid": -48290000, "netBorrowings": -1447470000, "otherCashflowsFromFinancingActivities": -113072000, "totalCashFromFinancingActivities": -1560542000, "changeInCash": 271287000, "issuanceOfStock": 8704000}, {"maxAge": 1, "endDate": "2017-03-31", "netIncome": 457540000, "depreciation": 188290000, "changeToNetincome": -29670000, "changeToAccountReceivables": 38450000, "changeToLiabilities": -474670000, "changeToInventory": -55295000, "changeToOperatingActivities": 742920000, "totalCashFromOperatingActivities": 925970000, "capitalExpenditures": -788180000, "investments": -99999000, "otherCashflowsFromInvestingActivities": 144440000, "totalCashflowsFromInvestingActivities": -638970000, "dividendsPaid": -48290000, "netBorrowings": 292570000, "otherCashflowsFromFinancingActivities": -127590000, "totalCashFromFinancingActivities": 164980000, "changeInCash": 451980000, "issuanceOfStock": 8704000}], "maxAge": 86400}, "indexTrend": {"maxAge": 1, "symbol": "SP5", "peRatio": 19.7411, "pegRatio": 1.34172, "estimates": [{"period": "0q", "growth": 0.549}, {"period": "+1q", "growth": 0.431}, {"period": "0y", "growth": 0.305}, {"period": "+1y", "growth": 0.109}, {"period": "+5y", "growth": 0.120865}, {"period": "-5y"}]}, "defaultKeyStatistics": {"maxAge": 1, "priceHint": 2, "enterpriseValue": 9538003968, "forwardPE": 3.3179917, "profitMargins": -0.32015, "floatShares": 22560940, "sharesOutstanding": 43883600, "heldPercentInsiders": 0.49519002, "heldPercentInstitutions": 0.012949999, "beta": 1.477295, "category": null, "bookValue": 140.995, "priceToBook": 0.56243134, "fundFamily": null, "legalType": null, "lastFiscalYearEnd": "2020-03-31 05:30:00", "nextFiscalYearEnd": "2022-03-31 05:30:00", "mostRecentQuarter": "2020-12-31 05:30:00", "netIncomeToCommon": -1800294016, "trailingEps": -41.007, "forwardEps": 23.9, "lastSplitFactor": null, "enterpriseToRevenue": 1.696, "enterpriseToEbitda": -57.875, "52WeekChange": -0.37706208, "SandP52WeekChange": 0.48148263, "lastDividendValue": 1.25, "lastDividendDate": 1564012800}, "industryTrend": {"maxAge": 1, "symbol": null, "estimates": []}, "quoteType": {"exchange": "NSI", "quoteType": "EQUITY", "symbol": "FSC.NS", "underlyingSymbol": "FSC.NS", "shortName": "FUTURE SUPPLY CHAI", "longName": "Future Supply Chain Solutions Limited", "firstTradeDateEpochUtc": "2017-12-18 09:15:00", "timeZoneFullName": "Asia/Kolkata", "timeZoneShortName": "IST", "uuid": "f14d8044-221d-373c-b7f2-14ff8508e825", "messageBoardId": "finmb_30902339", "gmtOffSetMilliseconds": 19800000, "maxAge": 1}, "incomeStatementHistory": {"incomeStatementHistory": [{"maxAge": 1, "endDate": "2020-03-31", "totalRevenue": 11409771000, "costOfRevenue": 7997263000, "grossProfit": 3412508000, "researchDevelopment": {}, "sellingGeneralAdministrative": 2854000, "nonRecurring": {}, "otherOperatingExpenses": 853994000, "totalOperatingExpenses": 10514963000, "operatingIncome": 894808000, "totalOtherIncomeExpenseNet": -952120000, "ebit": 894808000, "interestExpense": -808104000, "incomeBeforeTax": -57312000, "incomeTaxExpense": 0, "minorityInterest": {}, "netIncomeFromContinuingOps": -57312000, "discontinuedOperations": {}, "extraordinaryItems": {}, "effectOfAccountingCharges": {}, "otherItems": {}, "netIncome": -57312000, "netIncomeApplicableToCommonShares": -57312000}, {"maxAge": 1, "endDate": "2019-03-31", "totalRevenue": 12284185000, "costOfRevenue": 10165605000, "grossProfit": 2118580000, "researchDevelopment": {}, "sellingGeneralAdministrative": 24334000, "nonRecurring": {}, "otherOperatingExpenses": 882662000, "totalOperatingExpenses": 11526822000, "operatingIncome": 757363000, "totalOtherIncomeExpenseNet": -142063000, "ebit": 757363000, "interestExpense": -178483000, "incomeBeforeTax": 615300000, "incomeTaxExpense": 0, "minorityInterest": {}, "netIncomeFromContinuingOps": 615300000, "discontinuedOperations": {}, "extraordinaryItems": {}, "effectOfAccountingCharges": {}, "otherItems": {}, "netIncome": 615300000, "netIncomeApplicableToCommonShares": 615300000}, {"maxAge": 1, "endDate": "2018-03-31", "totalRevenue": 9432260000, "costOfRevenue": 6652229000, "grossProfit": 2780031000, "researchDevelopment": {}, "sellingGeneralAdministrative": 1067504000, "nonRecurring": {}, "otherOperatingExpenses": 810721000, "totalOperatingExpenses": 9027079000, "operatingIncome": 405181000, "totalOtherIncomeExpenseNet": -100462000, "ebit": 405181000, "interestExpense": -159912000, "incomeBeforeTax": 304719000, "incomeTaxExpense": 0, "minorityInterest": {}, "netIncomeFromContinuingOps": 304719000, "discontinuedOperations": {}, "extraordinaryItems": {}, "effectOfAccountingCharges": {}, "otherItems": {}, "netIncome": 304719000, "netIncomeApplicableToCommonShares": 304719000}, {"maxAge": 1, "endDate": "2017-03-31", "totalRevenue": 5611830000, "costOfRevenue": 3774900000, "grossProfit": 1836930000, "researchDevelopment": {}, "sellingGeneralAdministrative": 648600000, "nonRecurring": {}, "otherOperatingExpenses": 445480000, "totalOperatingExpenses": 5060380000, "operatingIncome": 551450000, "totalOtherIncomeExpenseNet": 30470000, "ebit": 551450000, "interestExpense": -127590000, "incomeBeforeTax": 581920000, "incomeTaxExpense": 124380000, "minorityInterest": {}, "netIncomeFromContinuingOps": 457540000, "discontinuedOperations": {}, "extraordinaryItems": {}, "effectOfAccountingCharges": {}, "otherItems": {}, "netIncome": 457540000, "netIncomeApplicableToCommonShares": 457540000}], "maxAge": 86400}, "fundOwnership": {"maxAge": 1, "ownershipList": []}, "summaryDetail": {"maxAge": 1, "priceHint": 2, "previousClose": 79.8, "open": 80.8, "dayLow": 78.3, "dayHigh": 80.8, "regularMarketPreviousClose": 79.8, "regularMarketOpen": 80.8, "regularMarketDayLow": 78.3, "regularMarketDayHigh": 80.8, "exDividendDate": "2019-07-25 05:30:00", "payoutRatio": 0.0, "beta": 1.477295, "forwardPE": 3.3179917, "volume": 38753, "regularMarketVolume": 38753, "averageVolume": 83913, "averageVolume10days": 65135, "averageDailyVolume10Day": 65135, "bid": 0.0, "ask": 0.0, "bidSize": 0, "askSize": 0, "marketCap": 3482150400, "fiftyTwoWeekLow": 60.05, "fiftyTwoWeekHigh": 222.0, "priceToSalesTrailing12Months": 0.6192316, "fiftyDayAverage": 76.55556, "twoHundredDayAverage": 91.60104, "trailingAnnualDividendRate": 1.25, "trailingAnnualDividendYield": 0.01566416, "currency": "INR", "fromCurrency": null, "toCurrency": null, "lastMarket": null, "algorithm": null, "tradeable": false}, "insiderHolders": {"holders": [{"maxAge": 1, "name": "Dhruve (Vimal K)", "relation": "UNREPORTED", "url": "", "transactionDescription": "Sale", "latestTransDate": "2020-09-22", "positionDirect": 0, "positionDirectDate": "2020-09-22"}, {"maxAge": 1, "name": "L&T Mutual Fund Trustee Ltd", "relation": "Promoter", "url": "", "transactionDescription": "Sale", "latestTransDate": "2020-09-10", "positionDirect": 568160, "positionDirectDate": "2020-09-10"}, {"maxAge": 1, "name": "Prasad (A S R)", "relation": "UNREPORTED", "url": "", "transactionDescription": "Sale", "latestTransDate": "2020-02-13", "positionDirect": 1, "positionDirectDate": "2020-02-13"}, {"maxAge": 1, "name": "Shome (Sougato)", "relation": "UNREPORTED", "url": "", "transactionDescription": "Other", "latestTransDate": "2019-05-13", "positionIndirect": 3342, "positionIndirectDate": 1557705600}, {"maxAge": 1, "name": "Toshniwal (Mayur)", "relation": "UNREPORTED", "url": "", "transactionDescription": "Other", "latestTransDate": "2019-12-17", "positionDirect": 16322, "positionDirectDate": "2019-12-17"}], "maxAge": 1}, "calendarEvents": {"maxAge": 1, "earnings": {"earningsDate": [], "revenueLow": 2224000000, "revenueHigh": 2224000000}, "exDividendDate": "2019-07-25 05:30:00"}, "price": {"maxAge": 1, "regularMarketChangePercent": -0.006265664, "regularMarketChange": -0.5, "regularMarketTime": "2021-04-30 15:29:57", "priceHint": 2, "regularMarketPrice": 79.3, "regularMarketDayHigh": 80.8, "regularMarketDayLow": 78.3, "regularMarketVolume": 38753, "averageDailyVolume10Day": 65135, "averageDailyVolume3Month": 83913, "regularMarketPreviousClose": 79.8, "regularMarketSource": "FREE_REALTIME", "regularMarketOpen": 80.8, "exchange": "NSI", "exchangeName": "NSE", "exchangeDataDelayedBy": 15, "marketState": "CLOSED", "quoteType": "EQUITY", "symbol": "FSC.NS", "underlyingSymbol": null, "shortName": "FUTURE SUPPLY CHAI", "longName": "Future Supply Chain Solutions Limited", "currency": "INR", "quoteSourceName": "Delayed Quote", "currencySymbol": "\u20b9", "fromCurrency": null, "toCurrency": null, "lastMarket": null, "marketCap": 3482150400}, "balanceSheetHistory": {"balanceSheetStatements": [{"maxAge": 1, "endDate": "2020-03-31", "cash": 3110000, "netReceivables": 8152899000, "inventory": 35208000, "otherCurrentAssets": 2379420000, "totalCurrentAssets": 10570637000, "propertyPlantEquipment": 8376181000, "intangibleAssets": 21642000, "otherAssets": 1525466000, "totalAssets": 20493926000, "accountsPayable": 3004757000, "shortLongTermDebt": 1358183000, "otherCurrentLiab": 627583000, "longTermDebt": 3421073000, "otherLiab": 70594000, "totalCurrentLiabilities": 6972655000, "totalLiab": 13062281000, "commonStock": 438836000, "retainedEarnings": 1873502000, "treasuryStock": 476191000, "capitalSurplus": 4643116000, "otherStockholderEquity": 476191000, "totalStockholderEquity": 7431645000, "netTangibleAssets": 7410003000}, {"maxAge": 1, "endDate": "2019-03-31", "cash": 1236675000, "netReceivables": 3709579000, "inventory": 55295000, "otherCurrentAssets": 149509000, "totalCurrentAssets": 5151058000, "longTermInvestments": 73303000, "propertyPlantEquipment": 4729551000, "intangibleAssets": 18381000, "otherAssets": 1291090000, "totalAssets": 11263383000, "accountsPayable": 2618216000, "shortLongTermDebt": 103072000, "otherCurrentLiab": 787289000, "longTermDebt": 2075219000, "otherLiab": 57923000, "totalCurrentLiabilities": 3708277000, "totalLiab": 5841419000, "commonStock": 400811000, "retainedEarnings": 2395891000, "treasuryStock": 468865000, "capitalSurplus": 2156397000, "otherStockholderEquity": 468865000, "totalStockholderEquity": 5421964000, "netTangibleAssets": 5403583000}, {"maxAge": 1, "endDate": "2018-03-31", "cash": 786163000, "netReceivables": 2598071000, "otherCurrentAssets": 269504000, "totalCurrentAssets": 3653738000, "longTermInvestments": 94289000, "propertyPlantEquipment": 3188239000, "intangibleAssets": 21976000, "otherAssets": 771008000, "totalAssets": 7729250000, "accountsPayable": 1794712000, "shortLongTermDebt": 78498000, "otherCurrentLiab": 590932000, "longTermDebt": 251128000, "otherLiab": 62680000, "totalCurrentLiabilities": 2612577000, "totalLiab": 2926385000, "commonStock": 400562000, "retainedEarnings": 2072676000, "treasuryStock": 189295000, "capitalSurplus": 2140332000, "otherStockholderEquity": 189295000, "totalStockholderEquity": 4802865000, "netTangibleAssets": 4780889000}, {"maxAge": 1, "endDate": "2017-03-31", "cash": 470070000, "netReceivables": 2168330000, "otherCurrentAssets": 225250000, "totalCurrentAssets": 2863650000, "propertyPlantEquipment": 1985880000, "intangibleAssets": 9680000, "otherAssets": 235840000, "totalAssets": 5095050000, "accountsPayable": 977870000, "shortLongTermDebt": 71710000, "otherCurrentLiab": 233970000, "longTermDebt": 735370000, "otherLiab": 146960000, "totalCurrentLiabilities": 1284630000, "totalLiab": 2166960000, "commonStock": 391380000, "retainedEarnings": 937200000, "capitalSurplus": 1599510000, "totalStockholderEquity": 2928090000, "netTangibleAssets": 2918410000}], "maxAge": 86400}, "earningsTrend": {"trend": [{"maxAge": 1, "period": "0q", "endDate": "2018-03-31", "growth": {}, "earningsEstimate": {"avg": 0.0, "low": 0.0, "high": 0.0, "yearAgoEps": {}, "numberOfAnalysts": 0, "growth": {}}, "revenueEstimate": {"avg": 0, "low": 2224000000, "high": 2224000000, "numberOfAnalysts": 1, "yearAgoRevenue": {}, "growth": {}}, "epsTrend": {"current": 0.0, "7daysAgo": 4.4, "30daysAgo": 4.4, "60daysAgo": 4.4, "90daysAgo": 0.0}, "epsRevisions": {"upLast7days": 0, "upLast30days": 0, "downLast30days": 0, "downLast90days": {}}}, {"maxAge": 1, "period": "+1q", "endDate": "2018-06-30", "growth": {}, "earningsEstimate": {"avg": 0.0, "low": 0.0, "high": 0.0, "yearAgoEps": {}, "numberOfAnalysts": 0, "growth": {}}, "revenueEstimate": {"avg": 0, "low": 0, "high": 0, "numberOfAnalysts": 0, "yearAgoRevenue": {}, "growth": {}}, "epsTrend": {"current": 0.0, "7daysAgo": 0.0, "30daysAgo": 0.0, "60daysAgo": 0.0, "90daysAgo": 0.0}, "epsRevisions": {"upLast7days": 0, "upLast30days": 0, "downLast30days": 0, "downLast90days": {}}}, {"maxAge": 1, "period": "0y", "endDate": "2018-03-31", "growth": {}, "earningsEstimate": {"avg": 0.0, "low": 0.0, "high": 0.0, "yearAgoEps": {}, "numberOfAnalysts": 0, "growth": {}}, "revenueEstimate": {"avg": 7936590000, "low": 7519000000, "high": 7519000000, "numberOfAnalysts": 1, "yearAgoRevenue": {}, "growth": {}}, "epsTrend": {"current": 0.0, "7daysAgo": 17.85, "30daysAgo": 17.85, "60daysAgo": 16.8, "90daysAgo": 0.0}, "epsRevisions": {"upLast7days": 0, "upLast30days": 0, "downLast30days": 0, "downLast90days": {}}}, {"maxAge": 1, "period": "+1y", "endDate": "2019-03-31", "growth": {}, "earningsEstimate": {"avg": 23.9, "low": 23.9, "high": 23.9, "yearAgoEps": {}, "numberOfAnalysts": 1, "growth": {}}, "revenueEstimate": {"avg": 10692000000, "low": 10692000000, "high": 10692000000, "numberOfAnalysts": 1, "yearAgoRevenue": 7936590000, "growth": 0.347}, "epsTrend": {"current": 23.9, "7daysAgo": 23.9, "30daysAgo": 23.9, "60daysAgo": 23.9, "90daysAgo": 0.0}, "epsRevisions": {"upLast7days": 0, "upLast30days": 0, "downLast30days": 0, "downLast90days": {}}}, {"maxAge": 1, "period": "+5y", "endDate": null, "growth": 0.32799998, "earningsEstimate": {"avg": {}, "low": {}, "high": {}, "yearAgoEps": {}, "numberOfAnalysts": {}, "growth": {}}, "revenueEstimate": {"avg": {}, "low": {}, "high": {}, "numberOfAnalysts": {}, "yearAgoRevenue": {}, "growth": {}}, "epsTrend": {"current": {}, "7daysAgo": {}, "30daysAgo": {}, "60daysAgo": {}, "90daysAgo": {}}, "epsRevisions": {"upLast7days": {}, "upLast30days": {}, "downLast30days": {}, "downLast90days": {}}}, {"maxAge": 1, "period": "-5y", "endDate": null, "growth": {}, "earningsEstimate": {"avg": {}, "low": {}, "high": {}, "yearAgoEps": {}, "numberOfAnalysts": {}, "growth": {}}, "revenueEstimate": {"avg": {}, "low": {}, "high": {}, "numberOfAnalysts": {}, "yearAgoRevenue": {}, "growth": {}}, "epsTrend": {"current": {}, "7daysAgo": {}, "30daysAgo": {}, "60daysAgo": {}, "90daysAgo": {}}, "epsRevisions": {"upLast7days": {}, "upLast30days": {}, "downLast30days": {}, "downLast90days": {}}}], "maxAge": 1}, "institutionOwnership": {"maxAge": 1, "ownershipList": []}, "majorHoldersBreakdown": {"maxAge": 1, "insidersPercentHeld": 0.49519002, "institutionsPercentHeld": 0.012949999, "institutionsFloatPercentHeld": 0.02565, "institutionsCount": 1}, "balanceSheetHistoryQuarterly": {"balanceSheetStatements": [{"maxAge": 1, "endDate": "2020-12-31", "totalStockholderEquity": 6186452000, "netTangibleAssets": 6166389000}, {"maxAge": 1, "endDate": "2020-09-30", "cash": 29597000, "netReceivables": 8386877000, "inventory": 21397000, "otherCurrentAssets": 2401860000, "totalCurrentAssets": 10839731000, "propertyPlantEquipment": 7469997000, "intangibleAssets": 20063000, "otherAssets": 1325580000, "totalAssets": 19655371000, "accountsPayable": 3408703000, "otherCurrentLiab": 3897219000, "longTermDebt": 1999624000, "otherLiab": 72594000, "totalCurrentLiabilities": 9161808000, "totalLiab": 13468919000, "commonStock": 438836000, "treasuryStock": 5747616000, "otherStockholderEquity": 5747616000, "totalStockholderEquity": 6186452000, "netTangibleAssets": 6166389000}, {"maxAge": 1, "endDate": "2020-06-30", "totalStockholderEquity": 7431645000, "netTangibleAssets": 7410003000}, {"maxAge": 1, "endDate": "2020-03-31", "cash": 3110000, "netReceivables": 8152899000, "inventory": 35208000, "otherCurrentAssets": 2379420000, "totalCurrentAssets": 10570637000, "propertyPlantEquipment": 8376181000, "intangibleAssets": 21642000, "otherAssets": 1525466000, "totalAssets": 20493926000, "accountsPayable": 3004757000, "shortLongTermDebt": 1358183000, "otherCurrentLiab": 627583000, "longTermDebt": 3421073000, "otherLiab": 70594000, "totalCurrentLiabilities": 6972655000, "totalLiab": 13062281000, "commonStock": 438836000, "retainedEarnings": 1873502000, "treasuryStock": 476191000, "capitalSurplus": 4643116000, "otherStockholderEquity": 476191000, "totalStockholderEquity": 7431645000, "netTangibleAssets": 7410003000}], "maxAge": 86400}, "earningsHistory": {"history": [{"maxAge": 1, "epsActual": {}, "epsEstimate": {}, "epsDifference": {}, "surprisePercent": {}, "quarter": {}, "period": "-4q"}, {"maxAge": 1, "epsActual": {}, "epsEstimate": {}, "epsDifference": {}, "surprisePercent": {}, "quarter": {}, "period": "-3q"}, {"maxAge": 1, "epsActual": {}, "epsEstimate": {}, "epsDifference": {}, "surprisePercent": {}, "quarter": {}, "period": "-2q"}, {"maxAge": 1, "epsActual": {}, "epsEstimate": {}, "epsDifference": {}, "surprisePercent": {}, "quarter": {}, "period": "-1q"}], "maxAge": 86400}, "summaryProfile": {"address1": "349 Business Point", "address2": "7th Floor Western Express Highway Andheri East", "city": "Mumbai", "zip": "400069", "country": "India", "phone": "91 22 7142 9100", "website": "http://www.futuresupplychains.com", "industry": "Integrated Freight & Logistics", "sector": "Industrials", "longBusinessSummary": "Future Supply Chain Solutions Limited, together with its subsidiary, provides third-party supply chain solutions and logistics services in India. The company offers contract logistics services, such as warehousing and distribution services, as well as other value-added services, including kitting and bundling, unit cartonisation, and packaging solutions; express logistics services, such as point-to-point, less-than truck-load, and time-definite transportation services; and temperature-controlled logistics services comprising cold-chain warehousing, transportation solutions, and long-haul distribution services for perishable products. It serves customers in retail, fashion and apparel, automotive and engineering, food and beverage, fast-moving consumer goods, e-commerce, healthcare, electronics and technology, home and furniture, ATM, and general merchandise sectors. Future Supply Chain Solutions Limited operates 74 distribution centers. The company was formerly known as Future Logistic Solutions Limited and changed its name to Future Supply Chain Solutions Limited in October 2009. The company was incorporated in 2006 and is based in Mumbai, India.", "fullTimeEmployees": 1384, "companyOfficers": [], "maxAge": 86400}, "netSharePurchaseActivity": {"maxAge": 1, "period": "6m", "buyInfoCount": 0, "buyInfoShares": 0, "sellInfoCount": 0, "netInfoCount": 0, "netInfoShares": 0, "netPercentInsiderShares": 0.0, "totalInsiderShares": 21721372}, "insiderTransactions": {"transactions": [{"maxAge": 1, "shares": 3025, "value": 14813, "filerUrl": "", "transactionText": "Sale at price 4.90 per share.", "filerName": "Dhruve (Vimal K)", "filerRelation": "UNREPORTED", "moneyText": "", "startDate": "2020-09-22", "ownership": "D"}, {"maxAge": 1, "shares": 1528686, "filerUrl": "", "transactionText": "", "filerName": "L&T Mutual Fund Trustee Ltd", "filerRelation": "Promoter", "moneyText": "", "startDate": "2020-09-10", "ownership": "D"}, {"maxAge": 1, "shares": 3336, "filerUrl": "", "transactionText": "", "filerName": "Prasad (A S R)", "filerRelation": "UNREPORTED", "moneyText": "", "startDate": "2020-02-13", "ownership": "D"}, {"maxAge": 1, "shares": 6300, "filerUrl": "", "transactionText": "", "filerName": "Toshniwal (Mayur)", "filerRelation": "UNREPORTED", "moneyText": "", "startDate": "2019-12-17", "ownership": "D"}, {"maxAge": 1, "shares": 450, "filerUrl": "", "transactionText": "", "filerName": "Dhruve (Vimal K)", "filerRelation": "UNREPORTED", "moneyText": "", "startDate": "2019-06-18", "ownership": "D"}, {"maxAge": 1, "shares": 0, "filerUrl": "", "transactionText": "", "filerName": "Dhruve (Vimal K)", "filerRelation": "UNREPORTED", "moneyText": "", "startDate": "2019-05-13", "ownership": "I"}, {"maxAge": 1, "shares": 700, "filerUrl": "", "transactionText": "", "filerName": "Dhruve (Vimal K)", "filerRelation": "UNREPORTED", "moneyText": "", "startDate": "2019-05-13", "ownership": "D"}, {"maxAge": 1, "shares": 0, "filerUrl": "", "transactionText": "", "filerName": "Shome (Sougato)", "filerRelation": "UNREPORTED", "moneyText": "", "startDate": "2019-05-13", "ownership": "I"}, {"maxAge": 1, "shares": 3320, "filerUrl": "", "transactionText": "", "filerName": "Shome (Sougato)", "filerRelation": "UNREPORTED", "moneyText": "", "startDate": "2019-05-13", "ownership": "D"}, {"maxAge": 1, "shares": 4400, "filerUrl": "", "transactionText": "", "filerName": "Toshniwal (Mayur)", "filerRelation": "UNREPORTED", "moneyText": "", "startDate": "2019-03-19", "ownership": "D"}, {"maxAge": 1, "shares": 600, "filerUrl": "", "transactionText": "", "filerName": "Dhruve (Vimal K)", "filerRelation": "UNREPORTED", "moneyText": "", "startDate": "2019-03-19", "ownership": "D"}, {"maxAge": 1, "shares": 4000, "filerUrl": "", "transactionText": "", "filerName": "Toshniwal (Mayur)", "filerRelation": "UNREPORTED", "moneyText": "", "startDate": "2019-01-24", "ownership": "D"}, {"maxAge": 1, "shares": 1250, "filerUrl": "", "transactionText": "", "filerName": "Dhruve (Vimal K)", "filerRelation": "UNREPORTED", "moneyText": "", "startDate": "2019-01-24", "ownership": "D"}, {"maxAge": 1, "shares": 3000, "filerUrl": "", "transactionText": "", "filerName": "Prasad (A S R)", "filerRelation": "UNREPORTED", "moneyText": "", "startDate": "2019-01-24", "ownership": "D"}, {"maxAge": 1, "shares": 300, "filerUrl": "", "transactionText": "", "filerName": "Toshniwal (Mayur)", "filerRelation": "Managing Director", "moneyText": "", "startDate": "2018-07-02", "ownership": "D"}], "maxAge": 1}, "sectorTrend": {"maxAge": 1, "symbol": null, "estimates": []}, "incomeStatementHistoryQuarterly": {"incomeStatementHistory": [{"maxAge": 1, "endDate": "2020-12-31", "totalRevenue": 1160263000, "costOfRevenue": 940704000, "grossProfit": 219559000, "researchDevelopment": {}, "sellingGeneralAdministrative": {}, "nonRecurring": {}, "otherOperatingExpenses": 144304000, "totalOperatingExpenses": 1489833000, "operatingIncome": -329570000, "totalOtherIncomeExpenseNet": -83197000, "ebit": -329570000, "interestExpense": -246874000, "incomeBeforeTax": -412767000, "incomeTaxExpense": 0, "minorityInterest": {}, "netIncomeFromContinuingOps": -412767000, "discontinuedOperations": {}, "extraordinaryItems": {}, "effectOfAccountingCharges": {}, "otherItems": {}, "netIncome": -412767000, "netIncomeApplicableToCommonShares": -412767000}, {"maxAge": 1, "endDate": "2020-09-30", "totalRevenue": 1050515000, "costOfRevenue": 915197000, "grossProfit": 135318000, "researchDevelopment": {}, "sellingGeneralAdministrative": {}, "nonRecurring": {}, "otherOperatingExpenses": 183384000, "totalOperatingExpenses": 1510500000, "operatingIncome": -459985000, "totalOtherIncomeExpenseNet": -227567000, "ebit": -459985000, "interestExpense": -246418000, "incomeBeforeTax": -687552000, "incomeTaxExpense": 0, "minorityInterest": {}, "netIncomeFromContinuingOps": -687552000, "discontinuedOperations": {}, "extraordinaryItems": {}, "effectOfAccountingCharges": {}, "otherItems": {}, "netIncome": -687552000, "netIncomeApplicableToCommonShares": -687552000}, {"maxAge": 1, "endDate": "2020-06-30", "totalRevenue": 951301000, "costOfRevenue": 716298000, "grossProfit": 235003000, "researchDevelopment": {}, "sellingGeneralAdministrative": {}, "nonRecurring": {}, "otherOperatingExpenses": 200374000, "totalOperatingExpenses": 1355717000, "operatingIncome": -404416000, "totalOtherIncomeExpenseNet": -149671000, "ebit": -404416000, "interestExpense": -252089000, "incomeBeforeTax": -554087000, "incomeTaxExpense": 0, "minorityInterest": {}, "netIncomeFromContinuingOps": -554087000, "discontinuedOperations": {}, "extraordinaryItems": {}, "effectOfAccountingCharges": {}, "otherItems": {}, "netIncome": -554087000, "netIncomeApplicableToCommonShares": -554087000}, {"maxAge": 1, "endDate": "2020-03-31", "totalRevenue": 2337648000, "costOfRevenue": 1673980000, "grossProfit": 663668000, "researchDevelopment": {}, "sellingGeneralAdministrative": 2854000, "nonRecurring": {}, "otherOperatingExpenses": 93395000, "totalOperatingExpenses": 2218234000, "operatingIncome": 119414000, "totalOtherIncomeExpenseNet": -265302000, "ebit": 119414000, "interestExpense": -253580000, "incomeBeforeTax": -145888000, "incomeTaxExpense": 0, "minorityInterest": {}, "netIncomeFromContinuingOps": -145888000, "discontinuedOperations": {}, "extraordinaryItems": {}, "effectOfAccountingCharges": {}, "otherItems": {}, "netIncome": -145888000, "netIncomeApplicableToCommonShares": -145888000}], "maxAge": 86400}, "cashflowStatementHistoryQuarterly": {"cashflowStatements": [{"maxAge": 1, "endDate": "2020-12-31", "netIncome": -412767000, "changeToLiabilities": 0}, {"maxAge": 1, "endDate": "2020-09-30", "netIncome": -687552000, "changeToLiabilities": 0}, {"maxAge": 1, "endDate": "2020-06-30", "netIncome": -554087000, "changeToLiabilities": 0}, {"maxAge": 1, "endDate": "2020-03-31", "netIncome": -145888000, "changeToLiabilities": 0}], "maxAge": 86400}, "earnings": {"maxAge": 86400, "earningsChart": {"quarterly": [], "earningsDate": []}, "financialsChart": {"yearly": [{"date": 2017, "revenue": 5611830000, "earnings": 457540000}, {"date": 2018, "revenue": 9432260000, "earnings": 304719000}, {"date": 2019, "revenue": 12284185000, "earnings": 615300000}, {"date": 2020, "revenue": 11409771000, "earnings": -57312000}], "quarterly": [{"date": "1Q2020", "revenue": 2337648000, "earnings": -145888000}, {"date": "2Q2020", "revenue": 951301000, "earnings": -554087000}, {"date": "3Q2020", "revenue": 1050515000, "earnings": -687552000}, {"date": "4Q2020", "revenue": 1160263000, "earnings": -412767000}]}, "financialCurrency": "INR"}, "financialData": {"maxAge": 86400, "currentPrice": 79.3, "targetHighPrice": 852.0, "targetLowPrice": 852.0, "targetMeanPrice": 852.0, "targetMedianPrice": 852.0, "recommendationMean": 2.0, "recommendationKey": "buy", "numberOfAnalystOpinions": 1, "totalCash": 29597000, "totalCashPerShare": 0.675, "ebitda": -164804000, "totalDebt": 6089128960, "totalRevenue": 5623341056, "debtToEquity": 98.427, "revenuePerShare": 128.087, "grossProfits": 3412508000, "revenueGrowth": -0.604, "grossMargins": 0.2449, "ebitdaMargins": -0.02931, "operatingMargins": -0.16911, "profitMargins": -0.32015, "financialCurrency": "INR"}}}