{"GABRIEL.BO": {"recommendationTrend": {"trend": [{"period": "0m", "strongBuy": 0, "buy": 0, "hold": 0, "sell": 0, "strongSell": 0}, {"period": "-1m", "strongBuy": 0, "buy": 0, "hold": 0, "sell": 0, "strongSell": 0}, {"period": "-2m", "strongBuy": 0, "buy": 0, "hold": 0, "sell": 0, "strongSell": 0}, {"period": "-3m", "strongBuy": 0, "buy": 0, "hold": 0, "sell": 0, "strongSell": 0}], "maxAge": 86400}, "cashflowStatementHistory": {"cashflowStatements": [{"maxAge": 1, "endDate": "2020-03-31", "netIncome": 847080000, "depreciation": 422070000, "changeToNetincome": -178810000, "changeToAccountReceivables": 504850000, "changeToLiabilities": -417960000, "changeToInventory": 91900000, "changeToOperatingActivities": -82210000, "totalCashFromOperatingActivities": 1201320000, "capitalExpenditures": -954290000, "investments": 140180000, "otherCashflowsFromInvestingActivities": -166460000, "totalCashflowsFromInvestingActivities": -962220000, "dividendsPaid": -200650000, "netBorrowings": -700000, "otherCashflowsFromFinancingActivities": -77150000, "totalCashFromFinancingActivities": -278500000, "changeInCash": -39400000}, {"maxAge": 1, "endDate": "2019-03-31", "netIncome": 949880000, "depreciation": 395230000, "changeToNetincome": -240660000, "changeToAccountReceivables": -46220000, "changeToLiabilities": 23320000, "changeToInventory": -162260000, "changeToOperatingActivities": -6370000, "totalCashFromOperatingActivities": 928260000, "capitalExpenditures": -853850000, "investments": 186300000, "otherCashflowsFromInvestingActivities": -86640000, "totalCashflowsFromInvestingActivities": -748630000, "dividendsPaid": -205860000, "netBorrowings": -31640000, "otherCashflowsFromFinancingActivities": -73850000, "totalCashFromFinancingActivities": -311350000, "changeInCash": -131720000}, {"maxAge": 1, "endDate": "2018-03-31", "netIncome": 942370000, "depreciation": 368610000, "changeToNetincome": -69870000, "changeToAccountReceivables": -671950000, "changeToLiabilities": 529020000, "changeToInventory": -178390000, "changeToOperatingActivities": 103360000, "totalCashFromOperatingActivities": 1037470000, "capitalExpenditures": -549890000, "investments": -310740000, "otherCashflowsFromInvestingActivities": 210110000, "totalCashflowsFromInvestingActivities": -635210000, "dividendsPaid": -191360000, "netBorrowings": -3140000, "otherCashflowsFromFinancingActivities": -67770000, "totalCashFromFinancingActivities": -262270000, "changeInCash": 139990000}, {"maxAge": 1, "endDate": "2017-03-31", "netIncome": 826660000, "depreciation": 342590000, "changeToNetincome": 64040000, "changeToAccountReceivables": -189140000, "changeToLiabilities": 525820000, "changeToInventory": -204910000, "changeToOperatingActivities": -17010000, "totalCashFromOperatingActivities": 1358730000, "capitalExpenditures": -519580000, "investments": -271560000, "otherCashflowsFromInvestingActivities": -435870000, "totalCashflowsFromInvestingActivities": -1225680000, "dividendsPaid": -170500000, "netBorrowings": -198760000, "otherCashflowsFromFinancingActivities": -75640000, "totalCashFromFinancingActivities": -444900000, "changeInCash": -311850000}], "maxAge": 86400}, "institutionOwnership": {"ownershipList": [], "maxAge": 1}, "balanceSheetHistoryQuarterly": {"balanceSheetStatements": [{"maxAge": 1, "endDate": "2020-06-30", "totalStockholderEquity": 6517800000, "netTangibleAssets": 6497550000}, {"maxAge": 1, "endDate": "2020-03-31", "cash": 8420000, "shortTermInvestments": 539900000, "netReceivables": 2369260000, "inventory": 1561070000, "otherCurrentAssets": 202880000, "totalCurrentAssets": 5056120000, "longTermInvestments": 428050000, "propertyPlantEquipment": 3640280000, "intangibleAssets": 20250000, "otherAssets": 588340000, "totalAssets": 9733040000, "accountsPayable": 2192300000, "shortLongTermDebt": 150000, "otherCurrentLiab": 334100000, "otherLiab": 257190000, "totalCurrentLiabilities": 2879820000, "totalLiab": 3215240000, "commonStock": 143640000, "retainedEarnings": 6095220000, "treasuryStock": 7170000, "capitalSurplus": 271770000, "otherStockholderEquity": 7170000, "totalStockholderEquity": 6517800000, "netTangibleAssets": 6497550000}, {"maxAge": 1, "endDate": "2019-12-31", "totalStockholderEquity": 6129450000, "netTangibleAssets": 6105020000}, {"maxAge": 1, "endDate": "2019-09-30", "cash": 587820000, "shortTermInvestments": 588700000, "netReceivables": 2753190000, "inventory": 1487390000, "otherCurrentAssets": 301380000, "totalCurrentAssets": 5718480000, "longTermInvestments": 380000, "propertyPlantEquipment": 3569350000, "intangibleAssets": 24430000, "otherAssets": 472570000, "totalAssets": 9785210000, "accountsPayable": 2460200000, "otherCurrentLiab": 741420000, "longTermDebt": 82270000, "otherLiab": 371870000, "totalCurrentLiabilities": 3201620000, "totalLiab": 3655760000, "commonStock": 143640000, "treasuryStock": 5985810000, "otherStockholderEquity": 5985810000, "totalStockholderEquity": 6129450000, "netTangibleAssets": 6105020000}], "maxAge": 86400}, "earningsHistory": {"history": [{"maxAge": 1, "epsActual": {}, "epsEstimate": {}, "epsDifference": {}, "surprisePercent": {}, "quarter": {}, "period": "-4q"}, {"maxAge": 1, "epsActual": {}, "epsEstimate": {}, "epsDifference": {}, "surprisePercent": {}, "quarter": {}, "period": "-3q"}, {"maxAge": 1, "epsActual": {}, "epsEstimate": {}, "epsDifference": {}, "surprisePercent": {}, "quarter": {}, "period": "-2q"}, {"maxAge": 1, "epsActual": 1.52, "epsEstimate": 1.47, "epsDifference": 0.05, "surprisePercent": 0.034, "quarter": "2017-06-30", "period": "-1q"}], "maxAge": 86400}, "indexTrend": {"maxAge": 1, "symbol": "SP5", "peRatio": 19.7411, "pegRatio": 1.34172, "estimates": [{"period": "0q", "growth": 0.549}, {"period": "+1q", "growth": 0.431}, {"period": "0y", "growth": 0.305}, {"period": "+1y", "growth": 0.109}, {"period": "+5y", "growth": 0.120865}, {"period": "-5y"}]}, "industryTrend": {"maxAge": 1, "symbol": null, "estimates": []}, "insiderTransactions": {"transactions": [{"maxAge": 1, "shares": 71204938, "filerUrl": "", "transactionText": "", "filerName": "Asia Investments Pvt Ltd", "filerRelation": "Promoter", "moneyText": "", "startDate": "2017-08-29", "ownership": "D"}, {"maxAge": 1, "shares": 20000, "filerUrl": "", "transactionText": "", "filerName": "Anand (Prem)", "filerRelation": "Promoter", "moneyText": "", "startDate": "2017-05-30", "ownership": "D"}, {"maxAge": 1, "shares": 30000, "filerUrl": "", "transactionText": "", "filerName": "Singh (Gurdeep)", "filerRelation": "Director", "moneyText": "", "startDate": "2014-09-10", "ownership": "D"}, {"maxAge": 1, "shares": 4500, "filerUrl": "", "transactionText": "", "filerName": "Goyal (Mahendra Kumar)", "filerRelation": "Director (Non-Executive)", "moneyText": "", "startDate": "2013-06-20", "ownership": "D"}, {"maxAge": 1, "shares": 5000, "filerUrl": "", "transactionText": "", "filerName": "Goyal (Mahendra Kumar)", "filerRelation": "Director (Non-Executive)", "moneyText": "", "startDate": "2013-06-20", "ownership": "D"}, {"maxAge": 1, "shares": 5000, "filerUrl": "", "transactionText": "", "filerName": "Goyal (Mahendra Kumar)", "filerRelation": "Director (Non-Executive)", "moneyText": "", "startDate": "2013-06-20", "ownership": "D"}, {"maxAge": 1, "shares": 2, "filerUrl": "", "transactionText": "", "filerName": "Goyal (Mahendra Kumar)", "filerRelation": "Director (Non-Executive)", "moneyText": "", "startDate": "2013-06-18", "ownership": "D"}, {"maxAge": 1, "shares": 20000, "filerUrl": "", "transactionText": "", "filerName": "Goyal (Mahendra Kumar)", "filerRelation": "Director (Non-Executive)", "moneyText": "", "startDate": "2013-06-17", "ownership": "D"}, {"maxAge": 1, "shares": 2000, "filerUrl": "", "transactionText": "", "filerName": "Goyal (Mahendra Kumar)", "filerRelation": "Director (Non-Executive)", "moneyText": "", "startDate": "2013-06-17", "ownership": "D"}, {"maxAge": 1, "shares": 11347, "filerUrl": "", "transactionText": "", "filerName": "Goyal (Mahendra Kumar)", "filerRelation": "Director (Non-Executive)", "moneyText": "", "startDate": "2013-06-14", "ownership": "D"}, {"maxAge": 1, "shares": 14, "filerUrl": "", "transactionText": "", "filerName": "Goyal (Mahendra Kumar)", "filerRelation": "Director (Non-Executive)", "moneyText": "", "startDate": "2013-06-13", "ownership": "D"}, {"maxAge": 1, "shares": 68, "filerUrl": "", "transactionText": "", "filerName": "Goyal (Mahendra Kumar)", "filerRelation": "Director (Non-Executive)", "moneyText": "", "startDate": "2013-06-12", "ownership": "D"}, {"maxAge": 1, "shares": 20000, "filerUrl": "", "transactionText": "", "filerName": "Goyal (Mahendra Kumar)", "filerRelation": "Director (Non-Executive)", "moneyText": "", "startDate": "2013-06-11", "ownership": "D"}, {"maxAge": 1, "shares": 26415, "filerUrl": "", "transactionText": "", "filerName": "Goyal (Mahendra Kumar)", "filerRelation": "Director (Non-Executive)", "moneyText": "", "startDate": "2013-06-10", "ownership": "D"}, {"maxAge": 1, "shares": 976, "filerUrl": "", "transactionText": "", "filerName": "Goyal (Mahendra Kumar)", "filerRelation": "Director (Non-Executive)", "moneyText": "", "startDate": "2012-04-10", "ownership": "D"}, {"maxAge": 1, "shares": 1000, "filerUrl": "", "transactionText": "", "filerName": "Goyal (Mahendra Kumar)", "filerRelation": "Director (Non-Executive)", "moneyText": "", "startDate": "2012-04-09", "ownership": "D"}, {"maxAge": 1, "shares": 1000, "filerUrl": "", "transactionText": "", "filerName": "Goyal (Mahendra Kumar)", "filerRelation": "Director (Non-Executive)", "moneyText": "", "startDate": "2012-04-09", "ownership": "D"}, {"maxAge": 1, "shares": 3000, "filerUrl": "", "transactionText": "", "filerName": "Goyal (Mahendra Kumar)", "filerRelation": "Director (Non-Executive)", "moneyText": "", "startDate": "2012-03-22", "ownership": "D"}, {"maxAge": 1, "shares": 1000, "filerUrl": "", "transactionText": "", "filerName": "Goyal (Mahendra Kumar)", "filerRelation": "Director (Non-Executive)", "moneyText": "", "startDate": "2012-02-21", "ownership": "D"}, {"maxAge": 1, "shares": 3968880, "filerUrl": "", "transactionText": "", "filerName": "KYB Corporation", "filerRelation": "Institution- Corporation", "moneyText": "", "startDate": "2012-02-14", "ownership": "D"}, {"maxAge": 1, "shares": 33606734, "filerUrl": "", "transactionText": "", "filerName": "Asia Investments Pvt Ltd", "filerRelation": "Institution- Corporation", "moneyText": "", "startDate": "2011-03-25", "ownership": "D"}, {"maxAge": 1, "shares": 7000, "filerUrl": "", "transactionText": "", "filerName": "Chopra (Deepak)", "filerRelation": "UNREPORTED", "moneyText": "", "startDate": "2010-08-12", "ownership": "D"}, {"maxAge": 1, "shares": 2000, "filerUrl": "", "transactionText": "", "filerName": "Chopra (Deepak)", "filerRelation": "UNREPORTED", "moneyText": "", "startDate": "2010-08-12", "ownership": "D"}, {"maxAge": 1, "shares": 7000, "filerUrl": "", "transactionText": "", "filerName": "Chopra (Deepak)", "filerRelation": "UNREPORTED", "moneyText": "", "startDate": "2010-08-11", "ownership": "D"}, {"maxAge": 1, "shares": 12000, "filerUrl": "", "transactionText": "", "filerName": "Chopra (Deepak)", "filerRelation": "UNREPORTED", "moneyText": "", "startDate": "2010-08-11", "ownership": "D"}, {"maxAge": 1, "shares": 3000, "filerUrl": "", "transactionText": "", "filerName": "Chopra (Deepak)", "filerRelation": "UNREPORTED", "moneyText": "", "startDate": "2010-08-11", "ownership": "D"}, {"maxAge": 1, "shares": 1000, "filerUrl": "", "transactionText": "", "filerName": "Chopra (Deepak)", "filerRelation": "UNREPORTED", "moneyText": "", "startDate": "2010-08-10", "ownership": "D"}, {"maxAge": 1, "shares": 1000, "filerUrl": "", "transactionText": "", "filerName": "Chopra (Deepak)", "filerRelation": "UNREPORTED", "moneyText": "", "startDate": "2010-08-10", "ownership": "D"}, {"maxAge": 1, "shares": 1000, "filerUrl": "", "transactionText": "", "filerName": "Chopra (Deepak)", "filerRelation": "UNREPORTED", "moneyText": "", "startDate": "2010-08-10", "ownership": "D"}, {"maxAge": 1, "shares": 1000, "filerUrl": "", "transactionText": "", "filerName": "Chopra (Deepak)", "filerRelation": "UNREPORTED", "moneyText": "", "startDate": "2010-08-10", "ownership": "D"}, {"maxAge": 1, "shares": 1000, "filerUrl": "", "transactionText": "", "filerName": "Chopra (Deepak)", "filerRelation": "UNREPORTED", "moneyText": "", "startDate": "2010-08-10", "ownership": "D"}, {"maxAge": 1, "shares": 3589650, "filerUrl": "", "transactionText": "", "filerName": "Asia Investments Pvt Ltd", "filerRelation": "Institution- Corporation", "moneyText": "", "startDate": "2010-04-08", "ownership": "D"}, {"maxAge": 1, "shares": 3589650, "filerUrl": "", "transactionText": "", "filerName": "Asia Investments Pvt Ltd", "filerRelation": "Institution- Corporation", "moneyText": "", "startDate": "2010-03-26", "ownership": "D"}, {"maxAge": 1, "shares": 6500, "filerUrl": "", "transactionText": "", "filerName": "Singh (Gurdeep)", "filerRelation": "Director", "moneyText": "", "startDate": "2010-02-05", "ownership": "D"}, {"maxAge": 1, "shares": 2000, "filerUrl": "", "transactionText": "", "filerName": "Singh (Gurdeep)", "filerRelation": "Director", "moneyText": "", "startDate": "2010-02-05", "ownership": "D"}, {"maxAge": 1, "shares": 5000, "filerUrl": "", "transactionText": "", "filerName": "Walia (Arvind)", "filerRelation": "Managing Director", "moneyText": "", "startDate": "2009-08-28", "ownership": "D"}, {"maxAge": 1, "shares": 1000, "filerUrl": "", "transactionText": "", "filerName": "Walia (Arvind)", "filerRelation": "Managing Director", "moneyText": "", "startDate": "2009-08-18", "ownership": "D"}], "maxAge": 1}, "quoteType": {"exchange": "BSE", "quoteType": "EQUITY", "symbol": "GABRIEL.BO", "underlyingSymbol": "GABRIEL.BO", "shortName": "GABRIEL INDIA LTD.", "longName": "Gabriel India Limited", "firstTradeDateEpochUtc": "2005-12-30 09:15:00", "timeZoneFullName": "Asia/Kolkata", "timeZoneShortName": "IST", "uuid": "cb4c4ef7-88bb-305b-9e1f-b464ec102824", "gmtOffSetMilliseconds": 19800000, "maxAge": 1}, "incomeStatementHistory": {"incomeStatementHistory": [{"maxAge": 1, "endDate": "2020-03-31", "totalRevenue": 18699620000, "costOfRevenue": 13937990000, "grossProfit": 4761630000, "researchDevelopment": {}, "sellingGeneralAdministrative": 1599520000, "nonRecurring": {}, "otherOperatingExpenses": 1784430000, "totalOperatingExpenses": 17758410000, "operatingIncome": 941210000, "totalOtherIncomeExpenseNet": 61490000, "ebit": 941210000, "interestExpense": -25770000, "incomeBeforeTax": 1002700000, "incomeTaxExpense": 155620000, "minorityInterest": {}, "netIncomeFromContinuingOps": 847080000, "discontinuedOperations": {}, "extraordinaryItems": {}, "effectOfAccountingCharges": {}, "otherItems": {}, "netIncome": 847080000, "netIncomeApplicableToCommonShares": 847080000}, {"maxAge": 1, "endDate": "2019-03-31", "totalRevenue": 20764630000, "costOfRevenue": 15332760000, "grossProfit": 5431870000, "researchDevelopment": {}, "sellingGeneralAdministrative": 1602150000, "nonRecurring": {}, "otherOperatingExpenses": 2049160000, "totalOperatingExpenses": 19394520000, "operatingIncome": 1370110000, "totalOtherIncomeExpenseNet": 60420000, "ebit": 1370110000, "interestExpense": -16190000, "incomeBeforeTax": 1430530000, "incomeTaxExpense": 480650000, "minorityInterest": {}, "netIncomeFromContinuingOps": 949880000, "discontinuedOperations": {}, "extraordinaryItems": {}, "effectOfAccountingCharges": {}, "otherItems": {}, "netIncome": 949880000, "netIncomeApplicableToCommonShares": 949880000}, {"maxAge": 1, "endDate": "2018-03-31", "totalRevenue": 18331350000, "costOfRevenue": 13371700000, "grossProfit": 4959650000, "researchDevelopment": {}, "sellingGeneralAdministrative": 1428880000, "nonRecurring": {}, "otherOperatingExpenses": 1819360000, "totalOperatingExpenses": 17002750000, "operatingIncome": 1328600000, "totalOtherIncomeExpenseNet": 43040000, "ebit": 1328600000, "interestExpense": -17810000, "incomeBeforeTax": 1371640000, "incomeTaxExpense": 429270000, "minorityInterest": {}, "netIncomeFromContinuingOps": 942370000, "discontinuedOperations": {}, "extraordinaryItems": {}, "effectOfAccountingCharges": {}, "otherItems": {}, "netIncome": 942370000, "netIncomeApplicableToCommonShares": 942370000}, {"maxAge": 1, "endDate": "2017-03-31", "totalRevenue": 15205890000, "costOfRevenue": 11080940000, "grossProfit": 4124950000, "researchDevelopment": {}, "sellingGeneralAdministrative": 1156750000, "nonRecurring": {}, "otherOperatingExpenses": 1500370000, "totalOperatingExpenses": 14091200000, "operatingIncome": 1114690000, "totalOtherIncomeExpenseNet": 12950000, "ebit": 1114690000, "interestExpense": -28810000, "incomeBeforeTax": 1127640000, "incomeTaxExpense": 300980000, "minorityInterest": {}, "netIncomeFromContinuingOps": 826660000, "discontinuedOperations": {}, "extraordinaryItems": {}, "effectOfAccountingCharges": {}, "otherItems": {}, "netIncome": 826660000, "netIncomeApplicableToCommonShares": 826660000}], "maxAge": 86400}, "fundOwnership": {"ownershipList": [{"maxAge": 1, "reportDate": "2020-06-30", "organization": "Matthews International Fds-Matthews Asia Small Companies Fd", "pctHeld": 0.0087, "position": 1252483, "value": 108339779}, {"maxAge": 1, "reportDate": "2020-07-31", "organization": "DFA Emerging Markets Core Equity Portfolio", "pctHeld": 0.0044, "position": 627216, "value": 52748865}, {"maxAge": 1, "reportDate": "2020-07-31", "organization": "DFA Emerging Markets Small Cap Series", "pctHeld": 0.0026, "position": 373577, "value": 31417825}, {"maxAge": 1, "reportDate": "2020-07-31", "organization": "DFA Investment Dimensions-Emerging Markets Social Core Equity", "pctHeld": 0.00029999999, "position": 37453, "value": 3149797}, {"maxAge": 1, "reportDate": "2020-07-31", "organization": "DFA T.A. World Ex U.S. Core Equity Portfolio", "pctHeld": 0.0002, "position": 24904, "value": 2094426}, {"maxAge": 1, "reportDate": "2020-07-31", "organization": "DFA Investment Dimensions-World Ex U.S. Core Equity Port", "pctHeld": 0.0001, "position": 18231, "value": 1533227}, {"maxAge": 1, "reportDate": "2020-07-31", "organization": "John Hancock Fds II-Emerging Markets Fund", "pctHeld": 0.0001, "position": 9247, "value": 777672}], "maxAge": 1}, "summaryDetail": {"maxAge": 1, "priceHint": 2, "previousClose": 107.6, "open": 108.0, "dayLow": 105.85, "dayHigh": 108.0, "regularMarketPreviousClose": 107.6, "regularMarketOpen": 108.0, "regularMarketDayLow": 105.85, "regularMarketDayHigh": 108.0, "trailingPE": 39.227642, "forwardPE": 14.743056, "volume": 22173, "regularMarketVolume": 22173, "averageVolume": 37185, "averageVolume10days": 34536, "averageDailyVolume10Day": 34536, "bid": 105.9, "ask": 0.0, "bidSize": 0, "askSize": 0, "marketCap": 15247810560, "fiftyTwoWeekLow": 40.25, "fiftyTwoWeekHigh": 131.9, "fiftyDayAverage": 110.0197, "twoHundredDayAverage": 102.99117, "trailingAnnualDividendRate": 1.3, "trailingAnnualDividendYield": 0.012081784, "currency": "INR", "fromCurrency": null, "lastMarket": null, "algorithm": null, "tradeable": false}, "sectorTrend": {"maxAge": 1, "symbol": null, "estimates": []}, "incomeStatementHistoryQuarterly": {"incomeStatementHistory": [{"maxAge": 1, "endDate": "2020-06-30", "totalRevenue": 1228540000, "costOfRevenue": 865370000, "grossProfit": 363170000, "researchDevelopment": {}, "sellingGeneralAdministrative": 337430000, "nonRecurring": {}, "otherOperatingExpenses": 196640000, "totalOperatingExpenses": 1488170000, "operatingIncome": -259630000, "totalOtherIncomeExpenseNet": 17890000, "ebit": -259630000, "interestExpense": -7050000, "incomeBeforeTax": -241740000, "incomeTaxExpense": -3960000, "minorityInterest": {}, "netIncomeFromContinuingOps": -237780000, "discontinuedOperations": {}, "extraordinaryItems": {}, "effectOfAccountingCharges": {}, "otherItems": {}, "netIncome": -237780000, "netIncomeApplicableToCommonShares": -237780000}, {"maxAge": 1, "endDate": "2020-03-31", "totalRevenue": 4246420000, "costOfRevenue": 3282870000, "grossProfit": 963550000, "researchDevelopment": {}, "sellingGeneralAdministrative": 401280000, "nonRecurring": {}, "otherOperatingExpenses": 231740000, "totalOperatingExpenses": 4043540000, "operatingIncome": 202880000, "totalOtherIncomeExpenseNet": 20500000, "ebit": 202880000, "interestExpense": -1400000, "incomeBeforeTax": 223380000, "incomeTaxExpense": -42510000, "minorityInterest": {}, "netIncomeFromContinuingOps": 265890000, "discontinuedOperations": {}, "extraordinaryItems": {}, "effectOfAccountingCharges": {}, "otherItems": {}, "netIncome": 265890000, "netIncomeApplicableToCommonShares": 265890000}, {"maxAge": 1, "endDate": "2019-12-31", "totalRevenue": 4554970000, "costOfRevenue": 3320820000, "grossProfit": 1234150000, "researchDevelopment": {}, "sellingGeneralAdministrative": 404470000, "nonRecurring": {}, "otherOperatingExpenses": 507740000, "totalOperatingExpenses": 4333900000, "operatingIncome": 221070000, "totalOtherIncomeExpenseNet": 17920000, "ebit": 221070000, "interestExpense": -7720000, "incomeBeforeTax": 238990000, "incomeTaxExpense": 63430000, "minorityInterest": {}, "netIncomeFromContinuingOps": 175560000, "discontinuedOperations": {}, "extraordinaryItems": {}, "effectOfAccountingCharges": {}, "otherItems": {}, "netIncome": 175560000, "netIncomeApplicableToCommonShares": 175560000}, {"maxAge": 1, "endDate": "2019-09-30", "totalRevenue": 4726740000, "costOfRevenue": 3538040000, "grossProfit": 1188700000, "researchDevelopment": {}, "sellingGeneralAdministrative": 389330000, "nonRecurring": {}, "otherOperatingExpenses": 486590000, "totalOperatingExpenses": 4517190000, "operatingIncome": 209550000, "totalOtherIncomeExpenseNet": 13150000, "ebit": 209550000, "interestExpense": -9140000, "incomeBeforeTax": 222700000, "incomeTaxExpense": 37800000, "minorityInterest": {}, "netIncomeFromContinuingOps": 184900000, "discontinuedOperations": {}, "extraordinaryItems": {}, "effectOfAccountingCharges": {}, "otherItems": {}, "netIncome": 184900000, "netIncomeApplicableToCommonShares": 184900000}], "maxAge": 86400}, "cashflowStatementHistoryQuarterly": {"cashflowStatements": [{"maxAge": 1, "endDate": "2020-06-30", "netIncome": -237780000, "changeToLiabilities": 0}, {"maxAge": 1, "endDate": "2020-03-31", "netIncome": 265890000, "changeToLiabilities": 0}, {"maxAge": 1, "endDate": "2019-12-31", "netIncome": 175560000, "changeToLiabilities": 0}, {"maxAge": 1, "endDate": "2019-09-30", "netIncome": 184900000, "changeToLiabilities": 0}], "maxAge": 86400}, "insiderHolders": {"holders": [{"maxAge": 1, "name": "Anand (Prem)", "relation": "Promoter", "url": "", "transactionDescription": "Sale", "latestTransDate": "2017-05-30", "positionDirect": 100620, "positionDirectDate": "2017-05-30"}, {"maxAge": 1, "name": "Asia Investments Pvt Ltd", "relation": "Promoter", "url": "", "transactionDescription": "Acquisition", "latestTransDate": "2017-08-29", "positionDirect": 72377938, "positionDirectDate": "2017-08-29"}, {"maxAge": 1, "name": "Chopra (Deepak)", "relation": "UNREPORTED", "url": "", "transactionDescription": "Acquisition", "latestTransDate": "2010-08-12", "positionDirect": 67500, "positionDirectDate": "2010-08-12"}, {"maxAge": 1, "name": "Goyal (Mahendra Kumar)", "relation": "Director (Non-Executive)", "url": "", "transactionDescription": "Acquisition", "latestTransDate": "2013-06-20", "positionDirect": 101422, "positionDirectDate": "2013-06-20"}, {"maxAge": 1, "name": "KYB Corporation", "relation": "Institution- Corporation", "url": "", "transactionDescription": "Acquisition", "latestTransDate": "2012-02-14", "positionDirect": 3968880, "positionDirectDate": "2012-02-14"}, {"maxAge": 1, "name": "Singh (Gurdeep)", "relation": "Director", "url": "", "transactionDescription": "Sale", "latestTransDate": "2014-09-10", "positionDirect": 0, "positionDirectDate": "2014-09-10"}, {"maxAge": 1, "name": "Walia (Arvind)", "relation": "Managing Director", "url": "", "transactionDescription": "Sale", "latestTransDate": "2009-08-28", "positionDirect": 20920, "positionDirectDate": "2009-08-28"}], "maxAge": 1}, "earnings": {"maxAge": 86400, "earningsChart": {"quarterly": [{"date": "2Q2017", "actual": 1.52, "estimate": 1.47}], "currentQuarterEstimateDate": "3Q", "currentQuarterEstimateYear": 2017, "earningsDate": ["2020-08-07 05:30:S"]}, "financialsChart": {"yearly": [{"date": 2017, "revenue": 15205890000, "earnings": 826660000}, {"date": 2018, "revenue": 18331350000, "earnings": 942370000}, {"date": 2019, "revenue": 20764630000, "earnings": 949880000}, {"date": 2020, "revenue": 18699620000, "earnings": 847080000}], "quarterly": [{"date": "3Q2019", "revenue": 4726740000, "earnings": 184900000}, {"date": "4Q2019", "revenue": 4554970000, "earnings": 175560000}, {"date": "1Q2020", "revenue": 4246420000, "earnings": 265890000}, {"date": "2Q2020", "revenue": 1228540000, "earnings": -237780000}]}, "financialCurrency": "INR"}, "calendarEvents": {"maxAge": 1, "earnings": {"earningsDate": ["2020-08-07 05:30:S"], "revenueAverage": 4716980000, "revenueLow": 4504000000, "revenueHigh": 4504000000}}, "upgradeDowngradeHistory": {"history": [], "maxAge": 86400}, "price": {"maxAge": 1, "regularMarketChangePercent": -0.013475808, "regularMarketChange": -1.449997, "regularMarketTime": "2021-04-30 15:53:30", "priceHint": 2, "regularMarketPrice": 106.15, "regularMarketDayHigh": 108.0, "regularMarketDayLow": 105.85, "regularMarketVolume": 22173, "averageDailyVolume10Day": 34536, "averageDailyVolume3Month": 37185, "regularMarketPreviousClose": 107.6, "regularMarketSource": "FREE_REALTIME", "regularMarketOpen": 108.0, "exchange": "BSE", "exchangeName": "BSE", "exchangeDataDelayedBy": 0, "marketState": "CLOSED", "quoteType": "EQUITY", "symbol": "GABRIEL.BO", "underlyingSymbol": null, "shortName": "GABRIEL INDIA LTD.", "longName": "Gabriel India Limited", "currency": "INR", "quoteSourceName": "Delayed Quote", "currencySymbol": "\u20b9", "fromCurrency": null, "lastMarket": null, "marketCap": 15247810560}, "balanceSheetHistory": {"balanceSheetStatements": [{"maxAge": 1, "endDate": "2020-03-31", "cash": 8420000, "shortTermInvestments": 539900000, "netReceivables": 2369260000, "inventory": 1561070000, "otherCurrentAssets": 202880000, "totalCurrentAssets": 5056120000, "longTermInvestments": 428050000, "propertyPlantEquipment": 3640280000, "intangibleAssets": 20250000, "otherAssets": 588340000, "totalAssets": 9733040000, "accountsPayable": 2192300000, "shortLongTermDebt": 150000, "otherCurrentLiab": 334100000, "otherLiab": 257190000, "totalCurrentLiabilities": 2879820000, "totalLiab": 3215240000, "commonStock": 143640000, "retainedEarnings": 6095220000, "treasuryStock": 7170000, "capitalSurplus": 271770000, "otherStockholderEquity": 7170000, "totalStockholderEquity": 6517800000, "netTangibleAssets": 6497550000}, {"maxAge": 1, "endDate": "2019-03-31", "cash": 47820000, "shortTermInvestments": 420000000, "netReceivables": 2893350000, "inventory": 1652970000, "otherCurrentAssets": 216360000, "totalCurrentAssets": 5722460000, "longTermInvestments": 1440000, "propertyPlantEquipment": 3492690000, "intangibleAssets": 29500000, "otherAssets": 445430000, "totalAssets": 9691520000, "accountsPayable": 2610390000, "shortLongTermDebt": 850000, "otherCurrentLiab": 333620000, "longTermDebt": 69820000, "otherLiab": 365460000, "totalCurrentLiabilities": 3356240000, "totalLiab": 3791520000, "commonStock": 143640000, "retainedEarnings": 5499960000, "treasuryStock": -15370000, "capitalSurplus": 271770000, "otherStockholderEquity": -15370000, "totalStockholderEquity": 5900000000, "netTangibleAssets": 5870500000}, {"maxAge": 1, "endDate": "2018-03-31", "cash": 179540000, "shortTermInvestments": 205000000, "netReceivables": 2840630000, "inventory": 1490710000, "otherCurrentAssets": 232780000, "totalCurrentAssets": 5613040000, "longTermInvestments": 100380000, "propertyPlantEquipment": 3004540000, "intangibleAssets": 38370000, "otherAssets": 273280000, "totalAssets": 9029610000, "accountsPayable": 2650350000, "shortLongTermDebt": 30190000, "otherCurrentLiab": 307240000, "longTermDebt": 630000, "otherLiab": 315590000, "totalCurrentLiabilities": 3393120000, "totalLiab": 3780760000, "commonStock": 143640000, "retainedEarnings": 4812920000, "treasuryStock": 20520000, "capitalSurplus": 271770000, "otherStockholderEquity": 20520000, "totalStockholderEquity": 5248850000, "netTangibleAssets": 5210480000}, {"maxAge": 1, "endDate": "2017-03-31", "cash": 39550000, "netReceivables": 2163500000, "inventory": 1312320000, "otherCurrentAssets": 254850000, "totalCurrentAssets": 4086830000, "longTermInvestments": 475380000, "propertyPlantEquipment": 2846580000, "intangibleAssets": 52970000, "otherAssets": 226330000, "totalAssets": 7688090000, "accountsPayable": 2146750000, "shortLongTermDebt": 4000000, "otherCurrentLiab": 353600000, "longTermDebt": 28670000, "otherLiab": 238780000, "totalCurrentLiabilities": 2870640000, "totalLiab": 3186560000, "commonStock": 143640000, "retainedEarnings": 4104180000, "treasuryStock": -18060000, "capitalSurplus": 271770000, "otherStockholderEquity": -18060000, "totalStockholderEquity": 4501530000, "netTangibleAssets": 4448560000}], "maxAge": 86400}, "earningsTrend": {"trend": [{"maxAge": 1, "period": "0q", "endDate": "2017-09-30", "growth": {}, "earningsEstimate": {"avg": 0.0, "low": 0.0, "high": 0.0, "yearAgoEps": {}, "numberOfAnalysts": 0, "growth": {}}, "revenueEstimate": {"avg": 4716980000, "low": 4504000000, "high": 4504000000, "numberOfAnalysts": 1, "yearAgoRevenue": 3955130000, "growth": 0.19299999}, "epsTrend": {"current": 0.0, "7daysAgo": 0.0, "30daysAgo": 0.0, "60daysAgo": 0.0, "90daysAgo": 0.0}, "epsRevisions": {"upLast7days": 0, "upLast30days": 0, "downLast30days": 0, "downLast90days": {}}}, {"maxAge": 1, "period": "+1q", "endDate": "2017-12-31", "growth": {}, "earningsEstimate": {"avg": 0.0, "low": 0.0, "high": 0.0, "yearAgoEps": {}, "numberOfAnalysts": 0, "growth": {}}, "revenueEstimate": {"avg": 4474290000, "low": 4301000000, "high": 4301000000, "numberOfAnalysts": 1, "yearAgoRevenue": {}, "growth": {}}, "epsTrend": {"current": 0.0, "7daysAgo": 0.0, "30daysAgo": 0.0, "60daysAgo": 0.0, "90daysAgo": 0.0}, "epsRevisions": {"upLast7days": 0, "upLast30days": 0, "downLast30days": 0, "downLast90days": {}}}, {"maxAge": 1, "period": "0y", "endDate": "2018-03-31", "growth": {}, "earningsEstimate": {"avg": 0.0, "low": 0.0, "high": 0.0, "yearAgoEps": {}, "numberOfAnalysts": 0, "growth": {}}, "revenueEstimate": {"avg": 18331300000, "low": 17535000000, "high": 18141100000, "numberOfAnalysts": 4, "yearAgoRevenue": 15130500000, "growth": 0.21200001}, "epsTrend": {"current": 0.0, "7daysAgo": 6.58, "30daysAgo": 6.58, "60daysAgo": 6.58, "90daysAgo": 6.58}, "epsRevisions": {"upLast7days": 0, "upLast30days": 0, "downLast30days": 0, "downLast90days": {}}}, {"maxAge": 1, "period": "+1y", "endDate": "2019-03-31", "growth": {}, "earningsEstimate": {"avg": 0.0, "low": 0.0, "high": 0.0, "yearAgoEps": {}, "numberOfAnalysts": 0, "growth": {}}, "revenueEstimate": {"avg": 21225400000, "low": 20823000000, "high": 22079000000, "numberOfAnalysts": 5, "yearAgoRevenue": 18331300000, "growth": 0.158}, "epsTrend": {"current": 0.0, "7daysAgo": 7.99, "30daysAgo": 7.99, "60daysAgo": 7.99, "90daysAgo": 7.99}, "epsRevisions": {"upLast7days": 0, "upLast30days": 0, "downLast30days": 0, "downLast90days": {}}}, {"maxAge": 1, "period": "+5y", "endDate": null, "growth": 0.055, "earningsEstimate": {"avg": {}, "low": {}, "high": {}, "yearAgoEps": {}, "numberOfAnalysts": {}, "growth": {}}, "revenueEstimate": {"avg": {}, "low": {}, "high": {}, "numberOfAnalysts": {}, "yearAgoRevenue": {}, "growth": {}}, "epsTrend": {"current": {}, "7daysAgo": {}, "30daysAgo": {}, "60daysAgo": {}, "90daysAgo": {}}, "epsRevisions": {"upLast7days": {}, "upLast30days": {}, "downLast30days": {}, "downLast90days": {}}}, {"maxAge": 1, "period": "-5y", "endDate": null, "growth": {}, "earningsEstimate": {"avg": {}, "low": {}, "high": {}, "yearAgoEps": {}, "numberOfAnalysts": {}, "growth": {}}, "revenueEstimate": {"avg": {}, "low": {}, "high": {}, "numberOfAnalysts": {}, "yearAgoRevenue": {}, "growth": {}}, "epsTrend": {"current": {}, "7daysAgo": {}, "30daysAgo": {}, "60daysAgo": {}, "90daysAgo": {}}, "epsRevisions": {"upLast7days": {}, "upLast30days": {}, "downLast30days": {}, "downLast90days": {}}}], "maxAge": 1}, "financialData": {"maxAge": 86400, "currentPrice": 106.15, "targetHighPrice": 193.0, "targetLowPrice": 164.0, "targetMeanPrice": 178.8, "targetMedianPrice": 176.0, "recommendationKey": "none", "numberOfAnalystOpinions": 5, "grossProfits": 4761630000, "financialCurrency": "INR"}}}