{"GAGAN.BO": {"cashflowStatementHistory": {"cashflowStatements": [{"maxAge": 1, "endDate": "2020-03-31", "netIncome": 500000, "changeToLiabilities": 0}, {"maxAge": 1, "endDate": "2019-03-31", "netIncome": 1405986, "depreciation": 491401, "changeToNetincome": 197031, "changeToAccountReceivables": -256622, "changeToLiabilities": 21386, "changeToOperatingActivities": -95123, "totalCashFromOperatingActivities": 1570686, "capitalExpenditures": -1376270, "otherCashflowsFromInvestingActivities": 102848, "totalCashflowsFromInvestingActivities": -1266522, "netBorrowings": -645000, "otherCashflowsFromFinancingActivities": -1840, "totalCashFromFinancingActivities": -646840, "changeInCash": -342677}, {"maxAge": 1, "endDate": "2018-03-31", "netIncome": 39857, "depreciation": 589556, "changeToNetincome": -95932, "changeToAccountReceivables": -29457, "changeToLiabilities": 3336, "changeToOperatingActivities": 62810, "totalCashFromOperatingActivities": 345170, "capitalExpenditures": -1500, "otherCashflowsFromInvestingActivities": 30954, "totalCashflowsFromInvestingActivities": 22554, "netBorrowings": 795000, "otherCashflowsFromFinancingActivities": -45226, "totalCashFromFinancingActivities": 749774, "changeInCash": 1117498}, {"maxAge": 1, "endDate": "2017-03-31", "netIncome": 1097585, "depreciation": 624237, "changeToNetincome": -83650, "changeToAccountReceivables": 24383, "changeToLiabilities": -203595, "changeToInventory": 34240, "changeToOperatingActivities": 88566, "totalCashFromOperatingActivities": 1581766, "capitalExpenditures": -1500, "otherCashflowsFromInvestingActivities": 30863, "totalCashflowsFromInvestingActivities": 31183, "netBorrowings": -1248367, "otherCashflowsFromFinancingActivities": -59096, "totalCashFromFinancingActivities": -1307463, "changeInCash": 305486}], "maxAge": 86400}, "institutionOwnership": {"ownershipList": [], "maxAge": 1}, "balanceSheetHistoryQuarterly": {"balanceSheetStatements": [{"maxAge": 1, "endDate": "2020-06-30", "totalStockholderEquity": 12399638, "netTangibleAssets": 12399638}, {"maxAge": 1, "endDate": "2020-03-31", "cash": 2237612, "netReceivables": 4813379, "inventory": 831831, "otherCurrentAssets": 523538, "totalCurrentAssets": 8406360, "propertyPlantEquipment": 7150649, "otherAssets": 2422937, "totalAssets": 17979946, "accountsPayable": 74392, "otherCurrentLiab": 615608, "longTermDebt": 3256646, "otherLiab": 1633662, "totalCurrentLiabilities": 690000, "totalLiab": 5580308, "commonStock": 45185000, "retainedEarnings": -32785362, "totalStockholderEquity": 12399638, "netTangibleAssets": 12399638}, {"maxAge": 1, "endDate": "2019-12-31", "totalStockholderEquity": 11978000, "netTangibleAssets": 11978000}, {"maxAge": 1, "endDate": "2019-09-30", "cash": 286000, "netReceivables": 1045000, "inventory": 1170000, "otherCurrentAssets": 852000, "totalCurrentAssets": 3353000, "longTermInvestments": 2523000, "propertyPlantEquipment": 7014000, "totalAssets": 12890000, "otherCurrentLiab": 380000, "totalCurrentLiabilities": 912000, "totalLiab": 912000, "commonStock": 45185000, "retainedEarnings": -33207000, "totalStockholderEquity": 11978000, "netTangibleAssets": 11978000}], "maxAge": 86400}, "indexTrend": {"maxAge": 1, "symbol": "SP5", "peRatio": 19.7411, "pegRatio": 1.34172, "estimates": [{"period": "0q", "growth": 0.549}, {"period": "+1q", "growth": 0.431}, {"period": "0y", "growth": 0.305}, {"period": "+1y", "growth": 0.109}, {"period": "+5y", "growth": 0.120859005}, {"period": "-5y"}]}, "insiderTransactions": {"transactions": [{"maxAge": 1, "shares": 37570, "filerUrl": "", "transactionText": "", "filerName": "Maheshwary (Kul Rattan)", "filerRelation": "Promoter", "moneyText": "", "startDate": "2019-12-11", "ownership": "D"}, {"maxAge": 1, "shares": 10500, "filerUrl": "", "transactionText": "", "filerName": "Maheshwary (Kul Rattan)", "filerRelation": "Promoter", "moneyText": "", "startDate": "2019-11-20", "ownership": "D"}, {"maxAge": 1, "shares": 9600, "filerUrl": "", "transactionText": "", "filerName": "Gagan Investment Pvt. Ltd.", "filerRelation": "Promoter", "moneyText": "", "startDate": "2019-11-19", "ownership": "D"}, {"maxAge": 1, "shares": 11800, "filerUrl": "", "transactionText": "", "filerName": "Maheshwary (Kul Rattan)", "filerRelation": "Promoter", "moneyText": "", "startDate": "2019-11-18", "ownership": "D"}, {"maxAge": 1, "shares": 9500, "filerUrl": "", "transactionText": "", "filerName": "Maheshwary (Kul Rattan)", "filerRelation": "Promoter", "moneyText": "", "startDate": "2019-11-15", "ownership": "D"}, {"maxAge": 1, "shares": 8500, "filerUrl": "", "transactionText": "", "filerName": "Maheshwary (Gagan)", "filerRelation": "Promoter", "moneyText": "", "startDate": "2019-11-14", "ownership": "D"}, {"maxAge": 1, "shares": 10000, "filerUrl": "", "transactionText": "", "filerName": "Gagan Investment Pvt. Ltd.", "filerRelation": "Promoter", "moneyText": "", "startDate": "2019-11-13", "ownership": "D"}, {"maxAge": 1, "shares": 7300, "filerUrl": "", "transactionText": "", "filerName": "Gagan Investment Pvt. Ltd.", "filerRelation": "Promoter", "moneyText": "", "startDate": "2019-11-11", "ownership": "D"}, {"maxAge": 1, "shares": 8000, "filerUrl": "", "transactionText": "", "filerName": "Maheshwary (Gagan)", "filerRelation": "Promoter", "moneyText": "", "startDate": "2019-11-11", "ownership": "D"}, {"maxAge": 1, "shares": 6000, "filerUrl": "", "transactionText": "", "filerName": "Gagan Investment Pvt. Ltd.", "filerRelation": "Promoter", "moneyText": "", "startDate": "2019-11-08", "ownership": "D"}, {"maxAge": 1, "shares": 2220, "filerUrl": "", "transactionText": "", "filerName": "Maheshwary (Gagan)", "filerRelation": "Promoter", "moneyText": "", "startDate": "2019-11-07", "ownership": "D"}, {"maxAge": 1, "shares": 2450, "filerUrl": "", "transactionText": "", "filerName": "Gagan Investment Pvt. Ltd.", "filerRelation": "Promoter", "moneyText": "", "startDate": "2019-09-03", "ownership": "D"}], "maxAge": 1}, "quoteType": {"exchange": "BSE", "quoteType": "EQUITY", "symbol": "GAGAN.BO", "underlyingSymbol": "GAGAN.BO", "shortName": "GAGAN GASES LTD.", "longName": "Gagan Gases Limited", "firstTradeDateEpochUtc": "2002-01-16 09:15:00", "timeZoneFullName": "Asia/Kolkata", "timeZoneShortName": "IST", "uuid": "0f9e9125-14d2-3213-825a-d94891f5ccb0", "gmtOffSetMilliseconds": 19800000, "maxAge": 1}, "incomeStatementHistory": {"incomeStatementHistory": [{"maxAge": 1, "endDate": "2020-03-31", "totalRevenue": 12700000, "costOfRevenue": 6500000, "grossProfit": 6200000, "researchDevelopment": {}, "sellingGeneralAdministrative": 2900000, "nonRecurring": {}, "otherOperatingExpenses": 2100000, "totalOperatingExpenses": 12100000, "operatingIncome": 600000, "totalOtherIncomeExpenseNet": -100000, "ebit": 600000, "interestExpense": -100000, "incomeBeforeTax": 500000, "incomeTaxExpense": 0, "minorityInterest": {}, "netIncomeFromContinuingOps": 500000, "discontinuedOperations": {}, "extraordinaryItems": {}, "effectOfAccountingCharges": {}, "otherItems": {}, "netIncome": 500000, "netIncomeApplicableToCommonShares": 500000}, {"maxAge": 1, "endDate": "2019-03-31", "totalRevenue": 5765632, "costOfRevenue": 38245, "grossProfit": 5727387, "researchDevelopment": {}, "sellingGeneralAdministrative": 2444794, "nonRecurring": {}, "otherOperatingExpenses": 1296300, "totalOperatingExpenses": 4270740, "operatingIncome": 1494892, "totalOtherIncomeExpenseNet": 152527, "ebit": 1494892, "interestExpense": -100000, "incomeBeforeTax": 1647419, "incomeTaxExpense": 241433, "minorityInterest": {}, "netIncomeFromContinuingOps": 1405986, "discontinuedOperations": {}, "extraordinaryItems": {}, "effectOfAccountingCharges": {}, "otherItems": {}, "netIncome": 1405986, "netIncomeApplicableToCommonShares": 1405986}, {"maxAge": 1, "endDate": "2018-03-31", "totalRevenue": 4812159, "costOfRevenue": 157775, "grossProfit": 4654384, "researchDevelopment": {}, "sellingGeneralAdministrative": 2667843, "nonRecurring": {}, "otherOperatingExpenses": 1485160, "totalOperatingExpenses": 4905920, "operatingIncome": -93761, "totalOtherIncomeExpenseNet": 44568, "ebit": -93761, "interestExpense": -3180, "incomeBeforeTax": -49193, "incomeTaxExpense": -89050, "minorityInterest": {}, "netIncomeFromContinuingOps": 39857, "discontinuedOperations": {}, "extraordinaryItems": {}, "effectOfAccountingCharges": {}, "otherItems": {}, "netIncome": 39857, "netIncomeApplicableToCommonShares": 39857}, {"maxAge": 1, "endDate": "2017-03-31", "totalRevenue": 5864108, "costOfRevenue": 485067, "grossProfit": 5379041, "researchDevelopment": {}, "sellingGeneralAdministrative": 1797490, "nonRecurring": {}, "otherOperatingExpenses": 1683850, "totalOperatingExpenses": 4595652, "operatingIncome": 1268456, "totalOtherIncomeExpenseNet": -28233, "ebit": 1268456, "interestExpense": -364, "incomeBeforeTax": 1240223, "incomeTaxExpense": 142638, "minorityInterest": {}, "netIncomeFromContinuingOps": 1097585, "discontinuedOperations": {}, "extraordinaryItems": {}, "effectOfAccountingCharges": {}, "otherItems": {}, "netIncome": 1097585, "netIncomeApplicableToCommonShares": 1097585}], "maxAge": 86400}, "fundOwnership": {"ownershipList": [], "maxAge": 1}, "summaryDetail": {"maxAge": 1, "priceHint": 2, "previousClose": 11.7, "open": 11.93, "dayLow": 11.93, "dayHigh": 11.93, "regularMarketPreviousClose": 11.7, "regularMarketOpen": 11.93, "regularMarketDayLow": 11.93, "regularMarketDayHigh": 11.93, "trailingPE": 99.41667, "volume": 6500, "regularMarketVolume": 6500, "averageVolume": 413, "averageVolume10days": 11, "averageDailyVolume10Day": 11, "bid": 7.28, "ask": 0.0, "bidSize": 0, "askSize": 0, "marketCap": 53905708, "fiftyTwoWeekLow": 4.39, "fiftyTwoWeekHigh": 11.93, "fiftyDayAverage": 6.949091, "twoHundredDayAverage": 5.671679, "currency": "INR", "fromCurrency": null, "lastMarket": null, "algorithm": null, "tradeable": false}, "incomeStatementHistoryQuarterly": {"incomeStatementHistory": [{"maxAge": 1, "endDate": "2020-06-30", "totalRevenue": 1600000, "costOfRevenue": 900000, "grossProfit": 700000, "researchDevelopment": {}, "sellingGeneralAdministrative": 400000, "nonRecurring": {}, "otherOperatingExpenses": 700000, "totalOperatingExpenses": 2100000, "operatingIncome": -500000, "totalOtherIncomeExpenseNet": 0, "ebit": -500000, "interestExpense": {}, "incomeBeforeTax": -500000, "incomeTaxExpense": 0, "minorityInterest": {}, "netIncomeFromContinuingOps": -500000, "discontinuedOperations": {}, "extraordinaryItems": {}, "effectOfAccountingCharges": {}, "otherItems": {}, "netIncome": -500000, "netIncomeApplicableToCommonShares": -500000}, {"maxAge": 1, "endDate": "2020-03-31", "totalRevenue": 6800000, "costOfRevenue": 4700000, "grossProfit": 2100000, "researchDevelopment": {}, "sellingGeneralAdministrative": 800000, "nonRecurring": {}, "otherOperatingExpenses": 700000, "totalOperatingExpenses": 6500000, "operatingIncome": 300000, "totalOtherIncomeExpenseNet": 100000, "ebit": 300000, "interestExpense": {}, "incomeBeforeTax": 400000, "incomeTaxExpense": 0, "minorityInterest": {}, "netIncomeFromContinuingOps": 400000, "discontinuedOperations": {}, "extraordinaryItems": {}, "effectOfAccountingCharges": {}, "otherItems": {}, "netIncome": 400000, "netIncomeApplicableToCommonShares": 400000}, {"maxAge": 1, "endDate": "2019-12-31", "totalRevenue": 3700000, "costOfRevenue": 1900000, "grossProfit": 1800000, "researchDevelopment": {}, "sellingGeneralAdministrative": 800000, "nonRecurring": {}, "otherOperatingExpenses": 600000, "totalOperatingExpenses": 3400000, "operatingIncome": 300000, "totalOtherIncomeExpenseNet": 0, "ebit": 300000, "interestExpense": {}, "incomeBeforeTax": 300000, "incomeTaxExpense": 0, "minorityInterest": {}, "netIncomeFromContinuingOps": 300000, "discontinuedOperations": {}, "extraordinaryItems": {}, "effectOfAccountingCharges": {}, "otherItems": {}, "netIncome": 300000, "netIncomeApplicableToCommonShares": 300000}, {"maxAge": 1, "endDate": "2019-09-30", "totalRevenue": 900000, "costOfRevenue": 0, "grossProfit": 900000, "researchDevelopment": {}, "sellingGeneralAdministrative": 700000, "nonRecurring": {}, "otherOperatingExpenses": 200000, "totalOperatingExpenses": 1000000, "operatingIncome": -100000, "totalOtherIncomeExpenseNet": 100000, "ebit": -100000, "interestExpense": {}, "incomeBeforeTax": 300000, "incomeTaxExpense": 0, "minorityInterest": {}, "netIncomeFromContinuingOps": 300000, "discontinuedOperations": {}, "extraordinaryItems": {}, "effectOfAccountingCharges": {}, "otherItems": {}, "netIncome": 0, "netIncomeApplicableToCommonShares": 300000}], "maxAge": 86400}, "cashflowStatementHistoryQuarterly": {"cashflowStatements": [{"maxAge": 1, "endDate": "2020-06-30", "netIncome": -500000, "changeToLiabilities": 0}, {"maxAge": 1, "endDate": "2020-03-31", "netIncome": 400000, "changeToLiabilities": 0}, {"maxAge": 1, "endDate": "2019-12-31", "netIncome": 300000, "changeToLiabilities": 0}, {"maxAge": 1, "endDate": "2019-09-30", "netIncome": 0, "changeToLiabilities": 0}], "maxAge": 86400}, "insiderHolders": {"holders": [{"maxAge": 1, "name": "Gagan Investment Pvt. Ltd.", "relation": "Promoter", "url": "", "transactionDescription": "Acquisition", "latestTransDate": "2019-11-19", "positionDirect": 447046, "positionDirectDate": "2019-11-19"}, {"maxAge": 1, "name": "Maheshwary (Gagan)", "relation": "Promoter", "url": "", "transactionDescription": "Purchase", "latestTransDate": "2019-11-14", "positionDirect": 164325, "positionDirectDate": "2019-11-14"}, {"maxAge": 1, "name": "Maheshwary (Kul Rattan)", "relation": "Promoter", "url": "", "transactionDescription": "Acquisition", "latestTransDate": "2019-12-11", "positionDirect": 312900, "positionDirectDate": "2019-12-11"}], "maxAge": 1}, "calendarEvents": {"maxAge": 1, "earnings": {"earningsDate": []}}, "upgradeDowngradeHistory": {"history": [], "maxAge": 86400}, "price": {"maxAge": 1, "regularMarketChangePercent": 0.019658163, "regularMarketChange": 0.2300005, "regularMarketTime": "2021-04-30 14:59:59", "priceHint": 2, "regularMarketPrice": 11.93, "regularMarketDayHigh": 11.93, "regularMarketDayLow": 11.93, "regularMarketVolume": 6500, "averageDailyVolume10Day": 11, "averageDailyVolume3Month": 413, "regularMarketPreviousClose": 11.7, "regularMarketSource": "FREE_REALTIME", "regularMarketOpen": 11.93, "exchange": "BSE", "exchangeName": "BSE", "exchangeDataDelayedBy": 0, "marketState": "CLOSED", "quoteType": "EQUITY", "symbol": "GAGAN.BO", "underlyingSymbol": null, "shortName": "GAGAN GASES LTD.", "longName": "Gagan Gases Limited", "currency": "INR", "quoteSourceName": "Delayed Quote", "currencySymbol": "\u20b9", "fromCurrency": null, "lastMarket": null, "marketCap": 53905708}, "balanceSheetHistory": {"balanceSheetStatements": [{"maxAge": 1, "endDate": "2020-03-31", "cash": 2237612, "netReceivables": 4813379, "inventory": 831831, "otherCurrentAssets": 523538, "totalCurrentAssets": 8406360, "propertyPlantEquipment": 7150649, "otherAssets": 2422937, "totalAssets": 17979946, "accountsPayable": 74392, "otherCurrentLiab": 615608, "longTermDebt": 3256646, "otherLiab": 1633662, "totalCurrentLiabilities": 690000, "totalLiab": 5580308, "commonStock": 45185000, "retainedEarnings": -32785362, "totalStockholderEquity": 12399638, "netTangibleAssets": 12399638}, {"maxAge": 1, "endDate": "2019-03-31", "cash": 1704697, "netReceivables": 2184007, "inventory": 15000, "otherCurrentAssets": 18346, "totalCurrentAssets": 4160876, "longTermInvestments": 1376270, "propertyPlantEquipment": 7049180, "otherAssets": 1850085, "deferredLongTermAssetCharges": 1570772, "totalAssets": 14436411, "accountsPayable": 36468, "otherCurrentLiab": 29006, "longTermDebt": 232904, "otherLiab": 1857034, "totalCurrentLiabilities": 457676, "totalLiab": 2547614, "commonStock": 45185000, "retainedEarnings": -33296203, "treasuryStock": -33296203, "otherStockholderEquity": -33296203, "totalStockholderEquity": 11888797, "netTangibleAssets": 11888797}, {"maxAge": 1, "endDate": "2018-03-31", "cash": 2047374, "netReceivables": 1958124, "inventory": 15000, "otherCurrentAssets": 25246, "totalCurrentAssets": 4047194, "propertyPlantEquipment": 7540581, "otherAssets": 1761378, "deferredLongTermAssetCharges": 1482065, "totalAssets": 13349153, "accountsPayable": 15082, "otherCurrentLiab": 37914, "longTermDebt": 877904, "otherLiab": 1633662, "totalCurrentLiabilities": 354776, "totalLiab": 2866342, "commonStock": 45185000, "retainedEarnings": -34702189, "totalStockholderEquity": 10482811, "netTangibleAssets": 10482811}, {"maxAge": 1, "endDate": "2017-03-31", "cash": 929876, "netReceivables": 1800171, "inventory": 15000, "otherCurrentAssets": 174187, "totalCurrentAssets": 2958683, "propertyPlantEquipment": 8130137, "otherAssets": 1649674, "deferredLongTermAssetCharges": 1371861, "totalAssets": 12738494, "accountsPayable": 11746, "otherCurrentLiab": 255955, "longTermDebt": 82904, "otherLiab": 1633662, "totalCurrentLiabilities": 578974, "totalLiab": 2295540, "commonStock": 45185000, "retainedEarnings": -34742046, "totalStockholderEquity": 10442954, "netTangibleAssets": 10442954}], "maxAge": 86400}, "financialData": {"maxAge": 86400, "currentPrice": 11.93, "recommendationKey": "none", "grossProfits": 6200000, "financialCurrency": "INR"}}}