{"GAIL.NS": {"assetProfile": {"address1": "GAIL Bhawan", "address2": "16 Bhikaji Cama Place R K Puram", "city": "New Delhi", "zip": "110066", "country": "India", "phone": "91 11 2618 2955", "fax": "91 11 2618 5941", "website": "http://www.gailonline.com", "industry": "Utilities\u2014Regulated Gas", "sector": "Utilities", "longBusinessSummary": "GAIL (India) Limited operates as a natural gas processing and distribution company in India and internationally. The company operates through Transmission Services, Natural Gas Marketing, Petrochemicals, LPG and Other Liquid Hydrocarbons, and Other segments. It is involved in the transmission, distribution, and marketing of natural gas to the power, city gas distribution, fertilizer, and other sectors. The company also sources, markets, and trades in liquefied natural gas (LNG); markets liquefied petroleum gas (LPG), propane, pentane, naphtha, mixed fuel oil, propylene, and hydrogenated C4 mix; and manufactures petrochemicals, such as high density polyethylene and linear low density polyethylene under the brand names of G-Lex and G-Lene. In addition, it operates a network of compressed natural gas stations; and provides piped natural gas to domestic, commercial, and industrial applications, as well as has interests in 11 exploration and production blocks located in Assam-Arakan, Cambay, Cauvery, Gujarat Kutch, and Myanmar basins covering an area of 2,170 square kilometers. Further, the company offers telecommunication services through GAILTEL; and generates, transmits, and distributes electric power through 118 MW wind power plant and 12.3 MW solar power plant. Additionally, it engages in the charter hiring of LNG vessels. The company owns and operates approximately 12,426 km of natural gas pipelines; 2,038 km LPG pipeline transmission network; and five gas processing plants for production of LPG, propane, pentane, naphtha, etc. GAIL (India) Limited was founded in 1984 and is based in New Delhi, India.", "fullTimeEmployees": 4682, "companyOfficers": [{"maxAge": 1, "name": "Mr. Manoj  Jain", "age": 58, "title": "Chairman, MD & Director of HR", "yearBorn": 1962, "fiscalYear": 2020, "totalPay": 8745000, "exercisedValue": 0, "unexercisedValue": 0}, {"maxAge": 1, "name": "Mr. Anjani Kumar Tiwari", "age": 59, "title": "Director of Fin., CFO & Director", "yearBorn": 1961, "fiscalYear": 2020, "totalPay": 10703000, "exercisedValue": 0, "unexercisedValue": 0}, {"maxAge": 1, "name": "Mr. Anil Kumar Jha", "title": "Compliance Officer & Company Sec.", "fiscalYear": 2020, "totalPay": 5371000, "exercisedValue": 0, "unexercisedValue": 0}, {"maxAge": 1, "name": "Mr. A. K. Sahni", "title": "Gen. Mang. of Fin. & Accounts", "exercisedValue": 0, "unexercisedValue": 0}, {"maxAge": 1, "name": "Ms. Vandana  Chanana", "title": "Exec. Director of Corp. Communications & CSR", "exercisedValue": 0, "unexercisedValue": 0}, {"maxAge": 1, "name": "Mr. Elavathur Subramania Ranganathan", "age": 57, "title": "Director of Marketing & Additional Director", "yearBorn": 1963, "exercisedValue": 0, "unexercisedValue": 0}, {"maxAge": 1, "name": "Ram  Shanker", "title": "Chief Mang. of Policy & HR", "exercisedValue": 0, "unexercisedValue": 0}, {"maxAge": 1, "name": "S. D. Roy", "age": 71, "title": "Chief Mang. of Security", "yearBorn": 1949, "exercisedValue": 0, "unexercisedValue": 0}, {"maxAge": 1, "name": "Bhavanasi Madhusudan Rao", "age": 57, "title": "Chief Mang. of LPG, PL and O&M", "yearBorn": 1963, "exercisedValue": 0, "unexercisedValue": 0}, {"maxAge": 1, "name": "Mr. Jyoti  Kumar", "title": "Chief Mang. of Corp. Communications", "exercisedValue": 0, "unexercisedValue": 0}], "auditRisk": 8, "boardRisk": 10, "compensationRisk": 1, "shareHolderRightsRisk": 4, "overallRisk": 7, "governanceEpochDate": "2021-04-01 05:30:00", "compensationAsOfEpochDate": "2020-12-31 05:30:00", "maxAge": 86400}, "recommendationTrend": {"trend": [{"period": "0m", "strongBuy": 0, "buy": 0, "hold": 0, "sell": 0, "strongSell": 0}, {"period": "-1m", "strongBuy": 10, "buy": 9, "hold": 8, "sell": 5, "strongSell": 3}, {"period": "-2m", "strongBuy": 9, "buy": 9, "hold": 7, "sell": 7, "strongSell": 3}, {"period": "-3m", "strongBuy": 9, "buy": 9, "hold": 7, "sell": 7, "strongSell": 4}], "maxAge": 86400}, "cashflowStatementHistory": {"cashflowStatements": [{"maxAge": 1, "endDate": "2020-03-31", "netIncome": 94220500000, "depreciation": 20804600000, "changeToNetincome": -43306800000, "changeToAccountReceivables": 2643800000, "changeToLiabilities": 15901500000, "changeToInventory": -6810000000, "totalCashFromOperatingActivities": 83453600000, "capitalExpenditures": -92629400000, "investments": 2459100000, "otherCashflowsFromInvestingActivities": 15448600000, "totalCashflowsFromInvestingActivities": -74446400000, "dividendsPaid": -32851900000, "netBorrowings": 43154900000, "otherCashflowsFromFinancingActivities": -7490800000, "totalCashFromFinancingActivities": 2812200000, "effectOfExchangeRate": -8544400000, "changeInCash": 3275000000}, {"maxAge": 1, "endDate": "2019-03-31", "netIncome": 65457400000, "depreciation": 16472700000, "changeToNetincome": 2843000000, "changeToAccountReceivables": -15894900000, "changeToLiabilities": 16668100000, "changeToInventory": -5704300000, "totalCashFromOperatingActivities": 79842000000, "capitalExpenditures": -77958100000, "investments": 1231800000, "otherCashflowsFromInvestingActivities": 17116200000, "totalCashflowsFromInvestingActivities": -57065900000, "dividendsPaid": -20885600000, "netBorrowings": -11349800000, "otherCashflowsFromFinancingActivities": -1407400000, "totalCashFromFinancingActivities": -33642800000, "effectOfExchangeRate": 60600000, "changeInCash": -10806100000}, {"maxAge": 1, "endDate": "2018-03-31", "netIncome": 47990700000, "depreciation": 15272700000, "changeToNetincome": 6906100000, "changeToAccountReceivables": -9333500000, "changeToLiabilities": 29070400000, "changeToInventory": -2219300000, "totalCashFromOperatingActivities": 87687100000, "capitalExpenditures": -34020400000, "investments": -3865600000, "otherCashflowsFromInvestingActivities": 11539100000, "totalCashflowsFromInvestingActivities": -26316000000, "dividendsPaid": -21065000000, "netBorrowings": -27767700000, "otherCashflowsFromFinancingActivities": -3683500000, "totalCashFromFinancingActivities": -52516200000, "effectOfExchangeRate": -279300000, "changeInCash": 8575600000}, {"maxAge": 1, "endDate": "2017-03-31", "netIncome": 33681600000, "depreciation": 15357900000, "changeToNetincome": 10474700000, "changeToAccountReceivables": 12455100000, "changeToLiabilities": -10878300000, "changeToInventory": -848400000, "totalCashFromOperatingActivities": 60242600000, "capitalExpenditures": -20417000000, "investments": 2729400000, "otherCashflowsFromInvestingActivities": 13393700000, "totalCashflowsFromInvestingActivities": -3829200000, "dividendsPaid": -17634200000, "netBorrowings": -29742800000, "otherCashflowsFromFinancingActivities": -5376900000, "totalCashFromFinancingActivities": -52753900000, "effectOfExchangeRate": 488800000, "changeInCash": 4148300000}], "maxAge": 86400}, "indexTrend": {"maxAge": 1, "symbol": "SP5", "peRatio": 19.7411, "pegRatio": 1.34172, "estimates": [{"period": "0q", "growth": 0.549}, {"period": "+1q", "growth": 0.431}, {"period": "0y", "growth": 0.305}, {"period": "+1y", "growth": 0.109}, {"period": "+5y", "growth": 0.120865}, {"period": "-5y"}]}, "defaultKeyStatistics": {"maxAge": 1, "priceHint": 2, "enterpriseValue": 639823314944, "profitMargins": 0.14067, "floatShares": 1477867788, "sharesOutstanding": 4440390144, "heldPercentInsiders": 0.58808, "heldPercentInstitutions": 0.26005, "beta": 0.795797, "category": null, "bookValue": 113.236, "priceToBook": 1.2116288, "fundFamily": null, "legalType": null, "lastFiscalYearEnd": "2020-03-31 05:30:00", "nextFiscalYearEnd": "2022-03-31 05:30:00", "mostRecentQuarter": "2020-12-31 05:30:00", "earningsQuarterlyGrowth": -0.07, "netIncomeToCommon": 83781001216, "trailingEps": 18.567, "forwardEps": 30.81, "lastSplitFactor": "2:1", "lastSplitDate": "2019-07-09 05:30:00", "enterpriseToRevenue": 1.074, "enterpriseToEbitda": 8.583, "52WeekChange": 0.4673797, "SandP52WeekChange": 0.48148263, "lastDividendValue": 2.5, "lastDividendDate": 1616371200}, "industryTrend": {"maxAge": 1, "symbol": null, "estimates": []}, "quoteType": {"exchange": "NSI", "quoteType": "EQUITY", "symbol": "GAIL.NS", "underlyingSymbol": "GAIL.NS", "shortName": "GAIL INDIA LTD", "longName": "GAIL (India) Limited", "firstTradeDateEpochUtc": "1997-04-02 09:15:00", "timeZoneFullName": "Asia/Kolkata", "timeZoneShortName": "IST", "uuid": "2392240f-f920-378f-88e6-72fbed465d61", "messageBoardId": "finmb_7685716", "gmtOffSetMilliseconds": 19800000, "maxAge": 1}, "incomeStatementHistory": {"incomeStatementHistory": [{"maxAge": 1, "endDate": "2020-03-31", "totalRevenue": 725084200000, "costOfRevenue": 568621100000, "grossProfit": 156463100000, "researchDevelopment": {}, "sellingGeneralAdministrative": 17125300000, "nonRecurring": {}, "otherOperatingExpenses": 45192100000, "totalOperatingExpenses": 651743100000, "operatingIncome": 73341100000, "totalOtherIncomeExpenseNet": 30948300000, "ebit": 73341100000, "interestExpense": -3089800000, "incomeBeforeTax": 104289400000, "incomeTaxExpense": 9143000000, "minorityInterest": 870400000, "netIncomeFromContinuingOps": 95146400000, "discontinuedOperations": {}, "extraordinaryItems": {}, "effectOfAccountingCharges": {}, "otherItems": {}, "netIncome": 94220500000, "netIncomeApplicableToCommonShares": 94220500000}, {"maxAge": 1, "endDate": "2019-03-31", "totalRevenue": 761898900000, "costOfRevenue": 593402000000, "grossProfit": 168496900000, "researchDevelopment": {}, "sellingGeneralAdministrative": 19368900000, "nonRecurring": {}, "otherOperatingExpenses": 48807300000, "totalOperatingExpenses": 678269700000, "operatingIncome": 83629200000, "totalOtherIncomeExpenseNet": 14682700000, "ebit": 83629200000, "interestExpense": -1666200000, "incomeBeforeTax": 98311900000, "incomeTaxExpense": 32784200000, "minorityInterest": 459500000, "netIncomeFromContinuingOps": 65527700000, "discontinuedOperations": {}, "extraordinaryItems": {}, "effectOfAccountingCharges": {}, "otherItems": {}, "netIncome": 65457400000, "netIncomeApplicableToCommonShares": 65457400000}, {"maxAge": 1, "endDate": "2018-03-31", "totalRevenue": 544963500000, "costOfRevenue": 408280200000, "grossProfit": 136683300000, "researchDevelopment": {}, "sellingGeneralAdministrative": 14022900000, "nonRecurring": {}, "otherOperatingExpenses": 41944700000, "totalOperatingExpenses": 479782000000, "operatingIncome": 65181500000, "totalOtherIncomeExpenseNet": 4050400000, "ebit": 65181500000, "interestExpense": -3265500000, "incomeBeforeTax": 69231900000, "incomeTaxExpense": 21228500000, "minorityInterest": 389200000, "netIncomeFromContinuingOps": 48003400000, "discontinuedOperations": 47100000, "extraordinaryItems": {}, "effectOfAccountingCharges": {}, "otherItems": {}, "netIncome": 47990700000, "netIncomeApplicableToCommonShares": 47990700000}, {"maxAge": 1, "endDate": "2017-03-31", "totalRevenue": 485517200000, "costOfRevenue": 364722100000, "grossProfit": 120795100000, "researchDevelopment": {}, "sellingGeneralAdministrative": 13527300000, "nonRecurring": {}, "otherOperatingExpenses": 38189800000, "totalOperatingExpenses": 432902100000, "operatingIncome": 52615100000, "totalOtherIncomeExpenseNet": -774700000, "ebit": 52615100000, "interestExpense": -5021300000, "incomeBeforeTax": 51840400000, "incomeTaxExpense": 18093600000, "minorityInterest": 330000000, "netIncomeFromContinuingOps": 33746800000, "discontinuedOperations": -7600000, "extraordinaryItems": {}, "effectOfAccountingCharges": {}, "otherItems": {}, "netIncome": 33681600000, "netIncomeApplicableToCommonShares": 33681600000}], "maxAge": 86400}, "fundOwnership": {"maxAge": 1, "ownershipList": [{"maxAge": 1, "reportDate": "2021-01-31", "organization": "Vanguard International Stock Index-Total Intl Stock Indx", "pctHeld": 0.0043, "position": 19192578, "value": 2404830023}, {"maxAge": 1, "reportDate": "2021-01-31", "organization": "Vanguard International Stock Index-Emerging Markets Stk", "pctHeld": 0.0042, "position": 19163735, "value": 2401215995}, {"maxAge": 1, "reportDate": "2021-01-31", "organization": "Fidelity Series Intrinsic Opportunities Fund", "pctHeld": 0.0033000002, "position": 15000000, "value": 1879500000}, {"maxAge": 1, "reportDate": "2021-03-31", "organization": "iShares Core MSCI Emerging Markets ETF", "pctHeld": 0.003, "position": 13734734, "value": 1861056457}, {"maxAge": 1, "reportDate": "2021-01-31", "organization": "DFA Investment Dimensions-DFA Emerging Mkts Value", "pctHeld": 0.0026, "position": 11699118, "value": 1465899485}, {"maxAge": 1, "reportDate": "2021-03-31", "organization": "iShares MSCI India ETF", "pctHeld": 0.0025, "position": 11056663, "value": 1498177836}, {"maxAge": 1, "reportDate": "2021-01-31", "organization": "Vanguard International Value Fund", "pctHeld": 0.0022, "position": 9815836, "value": 1229924250}, {"maxAge": 1, "reportDate": "2021-02-28", "organization": "WisdomTree Tr-WisdomTree India Earnings Fd", "pctHeld": 0.0018000001, "position": 8037100, "value": 1139660780}, {"maxAge": 1, "reportDate": "2021-01-31", "organization": "DFA Emerging Markets Core Equity Portfolio", "pctHeld": 0.0017, "position": 7509716, "value": 940967414}, {"maxAge": 1, "reportDate": "2021-03-31", "organization": "iShares MSCI Emerging Markets ETF", "pctHeld": 0.0014, "position": 6170769, "value": 836139199}]}, "summaryDetail": {"maxAge": 1, "priceHint": 2, "previousClose": 134.8, "open": 133.45, "dayLow": 132.3, "dayHigh": 141.45, "regularMarketPreviousClose": 134.8, "regularMarketOpen": 133.45, "regularMarketDayLow": 132.3, "regularMarketDayHigh": 141.45, "dividendRate": 5.0, "dividendYield": 0.037100002, "exDividendDate": "2021-03-22 05:30:00", "payoutRatio": 0.3446, "fiveYearAvgDividendYield": 3.26, "beta": 0.795797, "trailingPE": 7.3894544, "forwardPE": 4.4530997, "volume": 21349096, "regularMarketVolume": 21349096, "averageVolume": 23475330, "averageVolume10days": 12827265, "averageDailyVolume10Day": 12827265, "bid": 0.0, "ask": 0.0, "bidSize": 0, "askSize": 0, "marketCap": 609221541888, "fiftyTwoWeekLow": 80.5, "fiftyTwoWeekHigh": 157.95, "priceToSalesTrailing12Months": 1.0229249, "fiftyDayAverage": 136.06528, "twoHundredDayAverage": 122.76793, "trailingAnnualDividendRate": 5.0, "trailingAnnualDividendYield": 0.03709199, "currency": "INR", "fromCurrency": null, "toCurrency": null, "lastMarket": null, "algorithm": null, "tradeable": false}, "insiderHolders": {"holders": [{"maxAge": 1, "name": "President of India", "relation": "Promoter", "url": "", "transactionDescription": "Sale", "latestTransDate": "2019-10-10", "positionDirect": 2334447865, "positionDirectDate": "2019-10-10"}], "maxAge": 1}, "calendarEvents": {"maxAge": 1, "earnings": {"earningsDate": ["2021-06-22 05:30:S", "2021-06-26 05:30:S"], "revenueAverage": 183862000000, "revenueLow": 170150000000, "revenueHigh": 197573000000}, "exDividendDate": "2021-03-22 05:30:00"}, "price": {"maxAge": 1, "regularMarketChangePercent": 0.017804109, "regularMarketChange": 2.399994, "regularMarketTime": "2021-04-30 15:30:00", "priceHint": 2, "regularMarketPrice": 137.2, "regularMarketDayHigh": 141.45, "regularMarketDayLow": 132.3, "regularMarketVolume": 21349096, "averageDailyVolume10Day": 12827265, "averageDailyVolume3Month": 23475330, "regularMarketPreviousClose": 134.8, "regularMarketSource": "FREE_REALTIME", "regularMarketOpen": 133.45, "exchange": "NSI", "exchangeName": "NSE", "exchangeDataDelayedBy": 15, "marketState": "CLOSED", "quoteType": "EQUITY", "symbol": "GAIL.NS", "underlyingSymbol": null, "shortName": "GAIL INDIA LTD", "longName": "GAIL (India) Limited", "currency": "INR", "quoteSourceName": "Delayed Quote", "currencySymbol": "\u20b9", "fromCurrency": null, "toCurrency": null, "lastMarket": null, "marketCap": 609221541888}, "balanceSheetHistory": {"balanceSheetStatements": [{"maxAge": 1, "endDate": "2020-03-31", "cash": 6241300000, "shortTermInvestments": 3377400000, "netReceivables": 53041800000, "inventory": 31830100000, "otherCurrentAssets": 23718700000, "totalCurrentAssets": 119944300000, "longTermInvestments": 99297200000, "propertyPlantEquipment": 480155700000, "intangibleAssets": 18803600000, "otherAssets": 30941000000, "totalAssets": 749141800000, "accountsPayable": 39221800000, "shortLongTermDebt": 3153200000, "otherCurrentLiab": 45996500000, "longTermDebt": 37734000000, "otherLiab": 92168500000, "minorityInterest": 870400000, "totalCurrentLiabilities": 124761500000, "totalLiab": 255588900000, "commonStock": 45101400000, "retainedEarnings": 417402400000, "treasuryStock": 30176000000, "capitalSurplus": 2700000, "otherStockholderEquity": 30176000000, "totalStockholderEquity": 492682500000, "netTangibleAssets": 473878900000}, {"maxAge": 1, "endDate": "2019-03-31", "cash": 2966300000, "shortTermInvestments": 3327700000, "netReceivables": 49228800000, "inventory": 25026400000, "otherCurrentAssets": 29135600000, "totalCurrentAssets": 110486300000, "longTermInvestments": 107367400000, "propertyPlantEquipment": 410252700000, "intangibleAssets": 14125100000, "otherAssets": 41842500000, "totalAssets": 684074000000, "accountsPayable": 38760700000, "shortLongTermDebt": 1529300000, "otherCurrentLiab": 46094300000, "longTermDebt": 10269600000, "otherLiab": 106695000000, "minorityInterest": 459500000, "totalCurrentLiabilities": 106600200000, "totalLiab": 223573500000, "commonStock": 22550700000, "retainedEarnings": 387956400000, "treasuryStock": 49531200000, "capitalSurplus": 2700000, "otherStockholderEquity": 49531200000, "totalStockholderEquity": 460041000000, "netTangibleAssets": 445915900000}, {"maxAge": 1, "endDate": "2018-03-31", "cash": 13772400000, "shortTermInvestments": 7697300000, "netReceivables": 47291200000, "inventory": 19325100000, "otherCurrentAssets": 16289900000, "totalCurrentAssets": 108884200000, "longTermInvestments": 101788300000, "propertyPlantEquipment": 353552300000, "intangibleAssets": 10634500000, "otherAssets": 38482100000, "totalAssets": 613341400000, "accountsPayable": 39038900000, "shortLongTermDebt": 11234400000, "otherCurrentLiab": 40198400000, "longTermDebt": 11177900000, "otherLiab": 73117100000, "minorityInterest": 389200000, "totalCurrentLiabilities": 111863000000, "totalLiab": 196166500000, "commonStock": 22550700000, "retainedEarnings": 343223000000, "treasuryStock": 51009300000, "capitalSurplus": 2700000, "otherStockholderEquity": 51009300000, "totalStockholderEquity": 416785700000, "netTangibleAssets": 406151200000}, {"maxAge": 1, "endDate": "2017-03-31", "cash": 5196800000, "shortTermInvestments": 2562800000, "netReceivables": 51033200000, "inventory": 17081400000, "otherCurrentAssets": 17326900000, "totalCurrentAssets": 93841200000, "longTermInvestments": 102730400000, "propertyPlantEquipment": 332419300000, "intangibleAssets": 9759500000, "otherAssets": 43960300000, "totalAssets": 582710700000, "accountsPayable": 27406500000, "shortLongTermDebt": 21023100000, "otherCurrentLiab": 28758500000, "longTermDebt": 31790000000, "otherLiab": 64542300000, "minorityInterest": 330000000, "totalCurrentLiabilities": 92991100000, "totalLiab": 189331800000, "commonStock": 16913000000, "retainedEarnings": 318006200000, "treasuryStock": 58127000000, "capitalSurplus": 2700000, "otherStockholderEquity": 58127000000, "totalStockholderEquity": 393048900000, "netTangibleAssets": 383289400000}], "maxAge": 86400}, "earningsTrend": {"trend": [{"maxAge": 1, "period": "0q", "endDate": "2018-12-31", "growth": {}, "earningsEstimate": {"avg": 0.0, "low": 0.0, "high": 0.0, "yearAgoEps": 5.6, "numberOfAnalysts": 0, "growth": {}}, "revenueEstimate": {"avg": 183862000000, "low": 170150000000, "high": 197573000000, "numberOfAnalysts": 2, "yearAgoRevenue": 144143000000, "growth": 0.276}, "epsTrend": {"current": 0.0, "7daysAgo": 8.94, "30daysAgo": 8.94, "60daysAgo": 8.94, "90daysAgo": 8.94}, "epsRevisions": {"upLast7days": 0, "upLast30days": 0, "downLast30days": 0, "downLast90days": {}}}, {"maxAge": 1, "period": "+1q", "endDate": "2019-03-31", "growth": {}, "earningsEstimate": {"avg": 0.0, "low": 0.0, "high": 0.0, "yearAgoEps": 4.53, "numberOfAnalysts": 0, "growth": {}}, "revenueEstimate": {"avg": 190468000000, "low": 162800000000, "high": 218137000000, "numberOfAnalysts": 2, "yearAgoRevenue": 154307000000, "growth": 0.234}, "epsTrend": {"current": 0.0, "7daysAgo": 9.95, "30daysAgo": 9.95, "60daysAgo": 9.95, "90daysAgo": 9.95}, "epsRevisions": {"upLast7days": 0, "upLast30days": 0, "downLast30days": 0, "downLast90days": {}}}, {"maxAge": 1, "period": "0y", "endDate": "2019-03-31", "growth": {}, "earningsEstimate": {"avg": 0.0, "low": 0.0, "high": 0.0, "yearAgoEps": {}, "numberOfAnalysts": 0, "growth": {}}, "revenueEstimate": {"avg": 739251000000, "low": 592410000000, "high": 812183000000, "numberOfAnalysts": 15, "yearAgoRevenue": 536616000000, "growth": 0.378}, "epsTrend": {"current": 0.0, "7daysAgo": 28.13, "30daysAgo": 28.13, "60daysAgo": 28.13, "90daysAgo": 28.13}, "epsRevisions": {"upLast7days": 0, "upLast30days": 0, "downLast30days": 0, "downLast90days": {}}}, {"maxAge": 1, "period": "+1y", "endDate": "2020-03-31", "growth": {}, "earningsEstimate": {"avg": 0.0, "low": 0.0, "high": 0.0, "yearAgoEps": {}, "numberOfAnalysts": 0, "growth": {}}, "revenueEstimate": {"avg": 798475000000, "low": 649039000000, "high": 952374000000, "numberOfAnalysts": 15, "yearAgoRevenue": 739251000000, "growth": 0.08}, "epsTrend": {"current": 0.0, "7daysAgo": 30.81, "30daysAgo": 30.81, "60daysAgo": 30.81, "90daysAgo": 30.81}, "epsRevisions": {"upLast7days": 0, "upLast30days": 0, "downLast30days": 0, "downLast90days": {}}}, {"maxAge": 1, "period": "+5y", "endDate": null, "growth": 0.1785, "earningsEstimate": {"avg": {}, "low": {}, "high": {}, "yearAgoEps": {}, "numberOfAnalysts": {}, "growth": {}}, "revenueEstimate": {"avg": {}, "low": {}, "high": {}, "numberOfAnalysts": {}, "yearAgoRevenue": {}, "growth": {}}, "epsTrend": {"current": {}, "7daysAgo": {}, "30daysAgo": {}, "60daysAgo": {}, "90daysAgo": {}}, "epsRevisions": {"upLast7days": {}, "upLast30days": {}, "downLast30days": {}, "downLast90days": {}}}, {"maxAge": 1, "period": "-5y", "endDate": null, "growth": {}, "earningsEstimate": {"avg": {}, "low": {}, "high": {}, "yearAgoEps": {}, "numberOfAnalysts": {}, "growth": {}}, "revenueEstimate": {"avg": {}, "low": {}, "high": {}, "numberOfAnalysts": {}, "yearAgoRevenue": {}, "growth": {}}, "epsTrend": {"current": {}, "7daysAgo": {}, "30daysAgo": {}, "60daysAgo": {}, "90daysAgo": {}}, "epsRevisions": {"upLast7days": {}, "upLast30days": {}, "downLast30days": {}, "downLast90days": {}}}], "maxAge": 1}, "institutionOwnership": {"maxAge": 1, "ownershipList": []}, "majorHoldersBreakdown": {"maxAge": 1, "insidersPercentHeld": 0.58808, "institutionsPercentHeld": 0.26005, "institutionsFloatPercentHeld": 0.63132, "institutionsCount": 169}, "balanceSheetHistoryQuarterly": {"balanceSheetStatements": [{"maxAge": 1, "endDate": "2020-12-31", "totalStockholderEquity": 509692200000, "netTangibleAssets": 489738100000}, {"maxAge": 1, "endDate": "2020-09-30", "cash": 16753800000, "shortTermInvestments": 12158200000, "netReceivables": 55743000000, "inventory": 25357200000, "otherCurrentAssets": 6299200000, "totalCurrentAssets": 116311400000, "longTermInvestments": 104588900000, "propertyPlantEquipment": 487926500000, "intangibleAssets": 19954100000, "otherAssets": 28933500000, "totalAssets": 757714400000, "accountsPayable": 42936500000, "otherCurrentLiab": 51064800000, "longTermDebt": 38082100000, "otherLiab": 92727300000, "minorityInterest": 320000000, "totalCurrentLiabilities": 116013500000, "totalLiab": 247702200000, "commonStock": 45101400000, "treasuryStock": 464590800000, "otherStockholderEquity": 464590800000, "totalStockholderEquity": 509692200000, "netTangibleAssets": 489738100000}, {"maxAge": 1, "endDate": "2020-06-30", "totalStockholderEquity": 492682500000, "netTangibleAssets": 473878900000}, {"maxAge": 1, "endDate": "2020-03-31", "cash": 6241300000, "shortTermInvestments": 3377400000, "netReceivables": 53041800000, "inventory": 31830100000, "otherCurrentAssets": 23718700000, "totalCurrentAssets": 119944300000, "longTermInvestments": 99297200000, "propertyPlantEquipment": 480155700000, "intangibleAssets": 18803600000, "otherAssets": 30941000000, "totalAssets": 749141800000, "accountsPayable": 39221800000, "shortLongTermDebt": 3153200000, "otherCurrentLiab": 45996500000, "longTermDebt": 37734000000, "otherLiab": 92168500000, "minorityInterest": 870400000, "totalCurrentLiabilities": 124761500000, "totalLiab": 255588900000, "commonStock": 45101400000, "retainedEarnings": 417402400000, "treasuryStock": 30176000000, "capitalSurplus": 2700000, "otherStockholderEquity": 30176000000, "totalStockholderEquity": 492682500000, "netTangibleAssets": 473878900000}], "maxAge": 86400}, "earningsHistory": {"history": [{"maxAge": 1, "epsActual": 5.6, "epsEstimate": 5.7, "epsDifference": -0.1, "surprisePercent": -0.018, "quarter": "2017-12-31", "period": "-4q"}, {"maxAge": 1, "epsActual": 4.53, "epsEstimate": 6.14, "epsDifference": -1.61, "surprisePercent": -0.262, "quarter": "2018-03-31", "period": "-3q"}, {"maxAge": 1, "epsActual": 5.58, "epsEstimate": 5.17, "epsDifference": 0.41, "surprisePercent": 0.079, "quarter": "2018-06-30", "period": "-2q"}, {"maxAge": 1, "epsActual": 8.7, "epsEstimate": 6.85, "epsDifference": 1.85, "surprisePercent": 0.27, "quarter": "2018-09-30", "period": "-1q"}], "maxAge": 86400}, "esgScores": {"maxAge": 86400, "totalEsg": 30.83, "environmentScore": 11.67, "socialScore": 10.96, "governanceScore": 8.2, "ratingYear": 2021, "ratingMonth": 3, "highestControversy": 3.0, "peerCount": 107, "esgPerformance": "OUT_PERF", "peerGroup": "Utilities", "relatedControversy": ["Customer Incidents", "Society & Community Incidents"], "peerEsgScorePerformance": {"min": 9.36, "avg": 31.41775700934581, "max": 67.39}, "peerGovernancePerformance": {"min": 3.77, "avg": 6.713106796116505, "max": 10.58}, "peerSocialPerformance": {"min": 2.88, "avg": 10.809708737864078, "max": 29.63}, "peerEnvironmentPerformance": {"min": 1.82, "avg": 13.915436893203884, "max": 28.88}, "peerHighestControversyPerformance": {"min": 0.0, "avg": 1.8130841121495327, "max": 5.0}, "percentile": 60.39, "environmentPercentile": null, "socialPercentile": null, "governancePercentile": null, "adult": false, "alcoholic": false, "animalTesting": false, "catholic": false, "controversialWeapons": false, "smallArms": false, "furLeather": false, "gambling": false, "gmo": false, "militaryContract": false, "nuclear": false, "pesticides": false, "palmOil": false, "coal": false, "tobacco": false}, "summaryProfile": {"address1": "GAIL Bhawan", "address2": "16 Bhikaji Cama Place R K Puram", "city": "New Delhi", "zip": "110066", "country": "India", "phone": "91 11 2618 2955", "fax": "91 11 2618 5941", "website": "http://www.gailonline.com", "industry": "Utilities\u2014Regulated Gas", "sector": "Utilities", "longBusinessSummary": "GAIL (India) Limited operates as a natural gas processing and distribution company in India and internationally. The company operates through Transmission Services, Natural Gas Marketing, Petrochemicals, LPG and Other Liquid Hydrocarbons, and Other segments. It is involved in the transmission, distribution, and marketing of natural gas to the power, city gas distribution, fertilizer, and other sectors. The company also sources, markets, and trades in liquefied natural gas (LNG); markets liquefied petroleum gas (LPG), propane, pentane, naphtha, mixed fuel oil, propylene, and hydrogenated C4 mix; and manufactures petrochemicals, such as high density polyethylene and linear low density polyethylene under the brand names of G-Lex and G-Lene. In addition, it operates a network of compressed natural gas stations; and provides piped natural gas to domestic, commercial, and industrial applications, as well as has interests in 11 exploration and production blocks located in Assam-Arakan, Cambay, Cauvery, Gujarat Kutch, and Myanmar basins covering an area of 2,170 square kilometers. Further, the company offers telecommunication services through GAILTEL; and generates, transmits, and distributes electric power through 118 MW wind power plant and 12.3 MW solar power plant. Additionally, it engages in the charter hiring of LNG vessels. The company owns and operates approximately 12,426 km of natural gas pipelines; 2,038 km LPG pipeline transmission network; and five gas processing plants for production of LPG, propane, pentane, naphtha, etc. GAIL (India) Limited was founded in 1984 and is based in New Delhi, India.", "fullTimeEmployees": 4682, "companyOfficers": [], "maxAge": 86400}, "netSharePurchaseActivity": {"maxAge": 1, "period": "6m", "buyInfoCount": 0, "buyInfoShares": 0, "sellInfoCount": 0, "netInfoCount": 0, "netInfoShares": 0, "netPercentInsiderShares": 0.0, "totalInsiderShares": 2650031872}, "insiderTransactions": {"transactions": [{"maxAge": 1, "shares": 1638067413, "filerUrl": "", "transactionText": "", "filerName": "President of India", "filerRelation": "Promoter", "moneyText": "", "startDate": "2019-10-10", "ownership": "D"}, {"maxAge": 1, "shares": 15315380, "filerUrl": "", "transactionText": "", "filerName": "President of India", "filerRelation": "Promoter", "moneyText": "", "startDate": "2017-01-25", "ownership": "D"}, {"maxAge": 1, "shares": 37819, "filerUrl": "", "transactionText": "", "filerName": "President of India", "filerRelation": "Promoter", "moneyText": "", "startDate": "2015-04-10", "ownership": "D"}, {"maxAge": 1, "shares": 15672024, "filerUrl": "", "transactionText": "", "filerName": "President of India", "filerRelation": "Promoter", "moneyText": "", "startDate": "2014-03-27", "ownership": "D"}], "maxAge": 1}, "sectorTrend": {"maxAge": 1, "symbol": null, "estimates": []}, "incomeStatementHistoryQuarterly": {"incomeStatementHistory": [{"maxAge": 1, "endDate": "2020-12-31", "totalRevenue": 156635900000, "costOfRevenue": 116755600000, "grossProfit": 39880300000, "researchDevelopment": {}, "sellingGeneralAdministrative": 4317500000, "nonRecurring": {}, "otherOperatingExpenses": 13117400000, "totalOperatingExpenses": 139799600000, "operatingIncome": 16836300000, "totalOtherIncomeExpenseNet": 6622200000, "ebit": 16836300000, "interestExpense": -374000000, "incomeBeforeTax": 23458500000, "incomeTaxExpense": 4488100000, "minorityInterest": {}, "netIncomeFromContinuingOps": 18970400000, "discontinuedOperations": {}, "extraordinaryItems": {}, "effectOfAccountingCharges": {}, "otherItems": {}, "netIncome": 18836100000, "netIncomeApplicableToCommonShares": 18836100000}, {"maxAge": 1, "endDate": "2020-09-30", "totalRevenue": 137962900000, "costOfRevenue": 108367300000, "grossProfit": 29595600000, "researchDevelopment": {}, "sellingGeneralAdministrative": 4343500000, "nonRecurring": {}, "otherOperatingExpenses": 11021300000, "totalOperatingExpenses": 129190800000, "operatingIncome": 8772100000, "totalOtherIncomeExpenseNet": 5547900000, "ebit": 8772100000, "interestExpense": -316600000, "incomeBeforeTax": 14320000000, "incomeTaxExpense": 3638400000, "minorityInterest": 320000000, "netIncomeFromContinuingOps": 10681600000, "discontinuedOperations": {}, "extraordinaryItems": {}, "effectOfAccountingCharges": {}, "otherItems": {}, "netIncome": 11117800000, "netIncomeApplicableToCommonShares": 11117800000}, {"maxAge": 1, "endDate": "2020-06-30", "totalRevenue": 121741500000, "costOfRevenue": 99183000000, "grossProfit": 22558500000, "researchDevelopment": {}, "sellingGeneralAdministrative": 4258000000, "nonRecurring": {}, "otherOperatingExpenses": 11363200000, "totalOperatingExpenses": 120015300000, "operatingIncome": 1726200000, "totalOtherIncomeExpenseNet": 5561200000, "ebit": 1726200000, "interestExpense": -525600000, "incomeBeforeTax": 7287400000, "incomeTaxExpense": 857700000, "minorityInterest": 320000000, "netIncomeFromContinuingOps": 6429700000, "discontinuedOperations": {}, "extraordinaryItems": {}, "effectOfAccountingCharges": {}, "otherItems": {}, "netIncome": 6543300000, "netIncomeApplicableToCommonShares": 6543300000}, {"maxAge": 1, "endDate": "2020-03-31", "totalRevenue": 179227900000, "costOfRevenue": 133827900000, "grossProfit": 45400000000, "researchDevelopment": {}, "sellingGeneralAdministrative": 4527500000, "nonRecurring": {}, "otherOperatingExpenses": 8557600000, "totalOperatingExpenses": 153314900000, "operatingIncome": 25913000000, "totalOtherIncomeExpenseNet": 10074000000, "ebit": 25913000000, "interestExpense": -2156600000, "incomeBeforeTax": 35987000000, "incomeTaxExpense": -12151800000, "minorityInterest": 870400000, "netIncomeFromContinuingOps": 48138800000, "discontinuedOperations": {}, "extraordinaryItems": {}, "effectOfAccountingCharges": {}, "otherItems": {}, "netIncome": 47283700000, "netIncomeApplicableToCommonShares": 47283700000}], "maxAge": 86400}, "cashflowStatementHistoryQuarterly": {"cashflowStatements": [{"maxAge": 1, "endDate": "2020-12-31", "netIncome": 18836100000, "changeToLiabilities": 0}, {"maxAge": 1, "endDate": "2020-09-30", "netIncome": 11117800000, "changeToLiabilities": 0}, {"maxAge": 1, "endDate": "2020-06-30", "netIncome": 6543300000, "changeToLiabilities": 0}, {"maxAge": 1, "endDate": "2020-03-31", "netIncome": 47283700000, "changeToLiabilities": 0}], "maxAge": 86400}, "earnings": {"maxAge": 86400, "earningsChart": {"quarterly": [{"date": "4Q2017", "actual": 5.6, "estimate": 5.7}, {"date": "1Q2018", "actual": 4.53, "estimate": 6.14}, {"date": "2Q2018", "actual": 5.58, "estimate": 5.17}, {"date": "3Q2018", "actual": 8.7, "estimate": 6.85}], "currentQuarterEstimateDate": "4Q", "currentQuarterEstimateYear": 2018, "earningsDate": ["2021-06-22 05:30:S", "2021-06-26 05:30:S"]}, "financialsChart": {"yearly": [{"date": 2017, "revenue": 485517200000, "earnings": 33681600000}, {"date": 2018, "revenue": 544963500000, "earnings": 47990700000}, {"date": 2019, "revenue": 761898900000, "earnings": 65457400000}, {"date": 2020, "revenue": 725084200000, "earnings": 94220500000}], "quarterly": [{"date": "1Q2020", "revenue": 179227900000, "earnings": 47283700000}, {"date": "2Q2020", "revenue": 121741500000, "earnings": 6543300000}, {"date": "3Q2020", "revenue": 137962900000, "earnings": 11117800000}, {"date": "4Q2020", "revenue": 156635900000, "earnings": 18836100000}]}, "financialCurrency": "INR"}, "financialData": {"maxAge": 86400, "currentPrice": 137.2, "targetHighPrice": 525.0, "targetLowPrice": 320.0, "targetMeanPrice": 434.29, "targetMedianPrice": 436.0, "recommendationKey": "none", "numberOfAnalystOpinions": 35, "totalCash": 28912001024, "totalCashPerShare": 6.416, "ebitda": 74545848320, "totalDebt": 60973600768, "totalRevenue": 595568230400, "debtToEquity": 11.955, "revenuePerShare": 131.994, "grossProfits": 156463100000, "earningsGrowth": -0.069, "revenueGrowth": -0.124, "grossMargins": 0.23076001, "ebitdaMargins": 0.12517, "operatingMargins": 0.08941, "profitMargins": 0.14067, "financialCurrency": "INR"}}}