{"GALAXYSURF.BO": {"recommendationTrend": {"trend": [{"period": "0m", "strongBuy": 0, "buy": 0, "hold": 0, "sell": 0, "strongSell": 0}, {"period": "-1m", "strongBuy": 0, "buy": 0, "hold": 0, "sell": 0, "strongSell": 0}, {"period": "-2m", "strongBuy": 0, "buy": 0, "hold": 0, "sell": 0, "strongSell": 0}, {"period": "-3m", "strongBuy": 0, "buy": 0, "hold": 0, "sell": 0, "strongSell": 0}], "maxAge": 86400}, "cashflowStatementHistory": {"cashflowStatements": [{"maxAge": 1, "endDate": "2020-03-31", "netIncome": 2304100000, "depreciation": 604400000, "changeToNetincome": 122700000, "changeToAccountReceivables": 34500000, "changeToLiabilities": -304300000, "changeToInventory": 382600000, "totalCashFromOperatingActivities": 3161500000, "capitalExpenditures": -1416000000, "investments": -111000000, "otherCashflowsFromInvestingActivities": 14100000, "totalCashflowsFromInvestingActivities": -1510800000, "dividendsPaid": -939600000, "netBorrowings": -272300000, "otherCashflowsFromFinancingActivities": -226300000, "totalCashFromFinancingActivities": -1438200000, "effectOfExchangeRate": 14200000, "changeInCash": 226700000}, {"maxAge": 1, "endDate": "2019-03-31", "netIncome": 1909800000, "depreciation": 497900000, "changeToNetincome": 396300000, "changeToAccountReceivables": 278100000, "changeToLiabilities": -288100000, "changeToInventory": 21200000, "totalCashFromOperatingActivities": 2829300000, "capitalExpenditures": -1689400000, "investments": -111000000, "otherCashflowsFromInvestingActivities": 6800000, "totalCashflowsFromInvestingActivities": -1673100000, "dividendsPaid": -246500000, "netBorrowings": -622800000, "otherCashflowsFromFinancingActivities": -322900000, "totalCashFromFinancingActivities": -1192200000, "effectOfExchangeRate": 15600000, "changeInCash": -20400000}, {"maxAge": 1, "endDate": "2018-03-31", "netIncome": 1580300000, "depreciation": 472000000, "changeToNetincome": 274700000, "changeToAccountReceivables": -1276400000, "changeToLiabilities": 672500000, "changeToInventory": -282500000, "totalCashFromOperatingActivities": 1453900000, "capitalExpenditures": -569400000, "investments": -111000000, "otherCashflowsFromInvestingActivities": 16600000, "totalCashflowsFromInvestingActivities": -545800000, "dividendsPaid": -105200000, "netBorrowings": -484500000, "otherCashflowsFromFinancingActivities": -306900000, "totalCashFromFinancingActivities": -896600000, "effectOfExchangeRate": 2000000, "changeInCash": 13500000}, {"maxAge": 1, "endDate": "2017-03-31", "netIncome": 1476200000, "depreciation": 455200000, "changeToNetincome": 297300000, "changeToAccountReceivables": -1016800000, "changeToLiabilities": 745600000, "changeToInventory": -863500000, "totalCashFromOperatingActivities": 1110400000, "capitalExpenditures": -429900000, "investments": 7100000, "otherCashflowsFromInvestingActivities": 6700000, "totalCashflowsFromInvestingActivities": -425800000, "dividendsPaid": -143900000, "netBorrowings": -133000000, "otherCashflowsFromFinancingActivities": -293200000, "totalCashFromFinancingActivities": -570100000, "effectOfExchangeRate": -4100000, "changeInCash": 110400000}], "maxAge": 86400}, "institutionOwnership": {"ownershipList": [], "maxAge": 1}, "balanceSheetHistoryQuarterly": {"balanceSheetStatements": [{"maxAge": 1, "endDate": "2020-06-30", "totalStockholderEquity": 10677500000, "netTangibleAssets": 10595200000}, {"maxAge": 1, "endDate": "2020-03-31", "cash": 477000000, "shortTermInvestments": 800000, "netReceivables": 4545400000, "inventory": 3250300000, "otherCurrentAssets": 1079300000, "totalCurrentAssets": 9352800000, "longTermInvestments": 4500000, "propertyPlantEquipment": 8055900000, "goodWill": 27500000, "intangibleAssets": 54800000, "otherAssets": 624000000, "deferredLongTermAssetCharges": 1100000, "totalAssets": 18119500000, "accountsPayable": 2731300000, "shortLongTermDebt": 527200000, "otherCurrentLiab": 316500000, "longTermDebt": 1166300000, "otherLiab": 386700000, "totalCurrentLiabilities": 5692200000, "totalLiab": 7442000000, "commonStock": 354500000, "retainedEarnings": 9798200000, "treasuryStock": 522800000, "capitalSurplus": 2000000, "otherStockholderEquity": 522800000, "totalStockholderEquity": 10677500000, "netTangibleAssets": 10595200000}, {"maxAge": 1, "endDate": "2019-12-31", "totalStockholderEquity": 9922500000, "netTangibleAssets": 9840500000}, {"maxAge": 1, "endDate": "2019-09-30", "cash": 341900000, "shortTermInvestments": 59000000, "netReceivables": 4179200000, "inventory": 3519800000, "otherCurrentAssets": 1189900000, "totalCurrentAssets": 9289800000, "longTermInvestments": 8800000, "propertyPlantEquipment": 6792200000, "goodWill": 25700000, "intangibleAssets": 56300000, "otherAssets": 681700000, "deferredLongTermAssetCharges": 42100000, "totalAssets": 16854500000, "accountsPayable": 2582400000, "otherCurrentLiab": 801900000, "longTermDebt": 634000000, "otherLiab": 382200000, "totalCurrentLiabilities": 5709300000, "totalLiab": 6932000000, "commonStock": 354500000, "treasuryStock": 9568000000, "otherStockholderEquity": 9568000000, "totalStockholderEquity": 9922500000, "netTangibleAssets": 9840500000}], "maxAge": 86400}, "earningsHistory": {"history": [{"maxAge": 1, "epsActual": {}, "epsEstimate": {}, "epsDifference": {}, "surprisePercent": {}, "quarter": {}, "period": "-4q"}, {"maxAge": 1, "epsActual": {}, "epsEstimate": {}, "epsDifference": {}, "surprisePercent": {}, "quarter": {}, "period": "-3q"}, {"maxAge": 1, "epsActual": {}, "epsEstimate": {}, "epsDifference": {}, "surprisePercent": {}, "quarter": {}, "period": "-2q"}, {"maxAge": 1, "epsActual": {}, "epsEstimate": {}, "epsDifference": {}, "surprisePercent": {}, "quarter": {}, "period": "-1q"}], "maxAge": 86400}, "indexTrend": {"maxAge": 1, "symbol": "SP5", "peRatio": 19.7411, "pegRatio": 1.34172, "estimates": [{"period": "0q", "growth": 0.549}, {"period": "+1q", "growth": 0.431}, {"period": "0y", "growth": 0.305}, {"period": "+1y", "growth": 0.109}, {"period": "+5y", "growth": 0.120865}, {"period": "-5y"}]}, "industryTrend": {"maxAge": 1, "symbol": null, "estimates": []}, "insiderTransactions": {"transactions": [{"maxAge": 1, "shares": 584, "value": 13570, "filerUrl": "", "transactionText": "Acquisition at price 23.24 per share.", "filerName": "Natarajan (Krishnan)", "filerRelation": "UNREPORTED", "moneyText": "", "startDate": "2020-10-21", "ownership": "D"}, {"maxAge": 1, "shares": 367, "value": 8994, "filerUrl": "", "transactionText": "Sale at price 24.51 per share.", "filerName": "Unnathan (Sridhar)", "filerRelation": "Promoter", "moneyText": "", "startDate": "2020-10-13", "ownership": "D"}, {"maxAge": 1, "shares": 578, "value": 13030, "filerUrl": "", "transactionText": "Sale at price 22.54 per share.", "filerName": "Unnathan (Sridhar)", "filerRelation": "Promoter", "moneyText": "", "startDate": "2020-08-07", "ownership": "D"}, {"maxAge": 1, "shares": 517, "value": 11055, "filerUrl": "", "transactionText": "Sale at price 21.38 per share.", "filerName": "Unnathan (Sridhar)", "filerRelation": "Promoter", "moneyText": "", "startDate": "2020-07-24", "ownership": "D"}, {"maxAge": 1, "shares": 512, "filerUrl": "", "transactionText": "", "filerName": "Unnathan (Sridhar)", "filerRelation": "Promoter", "moneyText": "", "startDate": "2020-04-08", "ownership": "D"}, {"maxAge": 1, "shares": 246, "filerUrl": "", "transactionText": "", "filerName": "Natarajan (Krishnan)", "filerRelation": "UNREPORTED", "moneyText": "", "startDate": "2020-04-08", "ownership": "D"}, {"maxAge": 1, "shares": 121, "filerUrl": "", "transactionText": "", "filerName": "Unnathan (Sridhar)", "filerRelation": "Promoter", "moneyText": "", "startDate": "2020-04-07", "ownership": "D"}, {"maxAge": 1, "shares": 85, "filerUrl": "", "transactionText": "", "filerName": "Natarajan (Krishnan)", "filerRelation": "Chief Operating Officer", "moneyText": "", "startDate": "2020-03-20", "ownership": "D"}, {"maxAge": 1, "shares": 265, "filerUrl": "", "transactionText": "", "filerName": "Natarajan (Krishnan)", "filerRelation": "Chief Operating Officer", "moneyText": "", "startDate": "2020-03-19", "ownership": "D"}, {"maxAge": 1, "shares": 360, "filerUrl": "", "transactionText": "", "filerName": "Unnathan (Sridhar)", "filerRelation": "Promoter", "moneyText": "", "startDate": "2020-02-20", "ownership": "D"}, {"maxAge": 1, "shares": 853, "filerUrl": "", "transactionText": "", "filerName": "Unnathan (Sridhar)", "filerRelation": "Promoter", "moneyText": "", "startDate": "2020-01-03", "ownership": "D"}, {"maxAge": 1, "shares": 1074, "filerUrl": "", "transactionText": "", "filerName": "Unnathan (Sridhar)", "filerRelation": "Promoter", "moneyText": "", "startDate": "2019-12-24", "ownership": "D"}, {"maxAge": 1, "shares": 4100, "filerUrl": "", "transactionText": "", "filerName": "Natarajan (Krishnan)", "filerRelation": "Chief Operating Officer", "moneyText": "", "startDate": "2019-03-26", "ownership": "D"}, {"maxAge": 1, "shares": 1938100, "filerUrl": "", "transactionText": "", "filerName": "Patil (Sandhya S)", "filerRelation": "Promoter", "moneyText": "", "startDate": "2018-12-20", "ownership": "D"}, {"maxAge": 1, "shares": 4106040, "filerUrl": "", "transactionText": "", "filerName": "Patil (Sandhya S)", "filerRelation": "UNREPORTED", "moneyText": "", "startDate": "2018-10-26", "ownership": "D"}], "maxAge": 1}, "quoteType": {"exchange": "BSE", "quoteType": "EQUITY", "symbol": "GALAXYSURF.BO", "underlyingSymbol": "GALAXYSURF.BO", "shortName": "Galaxy Surfactants Limited", "longName": "Galaxy Surfactants Limited", "firstTradeDateEpochUtc": "2018-02-08 09:15:00", "timeZoneFullName": "Asia/Kolkata", "timeZoneShortName": "IST", "uuid": "10cd2fa5-fc03-386e-9913-c276d66fc24c", "gmtOffSetMilliseconds": 19800000, "maxAge": 1}, "incomeStatementHistory": {"incomeStatementHistory": [{"maxAge": 1, "endDate": "2020-03-31", "totalRevenue": 25963800000, "costOfRevenue": 17332900000, "grossProfit": 8630900000, "researchDevelopment": {}, "sellingGeneralAdministrative": 1906700000, "nonRecurring": {}, "otherOperatingExpenses": 3035100000, "totalOperatingExpenses": 22896600000, "operatingIncome": 3067200000, "totalOtherIncomeExpenseNet": -178800000, "ebit": 3067200000, "interestExpense": -228900000, "incomeBeforeTax": 2888400000, "incomeTaxExpense": 584300000, "minorityInterest": {}, "netIncomeFromContinuingOps": 2304100000, "discontinuedOperations": {}, "extraordinaryItems": {}, "effectOfAccountingCharges": {}, "otherItems": {}, "netIncome": 2304100000, "netIncomeApplicableToCommonShares": 2304100000}, {"maxAge": 1, "endDate": "2019-03-31", "totalRevenue": 27629900000, "costOfRevenue": 19618200000, "grossProfit": 8011700000, "researchDevelopment": {}, "sellingGeneralAdministrative": 1741000000, "nonRecurring": {}, "otherOperatingExpenses": 2737000000, "totalOperatingExpenses": 24608200000, "operatingIncome": 3021700000, "totalOtherIncomeExpenseNet": -253200000, "ebit": 3021700000, "interestExpense": -293500000, "incomeBeforeTax": 2768500000, "incomeTaxExpense": 858700000, "minorityInterest": {}, "netIncomeFromContinuingOps": 1909800000, "discontinuedOperations": {}, "extraordinaryItems": {}, "effectOfAccountingCharges": {}, "otherItems": {}, "netIncome": 1909800000, "netIncomeApplicableToCommonShares": 1909800000}, {"maxAge": 1, "endDate": "2018-03-31", "totalRevenue": 24339100000, "costOfRevenue": 17651700000, "grossProfit": 6687400000, "researchDevelopment": {}, "sellingGeneralAdministrative": 1571600000, "nonRecurring": {}, "otherOperatingExpenses": 2238700000, "totalOperatingExpenses": 21947300000, "operatingIncome": 2391800000, "totalOtherIncomeExpenseNet": -204100000, "ebit": 2391800000, "interestExpense": -304100000, "incomeBeforeTax": 2187700000, "incomeTaxExpense": 607400000, "minorityInterest": {}, "netIncomeFromContinuingOps": 1580300000, "discontinuedOperations": {}, "extraordinaryItems": {}, "effectOfAccountingCharges": {}, "otherItems": {}, "netIncome": 1580300000, "netIncomeApplicableToCommonShares": 1580300000}, {"maxAge": 1, "endDate": "2017-03-31", "totalRevenue": 21613400000, "costOfRevenue": 15343700000, "grossProfit": 6269700000, "researchDevelopment": {}, "sellingGeneralAdministrative": 1415500000, "nonRecurring": {}, "otherOperatingExpenses": 2140400000, "totalOperatingExpenses": 19371200000, "operatingIncome": 2242200000, "totalOtherIncomeExpenseNet": -168000000, "ebit": 2242200000, "interestExpense": -269100000, "incomeBeforeTax": 2074200000, "incomeTaxExpense": 598000000, "minorityInterest": {}, "netIncomeFromContinuingOps": 1476200000, "discontinuedOperations": {}, "extraordinaryItems": {}, "effectOfAccountingCharges": {}, "otherItems": {}, "netIncome": 1476200000, "netIncomeApplicableToCommonShares": 1476200000}], "maxAge": 86400}, "fundOwnership": {"ownershipList": [], "maxAge": 1}, "summaryDetail": {"maxAge": 1, "priceHint": 2, "previousClose": 2901.9, "open": 2897.6, "dayLow": 2875.0, "dayHigh": 2939.0, "regularMarketPreviousClose": 2901.9, "regularMarketOpen": 2897.6, "regularMarketDayLow": 2875.0, "regularMarketDayHigh": 2939.0, "trailingPE": 44.126324, "volume": 1253, "regularMarketVolume": 1253, "averageVolume": 3696, "averageVolume10days": 1298, "averageDailyVolume10Day": 1298, "bid": 2890.0, "ask": 2929.0, "bidSize": 0, "askSize": 0, "marketCap": 103412785152, "fiftyTwoWeekLow": 975.0, "fiftyTwoWeekHigh": 2939.0, "fiftyDayAverage": 2092.0728, "twoHundredDayAverage": 1863.5618, "trailingAnnualDividendRate": 11.0, "trailingAnnualDividendYield": 0.00379062, "currency": "INR", "fromCurrency": null, "lastMarket": null, "algorithm": null, "tradeable": false}, "sectorTrend": {"maxAge": 1, "symbol": null, "estimates": []}, "incomeStatementHistoryQuarterly": {"incomeStatementHistory": [{"maxAge": 1, "endDate": "2020-06-30", "totalRevenue": 6071600000, "costOfRevenue": 3995300000, "grossProfit": 2076300000, "researchDevelopment": {}, "sellingGeneralAdministrative": 462900000, "nonRecurring": {}, "otherOperatingExpenses": 708800000, "totalOperatingExpenses": 5331300000, "operatingIncome": 740300000, "totalOtherIncomeExpenseNet": -41400000, "ebit": 740300000, "interestExpense": -48100000, "incomeBeforeTax": 698900000, "incomeTaxExpense": 134000000, "minorityInterest": {}, "netIncomeFromContinuingOps": 564900000, "discontinuedOperations": {}, "extraordinaryItems": {}, "effectOfAccountingCharges": {}, "otherItems": {}, "netIncome": 564900000, "netIncomeApplicableToCommonShares": 564900000}, {"maxAge": 1, "endDate": "2020-03-31", "totalRevenue": 6566500000, "costOfRevenue": 4358000000, "grossProfit": 2208500000, "researchDevelopment": {}, "sellingGeneralAdministrative": 590800000, "nonRecurring": {}, "otherOperatingExpenses": 591500000, "totalOperatingExpenses": 5695200000, "operatingIncome": 871300000, "totalOtherIncomeExpenseNet": -55500000, "ebit": 871300000, "interestExpense": -46500000, "incomeBeforeTax": 815800000, "incomeTaxExpense": 187800000, "minorityInterest": {}, "netIncomeFromContinuingOps": 628000000, "discontinuedOperations": {}, "extraordinaryItems": {}, "effectOfAccountingCharges": {}, "otherItems": {}, "netIncome": 628000000, "netIncomeApplicableToCommonShares": 628000000}, {"maxAge": 1, "endDate": "2019-12-31", "totalRevenue": 6258900000, "costOfRevenue": 4216400000, "grossProfit": 2042500000, "researchDevelopment": {}, "sellingGeneralAdministrative": 432000000, "nonRecurring": {}, "otherOperatingExpenses": 789100000, "totalOperatingExpenses": 5601800000, "operatingIncome": 657100000, "totalOtherIncomeExpenseNet": -24800000, "ebit": 657100000, "interestExpense": -58400000, "incomeBeforeTax": 632300000, "incomeTaxExpense": 152400000, "minorityInterest": {}, "netIncomeFromContinuingOps": 479900000, "discontinuedOperations": {}, "extraordinaryItems": {}, "effectOfAccountingCharges": {}, "otherItems": {}, "netIncome": 479900000, "netIncomeApplicableToCommonShares": 479900000}, {"maxAge": 1, "endDate": "2019-09-30", "totalRevenue": 6488200000, "costOfRevenue": 4330100000, "grossProfit": 2158100000, "researchDevelopment": {}, "sellingGeneralAdministrative": 427500000, "nonRecurring": {}, "otherOperatingExpenses": 850300000, "totalOperatingExpenses": 5761500000, "operatingIncome": 726700000, "totalOtherIncomeExpenseNet": -51300000, "ebit": 726700000, "interestExpense": -64300000, "incomeBeforeTax": 675400000, "incomeTaxExpense": 4700000, "minorityInterest": {}, "netIncomeFromContinuingOps": 670700000, "discontinuedOperations": {}, "extraordinaryItems": {}, "effectOfAccountingCharges": {}, "otherItems": {}, "netIncome": 670700000, "netIncomeApplicableToCommonShares": 670700000}], "maxAge": 86400}, "cashflowStatementHistoryQuarterly": {"cashflowStatements": [{"maxAge": 1, "endDate": "2020-06-30", "netIncome": 564900000, "changeToLiabilities": 0}, {"maxAge": 1, "endDate": "2020-03-31", "netIncome": 628000000, "changeToLiabilities": 0}, {"maxAge": 1, "endDate": "2019-12-31", "netIncome": 479900000, "changeToLiabilities": 0}, {"maxAge": 1, "endDate": "2019-09-30", "netIncome": 670700000, "changeToLiabilities": 0}], "maxAge": 86400}, "insiderHolders": {"holders": [{"maxAge": 1, "name": "Natarajan (Krishnan)", "relation": "UNREPORTED", "url": "", "transactionDescription": "Acquisition", "latestTransDate": "2020-10-21", "positionDirect": 5280, "positionDirectDate": "2020-10-21"}, {"maxAge": 1, "name": "Patil (Sandhya S)", "relation": "Promoter", "url": "", "transactionDescription": "Other", "latestTransDate": "2018-12-20", "positionDirect": 6044140, "positionDirectDate": "2018-12-20"}, {"maxAge": 1, "name": "Unnathan (Sridhar)", "relation": "Promoter", "url": "", "transactionDescription": "Sale", "latestTransDate": "2020-10-13", "positionDirect": 46438, "positionDirectDate": "2020-10-13"}], "maxAge": 1}, "earnings": {"maxAge": 86400, "earningsChart": {"quarterly": [], "earningsDate": []}, "financialsChart": {"yearly": [{"date": 2017, "revenue": 21613400000, "earnings": 1476200000}, {"date": 2018, "revenue": 24339100000, "earnings": 1580300000}, {"date": 2019, "revenue": 27629900000, "earnings": 1909800000}, {"date": 2020, "revenue": 25963800000, "earnings": 2304100000}], "quarterly": [{"date": "3Q2019", "revenue": 6488200000, "earnings": 670700000}, {"date": "4Q2019", "revenue": 6258900000, "earnings": 479900000}, {"date": "1Q2020", "revenue": 6566500000, "earnings": 628000000}, {"date": "2Q2020", "revenue": 6071600000, "earnings": 564900000}]}, "financialCurrency": "INR"}, "calendarEvents": {"maxAge": 1, "earnings": {"earningsDate": []}}, "upgradeDowngradeHistory": {"history": [], "maxAge": 86400}, "price": {"maxAge": 1, "regularMarketChangePercent": 0.0051173703, "regularMarketChange": 14.850098, "regularMarketTime": "2021-04-30 15:29:41", "priceHint": 2, "regularMarketPrice": 2916.75, "regularMarketDayHigh": 2939.0, "regularMarketDayLow": 2875.0, "regularMarketVolume": 1253, "averageDailyVolume10Day": 1298, "averageDailyVolume3Month": 3696, "regularMarketPreviousClose": 2901.9, "regularMarketSource": "FREE_REALTIME", "regularMarketOpen": 2897.6, "exchange": "BSE", "exchangeName": "BSE", "exchangeDataDelayedBy": 0, "marketState": "CLOSED", "quoteType": "EQUITY", "symbol": "GALAXYSURF.BO", "underlyingSymbol": null, "shortName": "Galaxy Surfactants Limited", "longName": "Galaxy Surfactants Limited", "currency": "INR", "quoteSourceName": "Delayed Quote", "currencySymbol": "\u20b9", "fromCurrency": null, "lastMarket": null, "marketCap": 103412785152}, "balanceSheetHistory": {"balanceSheetStatements": [{"maxAge": 1, "endDate": "2020-03-31", "cash": 477000000, "shortTermInvestments": 800000, "netReceivables": 4545400000, "inventory": 3250300000, "otherCurrentAssets": 1079300000, "totalCurrentAssets": 9352800000, "longTermInvestments": 4500000, "propertyPlantEquipment": 8055900000, "goodWill": 27500000, "intangibleAssets": 54800000, "otherAssets": 624000000, "deferredLongTermAssetCharges": 1100000, "totalAssets": 18119500000, "accountsPayable": 2731300000, "shortLongTermDebt": 527200000, "otherCurrentLiab": 316500000, "longTermDebt": 1166300000, "otherLiab": 386700000, "totalCurrentLiabilities": 5692200000, "totalLiab": 7442000000, "commonStock": 354500000, "retainedEarnings": 9798200000, "treasuryStock": 522800000, "capitalSurplus": 2000000, "otherStockholderEquity": 522800000, "totalStockholderEquity": 10677500000, "netTangibleAssets": 10595200000}, {"maxAge": 1, "endDate": "2019-03-31", "cash": 250300000, "netReceivables": 4458100000, "inventory": 3512700000, "otherCurrentAssets": 753100000, "totalCurrentAssets": 8974200000, "longTermInvestments": 6500000, "propertyPlantEquipment": 5938000000, "goodWill": 25100000, "intangibleAssets": 50200000, "otherAssets": 685800000, "deferredLongTermAssetCharges": 48600000, "totalAssets": 15679800000, "accountsPayable": 3058500000, "shortLongTermDebt": 446100000, "otherCurrentLiab": 392900000, "longTermDebt": 892300000, "otherLiab": 430200000, "totalCurrentLiabilities": 5590000000, "totalLiab": 6912500000, "commonStock": 354500000, "retainedEarnings": 8242600000, "treasuryStock": 168200000, "capitalSurplus": 2000000, "otherStockholderEquity": 168200000, "totalStockholderEquity": 8767300000, "netTangibleAssets": 8692000000}, {"maxAge": 1, "endDate": "2018-03-31", "cash": 270700000, "shortTermInvestments": 24100000, "netReceivables": 4453500000, "inventory": 3456300000, "otherCurrentAssets": 984000000, "totalCurrentAssets": 9188600000, "longTermInvestments": 5100000, "propertyPlantEquipment": 4648100000, "goodWill": 23700000, "intangibleAssets": 45000000, "otherAssets": 643400000, "deferredLongTermAssetCharges": 34400000, "totalAssets": 14553900000, "accountsPayable": 3277900000, "shortLongTermDebt": 560200000, "otherCurrentLiab": 204900000, "longTermDebt": 722400000, "otherLiab": 349700000, "totalCurrentLiabilities": 6294100000, "totalLiab": 7366200000, "commonStock": 354500000, "retainedEarnings": 6850300000, "treasuryStock": -19100000, "capitalSurplus": 2000000, "otherStockholderEquity": -19100000, "totalStockholderEquity": 7187700000, "netTangibleAssets": 7119000000}, {"maxAge": 1, "endDate": "2017-03-31", "cash": 257200000, "shortTermInvestments": 3900000, "netReceivables": 3672500000, "inventory": 3174200000, "otherCurrentAssets": 456100000, "totalCurrentAssets": 7563900000, "longTermInvestments": 5500000, "propertyPlantEquipment": 4574800000, "goodWill": 23500000, "intangibleAssets": 63000000, "otherAssets": 641300000, "deferredLongTermAssetCharges": 43400000, "totalAssets": 12872000000, "accountsPayable": 2522900000, "shortLongTermDebt": 595800000, "otherCurrentLiab": 284300000, "longTermDebt": 1284500000, "otherLiab": 347500000, "totalCurrentLiabilities": 5490900000, "totalLiab": 7122900000, "commonStock": 354500000, "retainedEarnings": 5404800000, "treasuryStock": -12200000, "capitalSurplus": 2000000, "otherStockholderEquity": -12200000, "totalStockholderEquity": 5749100000, "netTangibleAssets": 5662600000}], "maxAge": 86400}, "earningsTrend": {"trend": [{"maxAge": 1, "period": "0q", "endDate": null, "growth": {}, "earningsEstimate": {"avg": 0.0, "low": 0.0, "high": 0.0, "yearAgoEps": {}, "numberOfAnalysts": 0, "growth": {}}, "revenueEstimate": {"avg": 0, "low": 0, "high": 0, "numberOfAnalysts": 0, "yearAgoRevenue": {}, "growth": {}}, "epsTrend": {"current": 0.0, "7daysAgo": 0.0, "30daysAgo": 0.0, "60daysAgo": 0.0, "90daysAgo": 0.0}, "epsRevisions": {"upLast7days": 0, "upLast30days": 0, "downLast30days": 0, "downLast90days": {}}}, {"maxAge": 1, "period": "+1q", "endDate": null, "growth": {}, "earningsEstimate": {"avg": 0.0, "low": 0.0, "high": 0.0, "yearAgoEps": {}, "numberOfAnalysts": 0, "growth": {}}, "revenueEstimate": {"avg": 0, "low": 0, "high": 0, "numberOfAnalysts": 0, "yearAgoRevenue": {}, "growth": {}}, "epsTrend": {"current": 0.0, "7daysAgo": 0.0, "30daysAgo": 0.0, "60daysAgo": 0.0, "90daysAgo": 0.0}, "epsRevisions": {"upLast7days": 0, "upLast30days": 0, "downLast30days": 0, "downLast90days": {}}}, {"maxAge": 1, "period": "0y", "endDate": null, "growth": {}, "earningsEstimate": {"avg": 0.0, "low": 0.0, "high": 0.0, "yearAgoEps": {}, "numberOfAnalysts": 0, "growth": {}}, "revenueEstimate": {"avg": 0, "low": 0, "high": 0, "numberOfAnalysts": 0, "yearAgoRevenue": {}, "growth": {}}, "epsTrend": {"current": 0.0, "7daysAgo": 0.0, "30daysAgo": 0.0, "60daysAgo": 0.0, "90daysAgo": 0.0}, "epsRevisions": {"upLast7days": 0, "upLast30days": 0, "downLast30days": 0, "downLast90days": {}}}, {"maxAge": 1, "period": "+1y", "endDate": null, "growth": {}, "earningsEstimate": {"avg": 0.0, "low": 0.0, "high": 0.0, "yearAgoEps": {}, "numberOfAnalysts": 0, "growth": {}}, "revenueEstimate": {"avg": 0, "low": 0, "high": 0, "numberOfAnalysts": 0, "yearAgoRevenue": {}, "growth": {}}, "epsTrend": {"current": 0.0, "7daysAgo": 0.0, "30daysAgo": 0.0, "60daysAgo": 0.0, "90daysAgo": 0.0}, "epsRevisions": {"upLast7days": 0, "upLast30days": 0, "downLast30days": 0, "downLast90days": {}}}, {"maxAge": 1, "period": "+5y", "endDate": null, "growth": {}, "earningsEstimate": {"avg": {}, "low": {}, "high": {}, "yearAgoEps": {}, "numberOfAnalysts": {}, "growth": {}}, "revenueEstimate": {"avg": {}, "low": {}, "high": {}, "numberOfAnalysts": {}, "yearAgoRevenue": {}, "growth": {}}, "epsTrend": {"current": {}, "7daysAgo": {}, "30daysAgo": {}, "60daysAgo": {}, "90daysAgo": {}}, "epsRevisions": {"upLast7days": {}, "upLast30days": {}, "downLast30days": {}, "downLast90days": {}}}, {"maxAge": 1, "period": "-5y", "endDate": null, "growth": {}, "earningsEstimate": {"avg": {}, "low": {}, "high": {}, "yearAgoEps": {}, "numberOfAnalysts": {}, "growth": {}}, "revenueEstimate": {"avg": {}, "low": {}, "high": {}, "numberOfAnalysts": {}, "yearAgoRevenue": {}, "growth": {}}, "epsTrend": {"current": {}, "7daysAgo": {}, "30daysAgo": {}, "60daysAgo": {}, "90daysAgo": {}}, "epsRevisions": {"upLast7days": {}, "upLast30days": {}, "downLast30days": {}, "downLast90days": {}}}], "maxAge": 1}, "financialData": {"maxAge": 86400, "currentPrice": 2916.75, "targetHighPrice": 1650.0, "targetLowPrice": 940.0, "targetMeanPrice": 1347.0, "targetMedianPrice": 1399.0, "recommendationKey": "none", "numberOfAnalystOpinions": 4, "grossProfits": 8630900000, "financialCurrency": "INR"}}}