{"GANESHHOUC.BO": {"recommendationTrend": {"trend": [{"period": "0m", "strongBuy": 0, "buy": 0, "hold": 0, "sell": 0, "strongSell": 0}, {"period": "-1m", "strongBuy": 0, "buy": 0, "hold": 0, "sell": 0, "strongSell": 0}, {"period": "-2m", "strongBuy": 0, "buy": 0, "hold": 0, "sell": 0, "strongSell": 0}, {"period": "-3m", "strongBuy": 0, "buy": 0, "hold": 0, "sell": 0, "strongSell": 0}], "maxAge": 86400}, "cashflowStatementHistory": {"cashflowStatements": [{"maxAge": 1, "endDate": "2020-03-31", "netIncome": -1200482466, "depreciation": 20209490, "changeToNetincome": 443984582, "changeToAccountReceivables": 220775097, "changeToLiabilities": -29504013, "changeToInventory": 2777555369, "changeToOperatingActivities": -1014256211, "totalCashFromOperatingActivities": 1226417348, "capitalExpenditures": -28564163, "otherCashflowsFromInvestingActivities": 23092206, "totalCashflowsFromInvestingActivities": 530879430, "dividendsPaid": -24613545, "netBorrowings": -1193029000, "otherCashflowsFromFinancingActivities": -803898898, "totalCashFromFinancingActivities": -2021541443, "changeInCash": -264244665}, {"maxAge": 1, "endDate": "2019-03-31", "netIncome": 265584392, "depreciation": 21948222, "changeToNetincome": -1082175119, "changeToAccountReceivables": 3193057546, "changeToLiabilities": 191378814, "changeToInventory": -3048991443, "changeToOperatingActivities": 1734914577, "totalCashFromOperatingActivities": 1292032663, "capitalExpenditures": -19898241, "investments": 100100, "otherCashflowsFromInvestingActivities": 61088224, "totalCashflowsFromInvestingActivities": 841041930, "dividendsPaid": -88608762, "netBorrowings": -1137629104, "otherCashflowsFromFinancingActivities": -935677115, "totalCashFromFinancingActivities": -2161914981, "changeInCash": -28840388}, {"maxAge": 1, "endDate": "2018-03-31", "netIncome": 508690356, "depreciation": 25090840, "changeToNetincome": 798764532, "changeToAccountReceivables": -1789700063, "changeToLiabilities": 19896079, "changeToInventory": 2093184151, "changeToOperatingActivities": -910358765, "totalCashFromOperatingActivities": 752908395, "capitalExpenditures": -5462270, "investments": 100100, "otherCashflowsFromInvestingActivities": 29326519, "totalCashflowsFromInvestingActivities": 259825698, "dividendsPaid": -98303138, "netBorrowings": 36477847, "otherCashflowsFromFinancingActivities": -1025212279, "totalCashFromFinancingActivities": -1045098893, "changeInCash": -32364800, "issuanceOfStock": 41938677}, {"maxAge": 1, "endDate": "2017-03-31", "netIncome": 693903857, "depreciation": 33810485, "changeToNetincome": 696572769, "changeToAccountReceivables": -944514933, "changeToLiabilities": 77007395, "changeToInventory": -67376713, "changeToOperatingActivities": 1510444404, "totalCashFromOperatingActivities": 2017932471, "capitalExpenditures": -52765395, "investments": 100100, "otherCashflowsFromInvestingActivities": 48916800, "totalCashflowsFromInvestingActivities": -1402625705, "dividendsPaid": -98005638, "netBorrowings": 549342519, "otherCashflowsFromFinancingActivities": -1180836393, "totalCashFromFinancingActivities": -566156782, "changeInCash": 49149984, "issuanceOfStock": 163342730}], "maxAge": 86400}, "institutionOwnership": {"ownershipList": [], "maxAge": 1}, "balanceSheetHistoryQuarterly": {"balanceSheetStatements": [{"maxAge": 1, "endDate": "2020-06-30", "totalStockholderEquity": 6242227000, "netTangibleAssets": 6069478000}, {"maxAge": 1, "endDate": "2020-03-31", "cash": 47645644, "shortTermInvestments": 115299507, "netReceivables": 4653295066, "inventory": 5375916329, "otherCurrentAssets": 280387357, "totalCurrentAssets": 10472543903, "propertyPlantEquipment": 2081000149, "goodWill": 171730019, "intangibleAssets": 1018667, "otherAssets": 990464241, "deferredLongTermAssetCharges": 769158323, "totalAssets": 13716756979, "accountsPayable": 345739647, "shortLongTermDebt": 1494510448, "otherCurrentLiab": 695600652, "longTermDebt": 3351130805, "otherLiab": 116519740, "minorityInterest": 930962124, "totalCurrentLiabilities": 3075917357, "totalLiab": 6543567902, "commonStock": 492270900, "retainedEarnings": 3250823443, "treasuryStock": 169675529, "capitalSurplus": 2329457081, "otherStockholderEquity": 169675529, "totalStockholderEquity": 6242226953, "netTangibleAssets": 6069478267}, {"maxAge": 1, "endDate": "2019-12-31", "totalStockholderEquity": 6832743000, "netTangibleAssets": 6660018000}, {"maxAge": 1, "endDate": "2019-09-30", "cash": 141447000, "netReceivables": 5028775000, "inventory": 6082679000, "otherCurrentAssets": 489045000, "totalCurrentAssets": 11741946000, "longTermInvestments": 206412000, "propertyPlantEquipment": 2090388000, "goodWill": 171730000, "intangibleAssets": 995000, "otherAssets": 634605000, "deferredLongTermAssetCharges": 619606000, "totalAssets": 14846076000, "accountsPayable": 449564000, "shortLongTermDebt": 1300262000, "otherCurrentLiab": 810833000, "longTermDebt": 4065440000, "otherLiab": 117212000, "minorityInterest": 926529000, "totalCurrentLiabilities": 2904152000, "totalLiab": 7086804000, "commonStock": 492271000, "treasuryStock": 6340472000, "otherStockholderEquity": 6340472000, "totalStockholderEquity": 6832743000, "netTangibleAssets": 6660018000}], "maxAge": 86400}, "earningsHistory": {"history": [{"maxAge": 1, "epsActual": {}, "epsEstimate": {}, "epsDifference": {}, "surprisePercent": {}, "quarter": {}, "period": "-4q"}, {"maxAge": 1, "epsActual": {}, "epsEstimate": {}, "epsDifference": {}, "surprisePercent": {}, "quarter": {}, "period": "-3q"}, {"maxAge": 1, "epsActual": {}, "epsEstimate": {}, "epsDifference": {}, "surprisePercent": {}, "quarter": {}, "period": "-2q"}, {"maxAge": 1, "epsActual": 2.67, "epsEstimate": 3.94, "epsDifference": -1.27, "surprisePercent": -0.322, "quarter": "2017-06-30", "period": "-1q"}], "maxAge": 86400}, "indexTrend": {"maxAge": 1, "symbol": "SP5", "peRatio": 19.7411, "pegRatio": 1.34172, "estimates": [{"period": "0q", "growth": 0.549}, {"period": "+1q", "growth": 0.431}, {"period": "0y", "growth": 0.305}, {"period": "+1y", "growth": 0.109}, {"period": "+5y", "growth": 0.120865}, {"period": "-5y"}]}, "industryTrend": {"maxAge": 1, "symbol": null, "estimates": []}, "insiderTransactions": {"transactions": [{"maxAge": 1, "shares": 11292412, "filerUrl": "", "transactionText": "", "filerName": "Patel (Sapanaben Deepakbhai)", "filerRelation": "Promoter", "moneyText": "", "startDate": "2018-12-19", "ownership": "D"}, {"maxAge": 1, "shares": 200000, "filerUrl": "", "transactionText": "", "filerName": "Patel (Anmol Dipakkumar)", "filerRelation": "UNREPORTED", "moneyText": "", "startDate": "2018-12-19", "ownership": "D"}, {"maxAge": 1, "shares": 200000, "filerUrl": "", "transactionText": "", "filerName": "Patel (Aneri D.)", "filerRelation": "UNREPORTED", "moneyText": "", "startDate": "2018-12-19", "ownership": "D"}, {"maxAge": 1, "shares": 800000, "filerUrl": "", "transactionText": "", "filerName": "Patel (Shekhar Govindbhai)", "filerRelation": "Managing Director", "moneyText": "", "startDate": "2018-04-17", "ownership": "D"}, {"maxAge": 1, "shares": 200000, "filerUrl": "", "transactionText": "", "filerName": "Patel (Shekhar Govindbhai)", "filerRelation": "Managing Director", "moneyText": "", "startDate": "2018-02-05", "ownership": "D"}, {"maxAge": 1, "shares": 200000, "filerUrl": "", "transactionText": "", "filerName": "Patel (Archana Sekharbhai)", "filerRelation": "UNREPORTED", "moneyText": "", "startDate": "2018-02-05", "ownership": "D"}, {"maxAge": 1, "shares": 7312272, "filerUrl": "", "transactionText": "", "filerName": "Patel (Shekhar Govindbhai)", "filerRelation": "Managing Director", "moneyText": "", "startDate": "2018-02-02", "ownership": "D"}, {"maxAge": 1, "shares": 200000, "filerUrl": "", "transactionText": "", "filerName": "Patel (Sapanaben Deepakbhai)", "filerRelation": "Promoter", "moneyText": "", "startDate": "2018-02-02", "ownership": "D"}, {"maxAge": 1, "shares": 5929635, "filerUrl": "", "transactionText": "", "filerName": "Patel (Deepakbhai Govindbhai)", "filerRelation": "Chairman of the Board", "moneyText": "", "startDate": "2018-02-02", "ownership": "D"}, {"maxAge": 1, "shares": 70271, "filerUrl": "", "transactionText": "", "filerName": "Mehta (Bhavin H)", "filerRelation": "UNREPORTED", "moneyText": "", "startDate": "2017-12-20", "ownership": "D"}, {"maxAge": 1, "shares": 77830, "filerUrl": "", "transactionText": "", "filerName": "Mehta (Bhavin H)", "filerRelation": "UNREPORTED", "moneyText": "", "startDate": "2017-12-19", "ownership": "D"}, {"maxAge": 1, "shares": 4000, "filerUrl": "", "transactionText": "", "filerName": "Mehta (Bhavin H & Kajal B)", "filerRelation": "UNREPORTED", "moneyText": "", "startDate": "2011-03-08", "ownership": "D"}, {"maxAge": 1, "shares": 1458809, "filerUrl": "", "transactionText": "", "filerName": "Patel (Deepakbhai Govindbhai)", "filerRelation": "Chairman of the Board", "moneyText": "", "startDate": "2011-02-10", "ownership": "D"}, {"maxAge": 1, "shares": 1458809, "filerUrl": "", "transactionText": "", "filerName": "Patel (Shekhar Govindbhai)", "filerRelation": "Managing Director", "moneyText": "", "startDate": "2011-02-10", "ownership": "D"}, {"maxAge": 1, "shares": 1458809, "filerUrl": "", "transactionText": "", "filerName": "Patel (Lalitaben Govindbhai)", "filerRelation": "Promoter", "moneyText": "", "startDate": "2011-02-09", "ownership": "D"}, {"maxAge": 1, "shares": 51500, "filerUrl": "", "transactionText": "", "filerName": "Mehta (Bhavin H & Kajal B)", "filerRelation": "UNREPORTED", "moneyText": "", "startDate": "2010-12-23", "ownership": "D"}, {"maxAge": 1, "shares": 51500, "filerUrl": "", "transactionText": "", "filerName": "Mehta (Bhavin H)", "filerRelation": "UNREPORTED", "moneyText": "", "startDate": "2010-12-23", "ownership": "D"}, {"maxAge": 1, "shares": 31771, "filerUrl": "", "transactionText": "", "filerName": "Patel (Shekhar Govindbhai)", "filerRelation": "Managing Director", "moneyText": "", "startDate": "2010-02-19", "ownership": "D"}, {"maxAge": 1, "shares": 31771, "filerUrl": "", "transactionText": "", "filerName": "Patel (Deepakbhai Govindbhai)", "filerRelation": "Chairman of the Board", "moneyText": "", "startDate": "2010-02-19", "ownership": "D"}, {"maxAge": 1, "shares": 31771, "filerUrl": "", "transactionText": "", "filerName": "Patel (Lalitaben Govindbhai)", "filerRelation": "Director (Non-Executive)", "moneyText": "", "startDate": "2010-02-19", "ownership": "D"}, {"maxAge": 1, "shares": 70000, "filerUrl": "", "transactionText": "", "filerName": "Mehta (Bhavin H)", "filerRelation": "UNREPORTED", "moneyText": "", "startDate": "2009-12-01", "ownership": "D"}], "maxAge": 1}, "quoteType": {"exchange": "BSE", "quoteType": "EQUITY", "symbol": "GANESHHOUC.BO", "underlyingSymbol": "GANESHHOUC.BO", "shortName": "GANESH HOUSING CORPORATION LTD", "longName": "Ganesh Housing Corporation Limited", "firstTradeDateEpochUtc": "2002-03-26 09:15:00", "timeZoneFullName": "Asia/Kolkata", "timeZoneShortName": "IST", "uuid": "0ab014de-310b-3213-b00f-2772a8ea3d3c", "gmtOffSetMilliseconds": 19800000, "maxAge": 1}, "incomeStatementHistory": {"incomeStatementHistory": [{"maxAge": 1, "endDate": "2020-03-31", "totalRevenue": 2750218886, "costOfRevenue": 2925746004, "grossProfit": -175527118, "researchDevelopment": {}, "sellingGeneralAdministrative": 178171675, "nonRecurring": {}, "otherOperatingExpenses": 173414822, "totalOperatingExpenses": 3298075276, "operatingIncome": -547856390, "totalOtherIncomeExpenseNet": -775755322, "ebit": -547856390, "interestExpense": -797595651, "incomeBeforeTax": -1323611712, "incomeTaxExpense": -127348266, "minorityInterest": 930962124, "netIncomeFromContinuingOps": -1196263446, "discontinuedOperations": {}, "extraordinaryItems": {}, "effectOfAccountingCharges": {}, "otherItems": {}, "netIncome": -1200482466, "netIncomeApplicableToCommonShares": -1200482466}, {"maxAge": 1, "endDate": "2019-03-31", "totalRevenue": 2610968684, "costOfRevenue": 1572945444, "grossProfit": 1038023240, "researchDevelopment": {}, "sellingGeneralAdministrative": 204445741, "nonRecurring": {}, "otherOperatingExpenses": 124789863, "totalOperatingExpenses": 1924802242, "operatingIncome": 686166442, "totalOtherIncomeExpenseNet": -856387079, "ebit": 686166442, "interestExpense": -908232011, "incomeBeforeTax": -170220637, "incomeTaxExpense": -435687556, "minorityInterest": 926743104, "netIncomeFromContinuingOps": 265466919, "discontinuedOperations": {}, "extraordinaryItems": {}, "effectOfAccountingCharges": {}, "otherItems": {}, "netIncome": 265584392, "netIncomeApplicableToCommonShares": 265584392}, {"maxAge": 1, "endDate": "2018-03-31", "totalRevenue": 5001877741, "costOfRevenue": 2667657496, "grossProfit": 2334220245, "researchDevelopment": {}, "sellingGeneralAdministrative": 209817440, "nonRecurring": {}, "otherOperatingExpenses": 174183103, "totalOperatingExpenses": 3077473214, "operatingIncome": 1924404527, "totalOtherIncomeExpenseNet": -924631104, "ebit": 1924404527, "interestExpense": -987560143, "incomeBeforeTax": 999773423, "incomeTaxExpense": 491785398, "minorityInterest": 926860577, "netIncomeFromContinuingOps": 507988025, "discontinuedOperations": {}, "extraordinaryItems": {}, "effectOfAccountingCharges": {}, "otherItems": {}, "netIncome": 508690356, "netIncomeApplicableToCommonShares": 508690356}, {"maxAge": 1, "endDate": "2017-03-31", "totalRevenue": 4017207887, "costOfRevenue": 1619403667, "grossProfit": 2397804220, "researchDevelopment": {}, "sellingGeneralAdministrative": 185032719, "nonRecurring": {}, "otherOperatingExpenses": 147336098, "totalOperatingExpenses": 1986974944, "operatingIncome": 2030232943, "totalOtherIncomeExpenseNet": -866603387, "ebit": 2030232943, "interestExpense": -913358625, "incomeBeforeTax": 1163629556, "incomeTaxExpense": 417314010, "minorityInterest": 1060704683, "netIncomeFromContinuingOps": 746315546, "discontinuedOperations": {}, "extraordinaryItems": {}, "effectOfAccountingCharges": {}, "otherItems": {}, "netIncome": 693903857, "netIncomeApplicableToCommonShares": 693903857}], "maxAge": 86400}, "fundOwnership": {"ownershipList": [], "maxAge": 1}, "summaryDetail": {"maxAge": 1, "priceHint": 2, "previousClose": 70.15, "open": 69.0, "dayLow": 69.0, "dayHigh": 71.0, "regularMarketPreviousClose": 70.15, "regularMarketOpen": 69.0, "regularMarketDayLow": 69.0, "regularMarketDayHigh": 71.0, "forwardPE": 3.883953, "volume": 3659, "regularMarketVolume": 3659, "averageVolume": 7266, "averageVolume10days": 10039, "averageDailyVolume10Day": 10039, "bid": 67.5, "ask": 70.7, "bidSize": 0, "askSize": 0, "marketCap": 3443435520, "fiftyTwoWeekLow": 17.5, "fiftyTwoWeekHigh": 71.0, "fiftyDayAverage": 34.25606, "twoHundredDayAverage": 28.670221, "trailingAnnualDividendRate": 0.5, "trailingAnnualDividendYield": 0.0071275835, "currency": "INR", "fromCurrency": null, "lastMarket": null, "algorithm": null, "tradeable": false}, "sectorTrend": {"maxAge": 1, "symbol": null, "estimates": []}, "incomeStatementHistoryQuarterly": {"incomeStatementHistory": [{"maxAge": 1, "endDate": "2020-06-30", "totalRevenue": 6017000, "costOfRevenue": 370991000, "grossProfit": -364974000, "researchDevelopment": {}, "sellingGeneralAdministrative": 22630000, "nonRecurring": {}, "otherOperatingExpenses": 12130000, "totalOperatingExpenses": 409735000, "operatingIncome": -403718000, "totalOtherIncomeExpenseNet": -162386000, "ebit": -403718000, "interestExpense": -165233000, "incomeBeforeTax": -566104000, "incomeTaxExpense": -108101000, "minorityInterest": {}, "netIncomeFromContinuingOps": -458003000, "discontinuedOperations": {}, "extraordinaryItems": {}, "effectOfAccountingCharges": {}, "otherItems": {}, "netIncome": -457983000, "netIncomeApplicableToCommonShares": -457983000}, {"maxAge": 1, "endDate": "2020-03-31", "totalRevenue": 344437886, "costOfRevenue": 325757004, "grossProfit": 18680882, "researchDevelopment": {}, "sellingGeneralAdministrative": 62978675, "nonRecurring": {}, "otherOperatingExpenses": 52702822, "totalOperatingExpenses": 446744276, "operatingIncome": -102306390, "totalOtherIncomeExpenseNet": -160908322, "ebit": -102306390, "interestExpense": -169294651, "incomeBeforeTax": -263214712, "incomeTaxExpense": 51128734, "minorityInterest": 930962124, "netIncomeFromContinuingOps": -314343446, "discontinuedOperations": {}, "extraordinaryItems": {}, "effectOfAccountingCharges": {}, "otherItems": {}, "netIncome": -314299466, "netIncomeApplicableToCommonShares": -314299466}, {"maxAge": 1, "endDate": "2019-12-31", "totalRevenue": 455787000, "costOfRevenue": 437298000, "grossProfit": 18489000, "researchDevelopment": {}, "sellingGeneralAdministrative": 38780000, "nonRecurring": {}, "otherOperatingExpenses": 77048000, "totalOperatingExpenses": 558589000, "operatingIncome": -102802000, "totalOtherIncomeExpenseNet": -233573000, "ebit": -102802000, "interestExpense": -237814000, "incomeBeforeTax": -336375000, "incomeTaxExpense": -64636000, "minorityInterest": 930962124, "netIncomeFromContinuingOps": -271739000, "discontinuedOperations": {}, "extraordinaryItems": {}, "effectOfAccountingCharges": {}, "otherItems": {}, "netIncome": -276216000, "netIncomeApplicableToCommonShares": -276216000}, {"maxAge": 1, "endDate": "2019-09-30", "totalRevenue": 773057000, "costOfRevenue": 842824000, "grossProfit": -69767000, "researchDevelopment": {}, "sellingGeneralAdministrative": 38627000, "nonRecurring": {}, "otherOperatingExpenses": -2097000, "totalOperatingExpenses": 884583000, "operatingIncome": -111526000, "totalOtherIncomeExpenseNet": -195861000, "ebit": -111526000, "interestExpense": -198250000, "incomeBeforeTax": -307387000, "incomeTaxExpense": -62671000, "minorityInterest": 926529000, "netIncomeFromContinuingOps": -244716000, "discontinuedOperations": {}, "extraordinaryItems": {}, "effectOfAccountingCharges": {}, "otherItems": {}, "netIncome": -244685000, "netIncomeApplicableToCommonShares": -244685000}], "maxAge": 86400}, "cashflowStatementHistoryQuarterly": {"cashflowStatements": [{"maxAge": 1, "endDate": "2020-06-30", "netIncome": -457983000, "changeToLiabilities": 0}, {"maxAge": 1, "endDate": "2020-03-31", "netIncome": -314299466, "changeToLiabilities": 0}, {"maxAge": 1, "endDate": "2019-12-31", "netIncome": -276216000, "changeToLiabilities": 0}, {"maxAge": 1, "endDate": "2019-09-30", "netIncome": -244685000, "changeToLiabilities": 0}], "maxAge": 86400}, "insiderHolders": {"holders": [{"maxAge": 1, "name": "Mehta (Bhavin H & Kajal B)", "relation": "UNREPORTED", "url": "", "transactionDescription": "Acquisition", "latestTransDate": "2011-03-08", "positionDirect": 152101, "positionDirectDate": "2011-03-08"}, {"maxAge": 1, "name": "Mehta (Bhavin H)", "relation": "UNREPORTED", "url": "", "transactionDescription": "Sale", "latestTransDate": "2017-12-20", "positionDirect": 0, "positionDirectDate": "2017-12-20"}, {"maxAge": 1, "name": "Patel (Aneri D.)", "relation": "UNREPORTED", "url": "", "transactionDescription": "Gift", "latestTransDate": "2018-12-19", "positionDirect": 200000, "positionDirectDate": "2018-12-19"}, {"maxAge": 1, "name": "Patel (Anmol Dipakkumar)", "relation": "UNREPORTED", "url": "", "transactionDescription": "Gift", "latestTransDate": "2018-12-19", "positionDirect": 200000, "positionDirectDate": "2018-12-19"}, {"maxAge": 1, "name": "Patel (Archana Sekharbhai)", "relation": "UNREPORTED", "url": "", "transactionDescription": "Other", "latestTransDate": "2018-02-05", "positionDirect": 200000, "positionDirectDate": "2018-02-05"}, {"maxAge": 1, "name": "Patel (Deepakbhai Govindbhai)", "relation": "Chairman of the Board", "url": "", "transactionDescription": "Purchase", "latestTransDate": "2018-02-02", "positionDirect": 12158752, "positionDirectDate": "2018-02-02"}, {"maxAge": 1, "name": "Patel (Lalitaben Govindbhai)", "relation": "Promoter", "url": "", "transactionDescription": "Acquisition", "latestTransDate": "2011-02-09", "positionDirect": 4553436, "positionDirectDate": "2011-02-09"}, {"maxAge": 1, "name": "Patel (Sapanaben Deepakbhai)", "relation": "Promoter", "url": "", "transactionDescription": "Gift", "latestTransDate": "2018-12-19", "positionDirect": 11758752, "positionDirectDate": "2018-12-19"}, {"maxAge": 1, "name": "Patel (Shekhar Govindbhai)", "relation": "Managing Director", "url": "", "transactionDescription": "Other", "latestTransDate": "2018-04-17", "positionDirect": 13306662, "positionDirectDate": "2018-04-17"}], "maxAge": 1}, "earnings": {"maxAge": 86400, "earningsChart": {"quarterly": [{"date": "2Q2017", "actual": 2.67, "estimate": 3.94}], "currentQuarterEstimateDate": "3Q", "currentQuarterEstimateYear": 2017, "earningsDate": []}, "financialsChart": {"yearly": [{"date": 2017, "revenue": 4017207887, "earnings": 693903857}, {"date": 2018, "revenue": 5001877741, "earnings": 508690356}, {"date": 2019, "revenue": 2610968684, "earnings": 265584392}, {"date": 2020, "revenue": 2750218886, "earnings": -1200482466}], "quarterly": [{"date": "3Q2019", "revenue": 773057000, "earnings": -244685000}, {"date": "4Q2019", "revenue": 455787000, "earnings": -276216000}, {"date": "1Q2020", "revenue": 344437886, "earnings": -314299466}, {"date": "2Q2020", "revenue": 6017000, "earnings": -457983000}]}, "financialCurrency": "INR"}, "calendarEvents": {"maxAge": 1, "earnings": {"earningsDate": [], "revenueAverage": 1005970000}}, "upgradeDowngradeHistory": {"history": [], "maxAge": 86400}, "price": {"maxAge": 1, "regularMarketChangePercent": -0.0028510988, "regularMarketChange": -0.20000458, "regularMarketTime": "2021-04-30 15:29:44", "priceHint": 2, "regularMarketPrice": 69.95, "regularMarketDayHigh": 71.0, "regularMarketDayLow": 69.0, "regularMarketVolume": 3659, "averageDailyVolume10Day": 10039, "averageDailyVolume3Month": 7266, "regularMarketPreviousClose": 70.15, "regularMarketSource": "FREE_REALTIME", "regularMarketOpen": 69.0, "exchange": "BSE", "exchangeName": "BSE", "exchangeDataDelayedBy": 0, "marketState": "CLOSED", "quoteType": "EQUITY", "symbol": "GANESHHOUC.BO", "underlyingSymbol": null, "shortName": "GANESH HOUSING CORPORATION LTD", "longName": "Ganesh Housing Corporation Limited", "currency": "INR", "quoteSourceName": "Delayed Quote", "currencySymbol": "\u20b9", "fromCurrency": null, "lastMarket": null, "marketCap": 3443435520}, "balanceSheetHistory": {"balanceSheetStatements": [{"maxAge": 1, "endDate": "2020-03-31", "cash": 47645644, "shortTermInvestments": 115299507, "netReceivables": 4653295066, "inventory": 5375916329, "otherCurrentAssets": 280387357, "totalCurrentAssets": 10472543903, "propertyPlantEquipment": 2081000149, "goodWill": 171730019, "intangibleAssets": 1018667, "otherAssets": 990464241, "deferredLongTermAssetCharges": 769158323, "totalAssets": 13716756979, "accountsPayable": 345739647, "shortLongTermDebt": 1494510448, "otherCurrentLiab": 695600652, "longTermDebt": 3351130805, "otherLiab": 116519740, "minorityInterest": 930962124, "totalCurrentLiabilities": 3075917357, "totalLiab": 6543567902, "commonStock": 492270900, "retainedEarnings": 3250823443, "treasuryStock": 169675529, "capitalSurplus": 2329457081, "otherStockholderEquity": 169675529, "totalStockholderEquity": 6242226953, "netTangibleAssets": 6069478267}, {"maxAge": 1, "endDate": "2019-03-31", "cash": 99619998, "shortTermInvestments": 327511450, "netReceivables": 5392579069, "inventory": 8153471698, "otherCurrentAssets": 487251384, "totalCurrentAssets": 14460433599, "propertyPlantEquipment": 2077121319, "goodWill": 171730019, "intangibleAssets": 253686, "otherAssets": 752239527, "deferredLongTermAssetCharges": 505764152, "totalAssets": 17461778150, "accountsPayable": 375243660, "shortLongTermDebt": 1600726837, "otherCurrentLiab": 1829141155, "longTermDebt": 4725704362, "otherLiab": 146553220, "minorityInterest": 926743104, "totalCurrentLiabilities": 4190395113, "totalLiab": 9062652695, "commonStock": 492270900, "retainedEarnings": 4340978841, "treasuryStock": 309675529, "capitalSurplus": 2329457081, "otherStockholderEquity": 309675529, "totalStockholderEquity": 7472382351, "netTangibleAssets": 7300398646}, {"maxAge": 1, "endDate": "2018-03-31", "cash": 143160901, "shortTermInvestments": 313751110, "netReceivables": 9374512645, "inventory": 5104480255, "otherCurrentAssets": 491502671, "totalCurrentAssets": 15427407582, "longTermInvestments": 100100, "propertyPlantEquipment": 2082428282, "goodWill": 151552480, "intangibleAssets": 912657, "otherAssets": 728906540, "deferredLongTermAssetCharges": 7797764, "totalAssets": 18391307641, "accountsPayable": 409980750, "shortLongTermDebt": 1418988848, "otherCurrentLiab": 905798507, "longTermDebt": 4830053794, "otherLiab": 172025854, "minorityInterest": 926860577, "totalCurrentLiabilities": 3570465453, "totalLiab": 8572545101, "commonStock": 492270900, "retainedEarnings": 5565536118, "treasuryStock": 504637864, "capitalSurplus": 2329457081, "otherStockholderEquity": 504637864, "totalStockholderEquity": 8891901963, "netTangibleAssets": 8739436826}, {"maxAge": 1, "endDate": "2017-03-31", "cash": 74494632, "shortTermInvestments": 415094066, "netReceivables": 7340124942, "inventory": 7197664406, "otherCurrentAssets": 456019207, "totalCurrentAssets": 15483397253, "longTermInvestments": 100100, "propertyPlantEquipment": 2132171844, "goodWill": 173312574, "intangibleAssets": 1587051, "otherAssets": 1051196814, "deferredLongTermAssetCharges": 14712691, "totalAssets": 18841765636, "accountsPayable": 390084671, "shortLongTermDebt": 2109999264, "otherCurrentLiab": 1080414619, "longTermDebt": 4210598847, "otherLiab": 203280273, "minorityInterest": 1060704683, "totalCurrentLiabilities": 4900482141, "totalLiab": 9314361261, "commonStock": 490028190, "retainedEarnings": 5448828836, "treasuryStock": 238081552, "capitalSurplus": 2289761114, "otherStockholderEquity": 238081552, "totalStockholderEquity": 8466699692, "netTangibleAssets": 8291800067}], "maxAge": 86400}, "earningsTrend": {"trend": [{"maxAge": 1, "period": "0q", "endDate": "2017-09-30", "growth": {}, "earningsEstimate": {"avg": 0.0, "low": 0.0, "high": 0.0, "yearAgoEps": {}, "numberOfAnalysts": 0, "growth": {}}, "revenueEstimate": {"avg": 1005970000, "low": 0, "high": 0, "numberOfAnalysts": 0, "yearAgoRevenue": {}, "growth": {}}, "epsTrend": {"current": 0.0, "7daysAgo": 0.0, "30daysAgo": 0.0, "60daysAgo": 0.0, "90daysAgo": 0.0}, "epsRevisions": {"upLast7days": 0, "upLast30days": 0, "downLast30days": 0, "downLast90days": {}}}, {"maxAge": 1, "period": "+1q", "endDate": "2017-12-31", "growth": {}, "earningsEstimate": {"avg": 0.0, "low": 0.0, "high": 0.0, "yearAgoEps": {}, "numberOfAnalysts": 0, "growth": {}}, "revenueEstimate": {"avg": 1259760000, "low": 0, "high": 0, "numberOfAnalysts": 0, "yearAgoRevenue": {}, "growth": {}}, "epsTrend": {"current": 0.0, "7daysAgo": 0.0, "30daysAgo": 0.0, "60daysAgo": 0.0, "90daysAgo": 0.0}, "epsRevisions": {"upLast7days": 0, "upLast30days": 0, "downLast30days": 0, "downLast90days": {}}}, {"maxAge": 1, "period": "0y", "endDate": "2018-03-31", "growth": {}, "earningsEstimate": {"avg": 0.0, "low": 0.0, "high": 0.0, "yearAgoEps": {}, "numberOfAnalysts": 0, "growth": {}}, "revenueEstimate": {"avg": 5082450000, "low": 4951900000, "high": 4951900000, "numberOfAnalysts": 1, "yearAgoRevenue": 4087730000, "growth": 0.24299999}, "epsTrend": {"current": 0.0, "7daysAgo": 15.51, "30daysAgo": 15.51, "60daysAgo": 15.51, "90daysAgo": 15.51}, "epsRevisions": {"upLast7days": 0, "upLast30days": 0, "downLast30days": 0, "downLast90days": {}}}, {"maxAge": 1, "period": "+1y", "endDate": "2019-03-31", "growth": {}, "earningsEstimate": {"avg": 0.0, "low": 0.0, "high": 0.0, "yearAgoEps": {}, "numberOfAnalysts": 0, "growth": {}}, "revenueEstimate": {"avg": 5793720000, "low": 5793720000, "high": 5793720000, "numberOfAnalysts": 1, "yearAgoRevenue": 5082450000, "growth": 0.14}, "epsTrend": {"current": 0.0, "7daysAgo": 18.01, "30daysAgo": 18.01, "60daysAgo": 18.01, "90daysAgo": 18.01}, "epsRevisions": {"upLast7days": 0, "upLast30days": 0, "downLast30days": 0, "downLast90days": {}}}, {"maxAge": 1, "period": "+5y", "endDate": null, "growth": {}, "earningsEstimate": {"avg": {}, "low": {}, "high": {}, "yearAgoEps": {}, "numberOfAnalysts": {}, "growth": {}}, "revenueEstimate": {"avg": {}, "low": {}, "high": {}, "numberOfAnalysts": {}, "yearAgoRevenue": {}, "growth": {}}, "epsTrend": {"current": {}, "7daysAgo": {}, "30daysAgo": {}, "60daysAgo": {}, "90daysAgo": {}}, "epsRevisions": {"upLast7days": {}, "upLast30days": {}, "downLast30days": {}, "downLast90days": {}}}, {"maxAge": 1, "period": "-5y", "endDate": null, "growth": 0.09347, "earningsEstimate": {"avg": {}, "low": {}, "high": {}, "yearAgoEps": {}, "numberOfAnalysts": {}, "growth": {}}, "revenueEstimate": {"avg": {}, "low": {}, "high": {}, "numberOfAnalysts": {}, "yearAgoRevenue": {}, "growth": {}}, "epsTrend": {"current": {}, "7daysAgo": {}, "30daysAgo": {}, "60daysAgo": {}, "90daysAgo": {}}, "epsRevisions": {"upLast7days": {}, "upLast30days": {}, "downLast30days": {}, "downLast90days": {}}}], "maxAge": 1}, "financialData": {"maxAge": 86400, "currentPrice": 69.95, "targetHighPrice": 175.0, "targetLowPrice": 175.0, "targetMeanPrice": 175.0, "targetMedianPrice": 175.0, "recommendationMean": 2.0, "recommendationKey": "buy", "numberOfAnalystOpinions": 1, "grossProfits": -175527118, "financialCurrency": "INR"}}}