{"GARNETINT.BO": {"cashflowStatementHistory": {"cashflowStatements": [{"maxAge": 1, "endDate": "2020-03-31", "netIncome": -109021000, "depreciation": 8190000, "changeToNetincome": 8644000, "changeToAccountReceivables": 32906000, "changeToLiabilities": 2425000, "changeToInventory": -21785000, "changeToOperatingActivities": -28064000, "totalCashFromOperatingActivities": -106705000, "capitalExpenditures": -10952000, "investments": 120497000, "otherCashflowsFromInvestingActivities": -4037000, "totalCashflowsFromInvestingActivities": 105508000, "netBorrowings": -16562000, "otherCashflowsFromFinancingActivities": -1620000, "totalCashFromFinancingActivities": 3618000, "changeInCash": 2421000, "issuanceOfStock": 21800000}, {"maxAge": 1, "endDate": "2019-03-31", "netIncome": -577120000, "depreciation": 8305000, "changeToNetincome": -8499000, "changeToAccountReceivables": -64525000, "changeToLiabilities": 18251000, "changeToInventory": 785260000, "changeToOperatingActivities": 8152000, "totalCashFromOperatingActivities": 169824000, "capitalExpenditures": -10952000, "investments": 275853000, "otherCashflowsFromInvestingActivities": -4242000, "totalCashflowsFromInvestingActivities": 273669000, "dividendsPaid": -11771000, "netBorrowings": -449551000, "otherCashflowsFromFinancingActivities": -905000, "totalCashFromFinancingActivities": -462227000, "changeInCash": -18734000, "issuanceOfStock": 21800000}, {"maxAge": 1, "endDate": "2018-03-31", "netIncome": 114262871, "depreciation": 8236428, "changeToNetincome": -137008558, "changeToAccountReceivables": -9586632, "changeToLiabilities": 9288414, "changeToInventory": -813667277, "changeToOperatingActivities": -390188, "totalCashFromOperatingActivities": -828864942, "capitalExpenditures": -25692225, "investments": 141660412, "otherCashflowsFromInvestingActivities": 7275013, "totalCashflowsFromInvestingActivities": 123243200, "dividendsPaid": -9022115, "netBorrowings": 465129529, "otherCashflowsFromFinancingActivities": -1894157, "totalCashFromFinancingActivities": 687545897, "changeInCash": -18075845, "issuanceOfStock": 233332640}, {"maxAge": 1, "endDate": "2017-03-31", "netIncome": 96995456, "depreciation": 6136440, "changeToNetincome": -65885133, "changeToAccountReceivables": -4627260, "changeToLiabilities": -55546834, "changeToInventory": 125070667, "changeToOperatingActivities": 31638427, "totalCashFromOperatingActivities": 133781763, "capitalExpenditures": -29033756, "investments": -88711419, "otherCashflowsFromInvestingActivities": 1795798, "totalCashflowsFromInvestingActivities": -115949377, "dividendsPaid": -5216336, "netBorrowings": -1966976, "otherCashflowsFromFinancingActivities": -772155, "totalCashFromFinancingActivities": -7955467, "changeInCash": 9876919, "issuanceOfStock": 233332640}], "maxAge": 86400}, "institutionOwnership": {"maxAge": 1, "ownershipList": []}, "balanceSheetHistoryQuarterly": {"balanceSheetStatements": [{"maxAge": 1, "endDate": "2020-06-30", "totalStockholderEquity": 345706000, "netTangibleAssets": 328960000}, {"maxAge": 1, "endDate": "2020-03-31", "cash": 4626000, "shortTermInvestments": 3249000, "netReceivables": 122291000, "inventory": 57813000, "otherCurrentAssets": 11718000, "totalCurrentAssets": 205160000, "longTermInvestments": 77764000, "propertyPlantEquipment": 106516000, "goodWill": 16746000, "otherAssets": 72248000, "deferredLongTermAssetCharges": 68550000, "totalAssets": 478434000, "accountsPayable": 66253000, "shortLongTermDebt": 3807000, "otherCurrentLiab": 17303000, "longTermDebt": 8144000, "otherLiab": 2240000, "deferredLongTermLiab": 574000, "minorityInterest": 30454000, "totalCurrentLiabilities": 91890000, "totalLiab": 102274000, "commonStock": 196350000, "retainedEarnings": -310236000, "treasuryStock": 4943800, "capitalSurplus": 454648200, "otherStockholderEquity": 4943800, "totalStockholderEquity": 345706000, "netTangibleAssets": 328960000}, {"maxAge": 1, "endDate": "2019-12-31", "totalStockholderEquity": 368412000, "netTangibleAssets": 351666000}, {"maxAge": 1, "endDate": "2019-09-30", "cash": 5163000, "netReceivables": 135833000, "inventory": 38516000, "totalCurrentAssets": 179512000, "longTermInvestments": 122574000, "propertyPlantEquipment": 101257000, "goodWill": 16746000, "otherAssets": 67865000, "deferredLongTermAssetCharges": 56307000, "totalAssets": 487954000, "accountsPayable": 62068000, "otherCurrentLiab": 222000, "longTermDebt": 23279000, "otherLiab": 3707000, "minorityInterest": 30266000, "totalCurrentLiabilities": 62290000, "totalLiab": 89276000, "commonStock": 196350000, "treasuryStock": 172062000, "otherStockholderEquity": 172062000, "totalStockholderEquity": 368412000, "netTangibleAssets": 351666000}], "maxAge": 86400}, "indexTrend": {"maxAge": 1, "symbol": "SP5", "peRatio": 19.7411, "pegRatio": 1.34172, "estimates": [{"period": "0q", "growth": 0.549}, {"period": "+1q", "growth": 0.431}, {"period": "0y", "growth": 0.305}, {"period": "+1y", "growth": 0.109}, {"period": "+5y", "growth": 0.120859005}, {"period": "-5y"}]}, "insiderTransactions": {"transactions": [{"maxAge": 1, "shares": 27000, "filerUrl": "", "transactionText": "", "filerName": "Rathi (Charu)", "filerRelation": "UNREPORTED", "moneyText": "", "startDate": "2019-03-26", "ownership": "D"}], "maxAge": 1}, "quoteType": {"exchange": "BSE", "quoteType": "EQUITY", "symbol": "GARNETINT.BO", "underlyingSymbol": "GARNETINT.BO", "shortName": "GARNET INTERNATIONAL LTD.", "longName": "Garnet International Limited", "firstTradeDateEpochUtc": "2000-08-02 09:15:00", "timeZoneFullName": "Asia/Kolkata", "timeZoneShortName": "IST", "uuid": "ed8ef53b-e0a7-39ff-9c31-b5f090d767c3", "messageBoardId": null, "gmtOffSetMilliseconds": 19800000, "maxAge": 1}, "incomeStatementHistory": {"incomeStatementHistory": [{"maxAge": 1, "endDate": "2020-03-31", "totalRevenue": 175332000, "costOfRevenue": 73269000, "grossProfit": 102063000, "researchDevelopment": {}, "sellingGeneralAdministrative": 10172000, "nonRecurring": {}, "otherOperatingExpenses": 86179000, "totalOperatingExpenses": 177810000, "operatingIncome": -2478000, "totalOtherIncomeExpenseNet": -107244000, "ebit": -2478000, "interestExpense": -1520000, "incomeBeforeTax": -109722000, "incomeTaxExpense": -3514000, "minorityInterest": 30454000, "netIncomeFromContinuingOps": -106208000, "discontinuedOperations": {}, "extraordinaryItems": {}, "effectOfAccountingCharges": {}, "otherItems": {}, "netIncome": -109021000, "netIncomeApplicableToCommonShares": -109021000}, {"maxAge": 1, "endDate": "2019-03-31", "totalRevenue": 830977000, "costOfRevenue": 992887000, "grossProfit": -161910000, "researchDevelopment": {}, "sellingGeneralAdministrative": 12744000, "nonRecurring": {}, "otherOperatingExpenses": 76374000, "totalOperatingExpenses": 1090310000, "operatingIncome": -259333000, "totalOtherIncomeExpenseNet": -340091000, "ebit": -259333000, "interestExpense": -861000, "incomeBeforeTax": -599424000, "incomeTaxExpense": -21965000, "minorityInterest": 27641000, "netIncomeFromContinuingOps": -577459000, "discontinuedOperations": {}, "extraordinaryItems": {}, "effectOfAccountingCharges": {}, "otherItems": {}, "netIncome": -577120000, "netIncomeApplicableToCommonShares": -577120000}, {"maxAge": 1, "endDate": "2018-03-31", "totalRevenue": 3764927727, "costOfRevenue": 3336545462, "grossProfit": 428382265, "researchDevelopment": {}, "sellingGeneralAdministrative": 7924861, "nonRecurring": {}, "otherOperatingExpenses": 98112304, "totalOperatingExpenses": 3450819055, "operatingIncome": 314108672, "totalOtherIncomeExpenseNet": -218396087, "ebit": 314108672, "interestExpense": -9161517, "incomeBeforeTax": 95712585, "incomeTaxExpense": -17552380, "minorityInterest": 27980130, "netIncomeFromContinuingOps": 113264965, "discontinuedOperations": {}, "extraordinaryItems": {}, "effectOfAccountingCharges": {}, "otherItems": {}, "netIncome": 114262871, "netIncomeApplicableToCommonShares": 114262871}, {"maxAge": 1, "endDate": "2017-03-31", "totalRevenue": 640855647, "costOfRevenue": 441725035, "grossProfit": 199130612, "researchDevelopment": {}, "sellingGeneralAdministrative": 8901152, "nonRecurring": {}, "otherOperatingExpenses": 56608865, "totalOperatingExpenses": 513371492, "operatingIncome": 127484155, "totalOtherIncomeExpenseNet": -786490, "ebit": 127484155, "interestExpense": -772155, "incomeBeforeTax": 126697665, "incomeTaxExpense": 27125504, "minorityInterest": 28978026, "netIncomeFromContinuingOps": 99572161, "discontinuedOperations": {}, "extraordinaryItems": {}, "effectOfAccountingCharges": {}, "otherItems": {}, "netIncome": 96995456, "netIncomeApplicableToCommonShares": 96995456}], "maxAge": 86400}, "fundOwnership": {"maxAge": 1, "ownershipList": []}, "summaryDetail": {"maxAge": 1, "priceHint": 2, "previousClose": 28.9, "open": 30.3, "dayLow": 28.05, "dayHigh": 30.3, "regularMarketPreviousClose": 28.9, "regularMarketOpen": 30.3, "regularMarketDayLow": 28.05, "regularMarketDayHigh": 30.3, "trailingPE": 28.131117, "volume": 14258, "regularMarketVolume": 14258, "averageVolume": 14046, "averageVolume10days": 3261, "averageDailyVolume10Day": 3261, "bid": 28.55, "ask": 29.8, "bidSize": 0, "askSize": 0, "marketCap": 564506240, "fiftyTwoWeekLow": 21.1, "fiftyTwoWeekHigh": 44.65, "fiftyDayAverage": 36.73, "twoHundredDayAverage": 29.815329, "trailingAnnualDividendRate": 0.5, "trailingAnnualDividendYield": 0.017301038, "currency": "INR", "fromCurrency": null, "toCurrency": null, "lastMarket": null, "algorithm": null, "tradeable": false}, "incomeStatementHistoryQuarterly": {"incomeStatementHistory": [{"maxAge": 1, "endDate": "2020-06-30", "totalRevenue": 12050000, "costOfRevenue": 6559000, "grossProfit": 5491000, "researchDevelopment": {}, "sellingGeneralAdministrative": 1272000, "nonRecurring": {}, "otherOperatingExpenses": 6557000, "totalOperatingExpenses": 16440000, "operatingIncome": -4390000, "totalOtherIncomeExpenseNet": 4163000, "ebit": -4390000, "interestExpense": -612000, "incomeBeforeTax": -227000, "incomeTaxExpense": 0, "minorityInterest": {}, "netIncomeFromContinuingOps": -227000, "discontinuedOperations": {}, "extraordinaryItems": {}, "effectOfAccountingCharges": {}, "otherItems": {}, "netIncome": 1102000, "netIncomeApplicableToCommonShares": 1102000}, {"maxAge": 1, "endDate": "2020-03-31", "totalRevenue": 35695000, "costOfRevenue": 2723000, "grossProfit": 32972000, "researchDevelopment": {}, "sellingGeneralAdministrative": 2567000, "nonRecurring": {}, "otherOperatingExpenses": 28973000, "totalOperatingExpenses": 36337000, "operatingIncome": -642000, "totalOtherIncomeExpenseNet": -14313000, "ebit": -642000, "interestExpense": -615000, "incomeBeforeTax": -14955000, "incomeTaxExpense": -4753000, "minorityInterest": 30454000, "netIncomeFromContinuingOps": -10202000, "discontinuedOperations": {}, "extraordinaryItems": {}, "effectOfAccountingCharges": {}, "otherItems": {}, "netIncome": -10395000, "netIncomeApplicableToCommonShares": -10395000}, {"maxAge": 1, "endDate": "2019-12-31", "totalRevenue": 42382000, "costOfRevenue": 18102000, "grossProfit": 24280000, "researchDevelopment": {}, "sellingGeneralAdministrative": 2979000, "nonRecurring": {}, "otherOperatingExpenses": 13151000, "totalOperatingExpenses": 36278000, "operatingIncome": 6104000, "totalOtherIncomeExpenseNet": -23446000, "ebit": 6104000, "interestExpense": -297000, "incomeBeforeTax": -17342000, "incomeTaxExpense": 1239000, "minorityInterest": 30454000, "netIncomeFromContinuingOps": -18581000, "discontinuedOperations": {}, "extraordinaryItems": {}, "effectOfAccountingCharges": {}, "otherItems": {}, "netIncome": -20082000, "netIncomeApplicableToCommonShares": -20082000}, {"maxAge": 1, "endDate": "2019-09-30", "totalRevenue": 49457000, "costOfRevenue": 7571000, "grossProfit": 41886000, "researchDevelopment": {}, "sellingGeneralAdministrative": 2289000, "nonRecurring": {}, "otherOperatingExpenses": 39225000, "totalOperatingExpenses": 51121000, "operatingIncome": -1664000, "totalOtherIncomeExpenseNet": -23856000, "ebit": -1664000, "interestExpense": -407000, "incomeBeforeTax": -25520000, "incomeTaxExpense": 0, "minorityInterest": 30266000, "netIncomeFromContinuingOps": -25520000, "discontinuedOperations": {}, "extraordinaryItems": {}, "effectOfAccountingCharges": {}, "otherItems": {}, "netIncome": -27688000, "netIncomeApplicableToCommonShares": -27688000}], "maxAge": 86400}, "cashflowStatementHistoryQuarterly": {"cashflowStatements": [{"maxAge": 1, "endDate": "2020-06-30", "netIncome": 1102000, "changeToLiabilities": 0}, {"maxAge": 1, "endDate": "2020-03-31", "netIncome": -10395000, "changeToLiabilities": 0}, {"maxAge": 1, "endDate": "2019-12-31", "netIncome": -20082000, "changeToLiabilities": 0}, {"maxAge": 1, "endDate": "2019-09-30", "netIncome": -27688000, "changeToLiabilities": 0}], "maxAge": 86400}, "insiderHolders": {"holders": [{"maxAge": 1, "name": "Rathi (Charu)", "relation": "UNREPORTED", "url": "", "transactionDescription": "Sale", "latestTransDate": "2019-03-26", "positionDirect": 0, "positionDirectDate": "2019-03-26"}], "maxAge": 1}, "calendarEvents": {"maxAge": 1, "earnings": {"earningsDate": []}}, "price": {"maxAge": 1, "regularMarketChangePercent": -0.0051902984, "regularMarketChange": -0.14999962, "regularMarketTime": "2021-04-30 15:22:53", "priceHint": 2, "regularMarketPrice": 28.75, "regularMarketDayHigh": 30.3, "regularMarketDayLow": 28.05, "regularMarketVolume": 14258, "averageDailyVolume10Day": 3261, "averageDailyVolume3Month": 14046, "regularMarketPreviousClose": 28.9, "regularMarketSource": "FREE_REALTIME", "regularMarketOpen": 30.3, "exchange": "BSE", "exchangeName": "BSE", "exchangeDataDelayedBy": 0, "marketState": "CLOSED", "quoteType": "EQUITY", "symbol": "GARNETINT.BO", "underlyingSymbol": null, "shortName": "GARNET INTERNATIONAL LTD.", "longName": "Garnet International Limited", "currency": "INR", "quoteSourceName": "Delayed Quote", "currencySymbol": "\u20b9", "fromCurrency": null, "toCurrency": null, "lastMarket": null, "marketCap": 564506240}, "balanceSheetHistory": {"balanceSheetStatements": [{"maxAge": 1, "endDate": "2020-03-31", "cash": 4626000, "shortTermInvestments": 3249000, "netReceivables": 122291000, "inventory": 57813000, "otherCurrentAssets": 11718000, "totalCurrentAssets": 205160000, "longTermInvestments": 77764000, "propertyPlantEquipment": 106516000, "goodWill": 16746000, "otherAssets": 72248000, "deferredLongTermAssetCharges": 68550000, "totalAssets": 478434000, "accountsPayable": 66253000, "shortLongTermDebt": 3807000, "otherCurrentLiab": 17303000, "longTermDebt": 8144000, "otherLiab": 2240000, "deferredLongTermLiab": 574000, "minorityInterest": 30454000, "totalCurrentLiabilities": 91890000, "totalLiab": 102274000, "commonStock": 196350000, "retainedEarnings": -310236000, "treasuryStock": 4943800, "capitalSurplus": 454648200, "otherStockholderEquity": 4943800, "totalStockholderEquity": 345706000, "netTangibleAssets": 328960000}, {"maxAge": 1, "endDate": "2019-03-31", "cash": 2205000, "shortTermInvestments": 3686000, "netReceivables": 124747000, "inventory": 19805000, "otherCurrentAssets": 5981000, "totalCurrentAssets": 178073000, "longTermInvestments": 201827000, "propertyPlantEquipment": 103754000, "goodWill": 16746000, "otherAssets": 65607000, "deferredLongTermAssetCharges": 62711000, "totalAssets": 566007000, "accountsPayable": 63828000, "shortLongTermDebt": 725000, "otherCurrentLiab": 11271000, "longTermDebt": 824000, "otherLiab": 530000, "deferredLongTermLiab": 518000, "minorityInterest": 27641000, "totalCurrentLiabilities": 104085000, "totalLiab": 105439000, "commonStock": 195287000, "retainedEarnings": -201215000, "treasuryStock": 12210500, "capitalSurplus": 426644500, "otherStockholderEquity": 12210500, "totalStockholderEquity": 432927000, "netTangibleAssets": 416181000}, {"maxAge": 1, "endDate": "2018-03-31", "cash": 20940437, "netReceivables": 59335746, "inventory": 16311673, "otherCurrentAssets": 6013006, "totalCurrentAssets": 912781971, "longTermInvestments": 352773061, "propertyPlantEquipment": 105812589, "goodWill": 16746246, "otherAssets": 64274771, "totalAssets": 1452388638, "accountsPayable": 45576526, "shortLongTermDebt": 567271, "otherCurrentLiab": 13964625, "longTermDebt": 1275963, "otherLiab": 4827462, "minorityInterest": 27980130, "totalCurrentLiabilities": 537127604, "totalLiab": 543231029, "commonStock": 195286560, "retainedEarnings": 247030226, "treasuryStock": 12215424, "capitalSurplus": 426645269, "otherStockholderEquity": 12215424, "totalStockholderEquity": 881177479, "netTangibleAssets": 864431233}, {"maxAge": 1, "endDate": "2017-03-31", "cash": 39016282, "netReceivables": 43232441, "inventory": 8673128, "otherCurrentAssets": 5567929, "totalCurrentAssets": 100730129, "longTermInvestments": 417705591, "propertyPlantEquipment": 88356793, "goodWill": 16746246, "otherAssets": 4340704, "totalAssets": 627879463, "accountsPayable": 36288112, "shortLongTermDebt": 549361, "otherCurrentLiab": 18212841, "longTermDebt": 1837919, "otherLiab": 3849161, "minorityInterest": 28978026, "totalCurrentLiabilities": 66899749, "totalLiab": 72586829, "commonStock": 62250000, "retainedEarnings": 132767355, "treasuryStock": 4948064, "capitalSurplus": 326349189, "otherStockholderEquity": 4948064, "totalStockholderEquity": 526314608, "netTangibleAssets": 509568362}], "maxAge": 86400}, "financialData": {"maxAge": 86400, "currentPrice": 28.75, "recommendationKey": "none", "grossProfits": 102063000, "financialCurrency": "INR"}}}