{"GARNET.BO": {"recommendationTrend": {"trend": [{"period": "0m", "strongBuy": 0, "buy": 0, "hold": 0, "sell": 0, "strongSell": 0}, {"period": "-1m", "strongBuy": 0, "buy": 0, "hold": 0, "sell": 0, "strongSell": 0}, {"period": "-2m", "strongBuy": 0, "buy": 0, "hold": 0, "sell": 0, "strongSell": 0}, {"period": "-3m", "strongBuy": 0, "buy": 0, "hold": 0, "sell": 0, "strongSell": 0}], "maxAge": 86400}, "cashflowStatementHistory": {"cashflowStatements": [{"maxAge": 1, "endDate": "2020-03-31", "netIncome": 68941065, "depreciation": 3460590, "changeToNetincome": 67291092, "changeToAccountReceivables": -40232583, "changeToLiabilities": 73526134, "changeToInventory": 290193603, "changeToOperatingActivities": -185433170, "totalCashFromOperatingActivities": 277746731, "capitalExpenditures": -420076, "investments": 211300, "otherCashflowsFromInvestingActivities": 1482300, "totalCashflowsFromInvestingActivities": 1698524, "netBorrowings": -186600316, "otherCashflowsFromFinancingActivities": -58591862, "totalCashFromFinancingActivities": -245192178, "changeInCash": 34253077}, {"maxAge": 1, "endDate": "2019-03-31", "netIncome": 8107310, "depreciation": 4849330, "changeToNetincome": 55991739, "changeToAccountReceivables": -37100362, "changeToLiabilities": -10303944, "changeToInventory": -151699540, "changeToOperatingActivities": 71659864, "totalCashFromOperatingActivities": -58495603, "capitalExpenditures": -293170, "investments": 30000000, "otherCashflowsFromInvestingActivities": 37615, "totalCashflowsFromInvestingActivities": 29744445, "netBorrowings": 98661645, "otherCashflowsFromFinancingActivities": -55173182, "totalCashFromFinancingActivities": 43488463, "changeInCash": 14737305}, {"maxAge": 1, "endDate": "2018-03-31", "netIncome": 12040183, "depreciation": 5618738, "changeToNetincome": 46083241, "changeToAccountReceivables": 278165613, "changeToLiabilities": -4676796, "changeToInventory": -106419989, "changeToOperatingActivities": -217535236, "totalCashFromOperatingActivities": 13275754, "capitalExpenditures": -60273, "investments": 30000000, "otherCashflowsFromInvestingActivities": 1527704, "totalCashflowsFromInvestingActivities": 1621616, "netBorrowings": 19361629, "otherCashflowsFromFinancingActivities": -48363848, "totalCashFromFinancingActivities": -29002219, "changeInCash": -14104849}, {"maxAge": 1, "endDate": "2017-03-31", "netIncome": 3311950, "depreciation": 6465349, "changeToNetincome": 57554190, "changeToAccountReceivables": 7726109, "changeToLiabilities": -19371286, "changeToInventory": 1048295, "changeToOperatingActivities": 69923321, "totalCashFromOperatingActivities": 126657928, "capitalExpenditures": -38990, "investments": 30000000, "otherCashflowsFromInvestingActivities": 652698, "totalCashflowsFromInvestingActivities": 613708, "netBorrowings": -70092451, "otherCashflowsFromFinancingActivities": -55821060, "totalCashFromFinancingActivities": -125913511, "changeInCash": 1358126}], "maxAge": 86400}, "institutionOwnership": {"ownershipList": [], "maxAge": 1}, "balanceSheetHistoryQuarterly": {"balanceSheetStatements": [{"maxAge": 1, "endDate": "2020-06-30", "totalStockholderEquity": 790785397, "netTangibleAssets": 790785397}, {"maxAge": 1, "endDate": "2020-03-31", "cash": 42053352, "shortTermInvestments": 1000, "netReceivables": 663099162, "inventory": 828347259, "otherCurrentAssets": 221011400, "totalCurrentAssets": 1755922958, "longTermInvestments": 859107, "propertyPlantEquipment": 48194944, "otherAssets": 15745796, "totalAssets": 1820722805, "accountsPayable": 113687089, "shortLongTermDebt": 67415169, "otherCurrentLiab": 619173569, "longTermDebt": 208491919, "otherLiab": 10736315, "totalCurrentLiabilities": 810709174, "totalLiab": 1029937408, "commonStock": 139022000, "retainedEarnings": 218763397, "capitalSurplus": 433000000, "totalStockholderEquity": 790785397, "netTangibleAssets": 790785397}, {"maxAge": 1, "endDate": "2019-12-31", "totalStockholderEquity": 727206000, "netTangibleAssets": 727206000}, {"maxAge": 1, "endDate": "2019-09-30", "cash": 6018000, "shortTermInvestments": 1000, "netReceivables": 411728000, "inventory": 1150858000, "otherCurrentAssets": 353421000, "totalCurrentAssets": 1922026000, "longTermInvestments": 438000, "propertyPlantEquipment": 50108000, "otherAssets": 16314000, "deferredLongTermAssetCharges": 363000, "totalAssets": 1988886000, "accountsPayable": 32698000, "shortLongTermDebt": 201390000, "otherCurrentLiab": 768979000, "longTermDebt": 220568000, "otherLiab": 908000, "minorityInterest": 922000, "totalCurrentLiabilities": 1039282000, "totalLiab": 1260758000, "commonStock": 139022000, "treasuryStock": 588184000, "otherStockholderEquity": 588184000, "totalStockholderEquity": 727206000, "netTangibleAssets": 727206000}], "maxAge": 86400}, "earningsHistory": {"history": [{"maxAge": 1, "epsActual": {}, "epsEstimate": {}, "epsDifference": {}, "surprisePercent": {}, "quarter": {}, "period": "-4q"}, {"maxAge": 1, "epsActual": {}, "epsEstimate": {}, "epsDifference": {}, "surprisePercent": {}, "quarter": {}, "period": "-3q"}, {"maxAge": 1, "epsActual": {}, "epsEstimate": {}, "epsDifference": {}, "surprisePercent": {}, "quarter": {}, "period": "-2q"}, {"maxAge": 1, "epsActual": {}, "epsEstimate": {}, "epsDifference": {}, "surprisePercent": {}, "quarter": {}, "period": "-1q"}], "maxAge": 86400}, "indexTrend": {"maxAge": 1, "symbol": "SP5", "peRatio": 19.7411, "pegRatio": 1.34172, "estimates": [{"period": "0q", "growth": 0.549}, {"period": "+1q", "growth": 0.431}, {"period": "0y", "growth": 0.305}, {"period": "+1y", "growth": 0.109}, {"period": "+5y", "growth": 0.120859005}, {"period": "-5y"}]}, "industryTrend": {"maxAge": 1, "symbol": null, "estimates": []}, "insiderTransactions": {"transactions": [{"maxAge": 1, "shares": 50000, "value": 8165, "filerUrl": "", "transactionText": "Acquisition at price 0.16 per share.", "filerName": "Kedia (Arun Kumar)", "filerRelation": "Director (Executive)", "moneyText": "", "startDate": "2020-03-16", "ownership": "D"}, {"maxAge": 1, "shares": 25000, "filerUrl": "", "transactionText": "", "filerName": "Kedia (Kusum Devi K)", "filerRelation": "Promoter", "moneyText": "", "startDate": "2016-03-15", "ownership": "D"}, {"maxAge": 1, "shares": 50000, "filerUrl": "", "transactionText": "", "filerName": "Kedia (Kusum Devi K)", "filerRelation": "Promoter", "moneyText": "", "startDate": "2016-03-05", "ownership": "D"}, {"maxAge": 1, "shares": 50000, "filerUrl": "", "transactionText": "", "filerName": "Kedia (Arun Kumar)", "filerRelation": "Director (Executive)", "moneyText": "", "startDate": "2016-03-05", "ownership": "D"}, {"maxAge": 1, "shares": 75000, "filerUrl": "", "transactionText": "", "filerName": "Kedia (Arun Kumar)", "filerRelation": "Director (Executive)", "moneyText": "", "startDate": "2016-03-02", "ownership": "D"}, {"maxAge": 1, "shares": 25000, "filerUrl": "", "transactionText": "", "filerName": "Kedia (Kusum Devi K)", "filerRelation": "Promoter", "moneyText": "", "startDate": "2016-03-02", "ownership": "D"}, {"maxAge": 1, "shares": 125000, "filerUrl": "", "transactionText": "", "filerName": "Kedia (Kishan Kumar)", "filerRelation": "Executive Chairman", "moneyText": "", "startDate": "2016-03-02", "ownership": "D"}, {"maxAge": 1, "shares": 25000, "filerUrl": "", "transactionText": "", "filerName": "Kedia (Arun Kumar)", "filerRelation": "Director (Executive)", "moneyText": "", "startDate": "2016-02-26", "ownership": "D"}, {"maxAge": 1, "shares": 25000, "filerUrl": "", "transactionText": "", "filerName": "Kedia (Kusum Devi K)", "filerRelation": "Promoter", "moneyText": "", "startDate": "2016-02-26", "ownership": "D"}, {"maxAge": 1, "shares": 25000, "filerUrl": "", "transactionText": "", "filerName": "Kedia (Kishan Kumar)", "filerRelation": "Executive Chairman", "moneyText": "", "startDate": "2016-02-26", "ownership": "D"}, {"maxAge": 1, "shares": 150000, "filerUrl": "", "transactionText": "", "filerName": "Kedia (Kusum Devi K)", "filerRelation": "Promoter", "moneyText": "", "startDate": "2015-03-09", "ownership": "D"}, {"maxAge": 1, "shares": 150000, "filerUrl": "", "transactionText": "", "filerName": "Kedia (Arun Kumar)", "filerRelation": "Director (Executive)", "moneyText": "", "startDate": "2015-03-03", "ownership": "D"}, {"maxAge": 1, "shares": 150000, "filerUrl": "", "transactionText": "", "filerName": "Kedia (Kishan Kumar)", "filerRelation": "Executive Chairman", "moneyText": "", "startDate": "2015-02-27", "ownership": "D"}, {"maxAge": 1, "shares": 150000, "filerUrl": "", "transactionText": "", "filerName": "Kedia (Kusum Devi K)", "filerRelation": "Promoter", "moneyText": "", "startDate": "2014-03-25", "ownership": "D"}, {"maxAge": 1, "shares": 175000, "filerUrl": "", "transactionText": "", "filerName": "Kedia (Arun Kumar)", "filerRelation": "Director (Executive)", "moneyText": "", "startDate": "2014-03-24", "ownership": "D"}, {"maxAge": 1, "shares": 150000, "filerUrl": "", "transactionText": "", "filerName": "Kedia (Kishan Kumar)", "filerRelation": "Executive Chairman", "moneyText": "", "startDate": "2014-03-19", "ownership": "D"}, {"maxAge": 1, "shares": 120000, "filerUrl": "", "transactionText": "", "filerName": "Kedia (Kusum Devi K)", "filerRelation": "Promoter", "moneyText": "", "startDate": "2013-02-26", "ownership": "D"}, {"maxAge": 1, "shares": 110000, "filerUrl": "", "transactionText": "", "filerName": "Kedia (Arun Kumar)", "filerRelation": "Director (Executive)", "moneyText": "", "startDate": "2013-02-23", "ownership": "D"}, {"maxAge": 1, "shares": 210000, "filerUrl": "", "transactionText": "", "filerName": "Kedia (Kishan Kumar)", "filerRelation": "Executive Chairman", "moneyText": "", "startDate": "2013-01-08", "ownership": "D"}, {"maxAge": 1, "shares": 140000, "filerUrl": "", "transactionText": "", "filerName": "Kedia (Kusum Devi K)", "filerRelation": "Promoter", "moneyText": "", "startDate": "2012-03-21", "ownership": "D"}, {"maxAge": 1, "shares": 40000, "filerUrl": "", "transactionText": "", "filerName": "Kedia (Kishan Kumar)", "filerRelation": "Executive Chairman", "moneyText": "", "startDate": "2012-03-21", "ownership": "D"}, {"maxAge": 1, "shares": 40000, "filerUrl": "", "transactionText": "", "filerName": "Kedia (Arun Kumar)", "filerRelation": "Director (Executive)", "moneyText": "", "startDate": "2012-03-21", "ownership": "D"}, {"maxAge": 1, "shares": 50000, "filerUrl": "", "transactionText": "", "filerName": "Kedia (Arun Kumar)", "filerRelation": "Director (Executive)", "moneyText": "", "startDate": "2012-03-20", "ownership": "D"}, {"maxAge": 1, "shares": 50000, "filerUrl": "", "transactionText": "", "filerName": "Kedia (Kishan Kumar)", "filerRelation": "Executive Chairman", "moneyText": "", "startDate": "2012-03-20", "ownership": "D"}, {"maxAge": 1, "shares": 50000, "filerUrl": "", "transactionText": "", "filerName": "Kedia (Kishan Kumar)", "filerRelation": "Executive Chairman", "moneyText": "", "startDate": "2012-01-14", "ownership": "D"}], "maxAge": 1}, "quoteType": {"exchange": "BSE", "quoteType": "EQUITY", "symbol": "GARNET.BO", "underlyingSymbol": "GARNET.BO", "shortName": "GARNET CONSTRUCTION LTD.", "longName": "Garnet Construction Limited", "firstTradeDateEpochUtc": "2002-03-19 09:15:00", "timeZoneFullName": "Asia/Kolkata", "timeZoneShortName": "IST", "uuid": "02cbe284-0bac-321d-b7ca-6e5b6df9fcfc", "gmtOffSetMilliseconds": 19800000, "maxAge": 1}, "incomeStatementHistory": {"incomeStatementHistory": [{"maxAge": 1, "endDate": "2020-03-31", "totalRevenue": 688433575, "costOfRevenue": 500188171, "grossProfit": 188245404, "researchDevelopment": {}, "sellingGeneralAdministrative": 35105419, "nonRecurring": {}, "otherOperatingExpenses": 32104091, "totalOperatingExpenses": 570858271, "operatingIncome": 117575304, "totalOtherIncomeExpenseNet": -20163330, "ebit": 117575304, "interestExpense": -22186141, "incomeBeforeTax": 97411974, "incomeTaxExpense": 28470909, "minorityInterest": {}, "netIncomeFromContinuingOps": 68941065, "discontinuedOperations": {}, "extraordinaryItems": {}, "effectOfAccountingCharges": {}, "otherItems": {}, "netIncome": 68941065, "netIncomeApplicableToCommonShares": 68941065}, {"maxAge": 1, "endDate": "2019-03-31", "totalRevenue": 81077216, "costOfRevenue": 29381605, "grossProfit": 51695611, "researchDevelopment": {}, "sellingGeneralAdministrative": 24460450, "nonRecurring": {}, "otherOperatingExpenses": 6693555, "totalOperatingExpenses": 65384940, "operatingIncome": 15692276, "totalOtherIncomeExpenseNet": -4234107, "ebit": 15692276, "interestExpense": -4265822, "incomeBeforeTax": 11458169, "incomeTaxExpense": 3460091, "minorityInterest": 922012, "netIncomeFromContinuingOps": 7998078, "discontinuedOperations": {}, "extraordinaryItems": {}, "effectOfAccountingCharges": {}, "otherItems": {}, "netIncome": 8107310, "netIncomeApplicableToCommonShares": 8107310}, {"maxAge": 1, "endDate": "2018-03-31", "totalRevenue": 58405497, "costOfRevenue": 2096406, "grossProfit": 56309091, "researchDevelopment": {}, "sellingGeneralAdministrative": 16582866, "nonRecurring": {}, "otherOperatingExpenses": 5839693, "totalOperatingExpenses": 30137703, "operatingIncome": 28267794, "totalOtherIncomeExpenseNet": -13868960, "ebit": 28267794, "interestExpense": -12141542, "incomeBeforeTax": 14398834, "incomeTaxExpense": 2458087, "minorityInterest": 1031243, "netIncomeFromContinuingOps": 11940747, "discontinuedOperations": {}, "extraordinaryItems": {}, "effectOfAccountingCharges": {}, "otherItems": {}, "netIncome": 12040183, "netIncomeApplicableToCommonShares": 12040183}, {"maxAge": 1, "endDate": "2017-03-31", "totalRevenue": 142422463, "costOfRevenue": 93268025, "grossProfit": 49154438, "researchDevelopment": {}, "sellingGeneralAdministrative": 12334691, "nonRecurring": {}, "otherOperatingExpenses": 5648704, "totalOperatingExpenses": 117716769, "operatingIncome": 24705694, "totalOtherIncomeExpenseNet": -15873175, "ebit": 24705694, "interestExpense": -11531888, "incomeBeforeTax": 8832519, "incomeTaxExpense": 5596751, "minorityInterest": 1130678, "netIncomeFromContinuingOps": 3235768, "discontinuedOperations": {}, "extraordinaryItems": {}, "effectOfAccountingCharges": {}, "otherItems": {}, "netIncome": 3311950, "netIncomeApplicableToCommonShares": 3311950}], "maxAge": 86400}, "fundOwnership": {"ownershipList": [], "maxAge": 1}, "summaryDetail": {"maxAge": 1, "priceHint": 2, "previousClose": 18.7, "open": 19.0, "dayLow": 18.7, "dayHigh": 19.2, "regularMarketPreviousClose": 18.7, "regularMarketOpen": 19.0, "regularMarketDayLow": 18.7, "regularMarketDayHigh": 19.2, "trailingPE": 0.9272816, "volume": 855, "regularMarketVolume": 855, "averageVolume": 10988, "averageVolume10days": 8581, "averageDailyVolume10Day": 8581, "bid": 18.8, "ask": 19.2, "bidSize": 0, "askSize": 0, "marketCap": 264141792, "fiftyTwoWeekLow": 5.58, "fiftyTwoWeekHigh": 25.55, "fiftyDayAverage": 21.73182, "twoHundredDayAverage": 16.614191, "currency": "INR", "fromCurrency": null, "lastMarket": null, "algorithm": null, "tradeable": false}, "sectorTrend": {"maxAge": 1, "symbol": null, "estimates": []}, "incomeStatementHistoryQuarterly": {"incomeStatementHistory": [{"maxAge": 1, "endDate": "2020-06-30", "totalRevenue": 427239000, "costOfRevenue": 116733000, "grossProfit": 310506000, "researchDevelopment": {}, "sellingGeneralAdministrative": 7806000, "nonRecurring": {}, "otherOperatingExpenses": 2784000, "totalOperatingExpenses": 128057000, "operatingIncome": 299182000, "totalOtherIncomeExpenseNet": -121000, "ebit": 299182000, "interestExpense": -121000, "incomeBeforeTax": 299061000, "incomeTaxExpense": 74839000, "minorityInterest": {}, "netIncomeFromContinuingOps": 224222000, "discontinuedOperations": {}, "extraordinaryItems": {}, "effectOfAccountingCharges": {}, "otherItems": {}, "netIncome": 224222000, "netIncomeApplicableToCommonShares": 224222000}, {"maxAge": 1, "endDate": "2020-03-31", "totalRevenue": 260153575, "costOfRevenue": 386457171, "grossProfit": -126303596, "researchDevelopment": {}, "sellingGeneralAdministrative": 19408419, "nonRecurring": {}, "otherOperatingExpenses": 17492091, "totalOperatingExpenses": 424244271, "operatingIncome": -164090696, "totalOtherIncomeExpenseNet": -2402330, "ebit": -164090696, "interestExpense": -4425141, "incomeBeforeTax": -166493026, "incomeTaxExpense": -46746091, "minorityInterest": {}, "netIncomeFromContinuingOps": -119746935, "discontinuedOperations": {}, "extraordinaryItems": {}, "effectOfAccountingCharges": {}, "otherItems": {}, "netIncome": -119746935, "netIncomeApplicableToCommonShares": -119746935}, {"maxAge": 1, "endDate": "2019-12-31", "totalRevenue": 338888000, "costOfRevenue": 63291000, "grossProfit": 275597000, "researchDevelopment": {}, "sellingGeneralAdministrative": 5977000, "nonRecurring": {}, "otherOperatingExpenses": 5045000, "totalOperatingExpenses": 75171000, "operatingIncome": 263717000, "totalOtherIncomeExpenseNet": -6547000, "ebit": 263717000, "interestExpense": -6547000, "incomeBeforeTax": 257170000, "incomeTaxExpense": 73312000, "minorityInterest": {}, "netIncomeFromContinuingOps": 183858000, "discontinuedOperations": {}, "extraordinaryItems": {}, "effectOfAccountingCharges": {}, "otherItems": {}, "netIncome": 183858000, "netIncomeApplicableToCommonShares": 183858000}, {"maxAge": 1, "endDate": "2019-09-30", "totalRevenue": 69849000, "costOfRevenue": 39681000, "grossProfit": 30168000, "researchDevelopment": {}, "sellingGeneralAdministrative": 7557000, "nonRecurring": {}, "otherOperatingExpenses": 6925000, "totalOperatingExpenses": 55021000, "operatingIncome": 14828000, "totalOtherIncomeExpenseNet": -8802000, "ebit": 14828000, "interestExpense": -8802000, "incomeBeforeTax": 6026000, "incomeTaxExpense": 1690000, "minorityInterest": 922000, "netIncomeFromContinuingOps": 4336000, "discontinuedOperations": {}, "extraordinaryItems": {}, "effectOfAccountingCharges": {}, "otherItems": {}, "netIncome": 4336000, "netIncomeApplicableToCommonShares": 4336000}], "maxAge": 86400}, "cashflowStatementHistoryQuarterly": {"cashflowStatements": [{"maxAge": 1, "endDate": "2020-06-30", "netIncome": 224222000, "changeToLiabilities": 0}, {"maxAge": 1, "endDate": "2020-03-31", "netIncome": -119746935, "changeToLiabilities": 0}, {"maxAge": 1, "endDate": "2019-12-31", "netIncome": 183858000, "changeToLiabilities": 0}, {"maxAge": 1, "endDate": "2019-09-30", "netIncome": 4336000, "changeToLiabilities": 0}], "maxAge": 86400}, "insiderHolders": {"holders": [{"maxAge": 1, "name": "Kedia (Arun Kumar)", "relation": "Director (Executive)", "url": "", "transactionDescription": "Acquisition", "latestTransDate": "2020-03-16", "positionDirect": 1914117, "positionDirectDate": "2020-03-16"}, {"maxAge": 1, "name": "Kedia (Kishan Kumar)", "relation": "Executive Chairman", "url": "", "transactionDescription": "Purchase", "latestTransDate": "2016-03-02", "positionDirect": 1759100, "positionDirectDate": "2016-03-02"}, {"maxAge": 1, "name": "Kedia (Kusum Devi K)", "relation": "Promoter", "url": "", "transactionDescription": "Purchase", "latestTransDate": "2016-03-15", "positionDirect": 1928380, "positionDirectDate": "2016-03-15"}], "maxAge": 1}, "earnings": {"maxAge": 86400, "earningsChart": {"quarterly": [], "earningsDate": ["2020-09-15 05:30:S"]}, "financialsChart": {"yearly": [{"date": 2017, "revenue": 142422463, "earnings": 3311950}, {"date": 2018, "revenue": 58405497, "earnings": 12040183}, {"date": 2019, "revenue": 81077216, "earnings": 8107310}, {"date": 2020, "revenue": 688433575, "earnings": 68941065}], "quarterly": [{"date": "3Q2019", "revenue": 69849000, "earnings": 4336000}, {"date": "4Q2019", "revenue": 338888000, "earnings": 183858000}, {"date": "1Q2020", "revenue": 260153575, "earnings": -119746935}, {"date": "2Q2020", "revenue": 427239000, "earnings": 224222000}]}, "financialCurrency": "INR"}, "calendarEvents": {"maxAge": 1, "earnings": {"earningsDate": ["2020-09-15 05:30:S"]}}, "upgradeDowngradeHistory": {"history": [], "maxAge": 86400}, "price": {"maxAge": 1, "regularMarketChangePercent": 0.01604274, "regularMarketChange": 0.29999924, "regularMarketTime": "2021-04-30 15:06:26", "priceHint": 2, "regularMarketPrice": 19.0, "regularMarketDayHigh": 19.2, "regularMarketDayLow": 18.7, "regularMarketVolume": 855, "averageDailyVolume10Day": 8581, "averageDailyVolume3Month": 10988, "regularMarketPreviousClose": 18.7, "regularMarketSource": "FREE_REALTIME", "regularMarketOpen": 19.0, "exchange": "BSE", "exchangeName": "BSE", "exchangeDataDelayedBy": 0, "marketState": "CLOSED", "quoteType": "EQUITY", "symbol": "GARNET.BO", "underlyingSymbol": null, "shortName": "GARNET CONSTRUCTION LTD.", "longName": "Garnet Construction Limited", "currency": "INR", "quoteSourceName": "Delayed Quote", "currencySymbol": "\u20b9", "fromCurrency": null, "lastMarket": null, "marketCap": 264141792}, "balanceSheetHistory": {"balanceSheetStatements": [{"maxAge": 1, "endDate": "2020-03-31", "cash": 42053352, "shortTermInvestments": 1000, "netReceivables": 663099162, "inventory": 828347259, "otherCurrentAssets": 221011400, "totalCurrentAssets": 1755922958, "longTermInvestments": 859107, "propertyPlantEquipment": 48194944, "otherAssets": 15745796, "totalAssets": 1820722805, "accountsPayable": 113687089, "shortLongTermDebt": 67415169, "otherCurrentLiab": 619173569, "longTermDebt": 208491919, "otherLiab": 10736315, "totalCurrentLiabilities": 810709174, "totalLiab": 1029937408, "commonStock": 139022000, "retainedEarnings": 218763397, "capitalSurplus": 433000000, "totalStockholderEquity": 790785397, "netTangibleAssets": 790785397}, {"maxAge": 1, "endDate": "2019-03-31", "cash": 7846761, "shortTermInvestments": 1000, "netReceivables": 353719639, "inventory": 1184596463, "otherCurrentAssets": 276807862, "totalCurrentAssets": 1824981375, "longTermInvestments": 820107, "propertyPlantEquipment": 51675615, "otherAssets": 19504202, "deferredLongTermAssetCharges": 717492, "totalAssets": 1896981299, "accountsPayable": 41136460, "shortLongTermDebt": 194880646, "otherCurrentLiab": 656617681, "longTermDebt": 242626758, "otherLiab": 1008457, "minorityInterest": 922012, "totalCurrentLiabilities": 930048396, "totalLiab": 1173683611, "commonStock": 139022000, "retainedEarnings": 150353677, "treasuryStock": -1, "capitalSurplus": 433000000, "otherStockholderEquity": -1, "totalStockholderEquity": 722375676, "netTangibleAssets": 722375676}, {"maxAge": 1, "endDate": "2018-03-31", "cash": 1451463, "shortTermInvestments": 1000, "netReceivables": 313963698, "inventory": 1032896923, "otherCurrentAssets": 272420491, "totalCurrentAssets": 1624066169, "longTermInvestments": 30820107, "propertyPlantEquipment": 56231775, "otherAssets": 18240314, "deferredLongTermAssetCharges": 1420841, "totalAssets": 1729358365, "accountsPayable": 51440404, "shortLongTermDebt": 90538594, "otherCurrentLiab": 581684782, "longTermDebt": 273007164, "otherLiab": 734133, "minorityInterest": 1031243, "totalCurrentLiabilities": 740362563, "totalLiab": 1014103860, "commonStock": 139022000, "retainedEarnings": 142201262, "capitalSurplus": 433000000, "totalStockholderEquity": 714223262, "netTangibleAssets": 714223262}, {"maxAge": 1, "endDate": "2017-03-31", "cash": 7214305, "shortTermInvestments": 101000, "netReceivables": 598124473, "inventory": 926476934, "otherCurrentAssets": 278055890, "totalCurrentAssets": 1813050415, "longTermInvestments": 30670817, "propertyPlantEquipment": 61790240, "otherAssets": 10499419, "deferredLongTermAssetCharges": 660230, "totalAssets": 1916010891, "accountsPayable": 56117200, "shortLongTermDebt": 73462365, "otherCurrentLiab": 802590442, "longTermDebt": 268721766, "otherLiab": 596444, "minorityInterest": 1130678, "totalCurrentLiabilities": 943419398, "totalLiab": 1212737608, "commonStock": 139022000, "retainedEarnings": 130120605, "capitalSurplus": 433000000, "totalStockholderEquity": 702142605, "netTangibleAssets": 702142605}], "maxAge": 86400}, "earningsTrend": {"trend": [{"maxAge": 1, "period": "0q", "endDate": null, "growth": {}, "earningsEstimate": {"avg": 0.0, "low": 0.0, "high": 0.0, "yearAgoEps": {}, "numberOfAnalysts": 0, "growth": {}}, "revenueEstimate": {"avg": 0, "low": 0, "high": 0, "numberOfAnalysts": 0, "yearAgoRevenue": {}, "growth": {}}, "epsTrend": {"current": 0.0, "7daysAgo": 0.0, "30daysAgo": 0.0, "60daysAgo": 0.0, "90daysAgo": 0.0}, "epsRevisions": {"upLast7days": 0, "upLast30days": 0, "downLast30days": 0, "downLast90days": {}}}, {"maxAge": 1, "period": "+1q", "endDate": null, "growth": {}, "earningsEstimate": {"avg": 0.0, "low": 0.0, "high": 0.0, "yearAgoEps": {}, "numberOfAnalysts": 0, "growth": {}}, "revenueEstimate": {"avg": 0, "low": 0, "high": 0, "numberOfAnalysts": 0, "yearAgoRevenue": {}, "growth": {}}, "epsTrend": {"current": 0.0, "7daysAgo": 0.0, "30daysAgo": 0.0, "60daysAgo": 0.0, "90daysAgo": 0.0}, "epsRevisions": {"upLast7days": 0, "upLast30days": 0, "downLast30days": 0, "downLast90days": {}}}, {"maxAge": 1, "period": "0y", "endDate": null, "growth": {}, "earningsEstimate": {"avg": 0.0, "low": 0.0, "high": 0.0, "yearAgoEps": {}, "numberOfAnalysts": 0, "growth": {}}, "revenueEstimate": {"avg": 0, "low": 0, "high": 0, "numberOfAnalysts": 0, "yearAgoRevenue": {}, "growth": {}}, "epsTrend": {"current": 0.0, "7daysAgo": 0.0, "30daysAgo": 0.0, "60daysAgo": 0.0, "90daysAgo": 0.0}, "epsRevisions": {"upLast7days": 0, "upLast30days": 0, "downLast30days": 0, "downLast90days": {}}}, {"maxAge": 1, "period": "+1y", "endDate": null, "growth": {}, "earningsEstimate": {"avg": 0.0, "low": 0.0, "high": 0.0, "yearAgoEps": {}, "numberOfAnalysts": 0, "growth": {}}, "revenueEstimate": {"avg": 0, "low": 0, "high": 0, "numberOfAnalysts": 0, "yearAgoRevenue": {}, "growth": {}}, "epsTrend": {"current": 0.0, "7daysAgo": 0.0, "30daysAgo": 0.0, "60daysAgo": 0.0, "90daysAgo": 0.0}, "epsRevisions": {"upLast7days": 0, "upLast30days": 0, "downLast30days": 0, "downLast90days": {}}}, {"maxAge": 1, "period": "+5y", "endDate": null, "growth": {}, "earningsEstimate": {"avg": {}, "low": {}, "high": {}, "yearAgoEps": {}, "numberOfAnalysts": {}, "growth": {}}, "revenueEstimate": {"avg": {}, "low": {}, "high": {}, "numberOfAnalysts": {}, "yearAgoRevenue": {}, "growth": {}}, "epsTrend": {"current": {}, "7daysAgo": {}, "30daysAgo": {}, "60daysAgo": {}, "90daysAgo": {}}, "epsRevisions": {"upLast7days": {}, "upLast30days": {}, "downLast30days": {}, "downLast90days": {}}}, {"maxAge": 1, "period": "-5y", "endDate": null, "growth": {}, "earningsEstimate": {"avg": {}, "low": {}, "high": {}, "yearAgoEps": {}, "numberOfAnalysts": {}, "growth": {}}, "revenueEstimate": {"avg": {}, "low": {}, "high": {}, "numberOfAnalysts": {}, "yearAgoRevenue": {}, "growth": {}}, "epsTrend": {"current": {}, "7daysAgo": {}, "30daysAgo": {}, "60daysAgo": {}, "90daysAgo": {}}, "epsRevisions": {"upLast7days": {}, "upLast30days": {}, "downLast30days": {}, "downLast90days": {}}}], "maxAge": 1}, "financialData": {"maxAge": 86400, "currentPrice": 19.0, "recommendationKey": "none", "grossProfits": 188245404, "financialCurrency": "INR"}}}