{"GARWARPOLY.BO": {"recommendationTrend": {"trend": [{"period": "0m", "strongBuy": 0, "buy": 0, "hold": 0, "sell": 0, "strongSell": 0}, {"period": "-1m", "strongBuy": 0, "buy": 0, "hold": 0, "sell": 0, "strongSell": 0}, {"period": "-2m", "strongBuy": 0, "buy": 0, "hold": 0, "sell": 0, "strongSell": 0}, {"period": "-3m", "strongBuy": 0, "buy": 0, "hold": 0, "sell": 0, "strongSell": 0}], "maxAge": 86400}, "cashflowStatementHistory": {"cashflowStatements": [{"maxAge": 1, "endDate": "2020-03-31", "netIncome": 860200000, "depreciation": 202900000, "changeToNetincome": 310900000, "changeToAccountReceivables": 69500000, "changeToLiabilities": -163000000, "changeToInventory": -190800000, "changeToOperatingActivities": -99300000, "totalCashFromOperatingActivities": 990400000, "capitalExpenditures": -537400000, "investments": 63800000, "otherCashflowsFromInvestingActivities": 33900000, "totalCashflowsFromInvestingActivities": -438000000, "dividendsPaid": -542400000, "netBorrowings": 47800000, "otherCashflowsFromFinancingActivities": -146400000, "totalCashFromFinancingActivities": -641000000, "changeInCash": -88600000}, {"maxAge": 1, "endDate": "2019-03-31", "netIncome": 816500000, "depreciation": 134747000, "changeToNetincome": 238163000, "changeToAccountReceivables": -188763000, "changeToLiabilities": 206510000, "changeToInventory": 95538000, "changeToOperatingActivities": 106149000, "totalCashFromOperatingActivities": 1413521000, "capitalExpenditures": -268308000, "investments": -768421000, "otherCashflowsFromInvestingActivities": 27608000, "totalCashflowsFromInvestingActivities": -1005492000, "dividendsPaid": -56016000, "netBorrowings": -194909000, "otherCashflowsFromFinancingActivities": -236129000, "totalCashFromFinancingActivities": -487054000, "changeInCash": -79025000}, {"maxAge": 1, "endDate": "2018-03-31", "netIncome": 331238000, "depreciation": 133558000, "changeToNetincome": 265212000, "changeToAccountReceivables": 228985000, "changeToLiabilities": 142030000, "changeToInventory": 175784000, "changeToOperatingActivities": 62280000, "totalCashFromOperatingActivities": 1342785000, "capitalExpenditures": -106400000, "investments": -5536000, "otherCashflowsFromInvestingActivities": 59022000, "totalCashflowsFromInvestingActivities": -52885000, "dividendsPaid": -27962000, "netBorrowings": -1419953000, "otherCashflowsFromFinancingActivities": -269164000, "totalCashFromFinancingActivities": -1717079000, "changeInCash": -427179000}, {"maxAge": 1, "endDate": "2017-03-31", "netIncome": 224433000, "depreciation": 129835000, "changeToNetincome": 315259000, "changeToAccountReceivables": -154819000, "changeToLiabilities": 39134000, "changeToInventory": 235136000, "changeToOperatingActivities": -17522000, "totalCashFromOperatingActivities": 774663000, "capitalExpenditures": -165620000, "investments": 752000, "otherCashflowsFromInvestingActivities": 38814000, "totalCashflowsFromInvestingActivities": -123574000, "dividendsPaid": -27962000, "netBorrowings": -71595000, "otherCashflowsFromFinancingActivities": -329278000, "totalCashFromFinancingActivities": -400873000, "changeInCash": 250216000}], "maxAge": 86400}, "institutionOwnership": {"maxAge": 1, "ownershipList": []}, "balanceSheetHistoryQuarterly": {"balanceSheetStatements": [{"maxAge": 1, "endDate": "2020-06-30", "totalStockholderEquity": 14037200000, "netTangibleAssets": 14014600000}, {"maxAge": 1, "endDate": "2020-03-31", "cash": 320100000, "shortTermInvestments": 894600000, "netReceivables": 552100000, "inventory": 1045100000, "otherCurrentAssets": 228500000, "totalCurrentAssets": 3040400000, "longTermInvestments": 280800000, "propertyPlantEquipment": 12971000000, "intangibleAssets": 22600000, "otherAssets": 475400000, "deferredLongTermAssetCharges": 249400000, "totalAssets": 16790200000, "accountsPayable": 660600000, "otherCurrentLiab": 621900000, "longTermDebt": 1155500000, "otherLiab": 188100000, "totalCurrentLiabilities": 1409400000, "totalLiab": 2753000000, "commonStock": 232300000, "treasuryStock": 13804900000, "otherStockholderEquity": 13804900000, "totalStockholderEquity": 14037200000, "netTangibleAssets": 14014600000}, {"maxAge": 1, "endDate": "2019-12-31", "totalStockholderEquity": 13978400000, "netTangibleAssets": 13968800000}, {"maxAge": 1, "endDate": "2019-09-30", "cash": 450300000, "shortTermInvestments": 944400000, "netReceivables": 511600000, "inventory": 1078600000, "otherCurrentAssets": 324300000, "totalCurrentAssets": 3309200000, "longTermInvestments": 311900000, "propertyPlantEquipment": 12834200000, "intangibleAssets": 9600000, "otherAssets": 543600000, "deferredLongTermAssetCharges": 355100000, "totalAssets": 17008500000, "accountsPayable": 889300000, "otherCurrentLiab": 671100000, "longTermDebt": 1051300000, "otherLiab": 185700000, "totalCurrentLiabilities": 1793100000, "totalLiab": 3030100000, "commonStock": 232300000, "treasuryStock": 13746100000, "otherStockholderEquity": 13746100000, "totalStockholderEquity": 13978400000, "netTangibleAssets": 13968800000}], "maxAge": 86400}, "earningsHistory": {"history": [{"maxAge": 1, "epsActual": {}, "epsEstimate": {}, "epsDifference": {}, "surprisePercent": {}, "quarter": {}, "period": "-4q"}, {"maxAge": 1, "epsActual": {}, "epsEstimate": {}, "epsDifference": {}, "surprisePercent": {}, "quarter": {}, "period": "-3q"}, {"maxAge": 1, "epsActual": 2.27, "epsEstimate": 2.49, "epsDifference": -0.22, "surprisePercent": -0.088, "quarter": "2017-03-31", "period": "-2q"}, {"maxAge": 1, "epsActual": 9.1, "epsEstimate": 4.69, "epsDifference": 4.41, "surprisePercent": 0.94, "quarter": "2018-06-30", "period": "-1q"}], "maxAge": 86400}, "indexTrend": {"maxAge": 1, "symbol": "SP5", "peRatio": 19.7411, "pegRatio": 1.34172, "estimates": [{"period": "0q", "growth": 0.549}, {"period": "+1q", "growth": 0.431}, {"period": "0y", "growth": 0.305}, {"period": "+1y", "growth": 0.109}, {"period": "+5y", "growth": 0.120859005}, {"period": "-5y"}]}, "industryTrend": {"maxAge": 1, "symbol": null, "estimates": []}, "insiderTransactions": {"transactions": [{"maxAge": 1, "shares": 18505, "filerUrl": "", "transactionText": "", "filerName": "S B Garware Family Trust", "filerRelation": "UNREPORTED", "moneyText": "", "startDate": "2019-06-19", "ownership": "D"}], "maxAge": 1}, "quoteType": {"exchange": "BSE", "quoteType": "EQUITY", "symbol": "GARWARPOLY.BO", "underlyingSymbol": "GARWARPOLY.BO", "shortName": "GARWARE POLYESTER LTD.", "longName": "Garware Polyester Limited", "firstTradeDateEpochUtc": "2000-08-03 09:15:00", "timeZoneFullName": "Asia/Kolkata", "timeZoneShortName": "IST", "uuid": "26f1f4b7-b24f-3a6f-9d31-560e146b3d93", "messageBoardId": null, "gmtOffSetMilliseconds": 19800000, "maxAge": 1}, "incomeStatementHistory": {"incomeStatementHistory": [{"maxAge": 1, "endDate": "2020-03-31", "totalRevenue": 9248300000, "costOfRevenue": 4671500000, "grossProfit": 4576800000, "researchDevelopment": {}, "sellingGeneralAdministrative": 936000000, "nonRecurring": {}, "otherOperatingExpenses": 2024300000, "totalOperatingExpenses": 7834700000, "operatingIncome": 1413600000, "totalOtherIncomeExpenseNet": -66400000, "ebit": 1413600000, "interestExpense": -184600000, "incomeBeforeTax": 1347200000, "incomeTaxExpense": 487000000, "minorityInterest": {}, "netIncomeFromContinuingOps": 860200000, "discontinuedOperations": {}, "extraordinaryItems": {}, "effectOfAccountingCharges": {}, "otherItems": {}, "netIncome": 860200000, "netIncomeApplicableToCommonShares": 860200000}, {"maxAge": 1, "endDate": "2019-03-31", "totalRevenue": 9478903000, "costOfRevenue": 4710211000, "grossProfit": 4768692000, "researchDevelopment": {}, "sellingGeneralAdministrative": 806871000, "nonRecurring": {}, "otherOperatingExpenses": 2509310000, "totalOperatingExpenses": 8164875000, "operatingIncome": 1314028000, "totalOtherIncomeExpenseNet": -115194000, "ebit": 1314028000, "interestExpense": -152586000, "incomeBeforeTax": 1198834000, "incomeTaxExpense": 382334000, "minorityInterest": {}, "netIncomeFromContinuingOps": 816500000, "discontinuedOperations": {}, "extraordinaryItems": {}, "effectOfAccountingCharges": {}, "otherItems": {}, "netIncome": 816500000, "netIncomeApplicableToCommonShares": 816500000}, {"maxAge": 1, "endDate": "2018-03-31", "totalRevenue": 8333448000, "costOfRevenue": 4472218000, "grossProfit": 3861230000, "researchDevelopment": {}, "sellingGeneralAdministrative": 769442000, "nonRecurring": {}, "otherOperatingExpenses": 2251951000, "totalOperatingExpenses": 7629940000, "operatingIncome": 703508000, "totalOtherIncomeExpenseNet": -205158000, "ebit": 703508000, "interestExpense": -132650000, "incomeBeforeTax": 498350000, "incomeTaxExpense": 167112000, "minorityInterest": {}, "netIncomeFromContinuingOps": 331238000, "discontinuedOperations": {}, "extraordinaryItems": {}, "effectOfAccountingCharges": {}, "otherItems": {}, "netIncome": 331238000, "netIncomeApplicableToCommonShares": 331238000}, {"maxAge": 1, "endDate": "2017-03-31", "totalRevenue": 8741074000, "costOfRevenue": 4826318000, "grossProfit": 3914756000, "researchDevelopment": {}, "sellingGeneralAdministrative": 773742000, "nonRecurring": {}, "otherOperatingExpenses": 2403537000, "totalOperatingExpenses": 8135440000, "operatingIncome": 605634000, "totalOtherIncomeExpenseNet": -269888000, "ebit": 605634000, "interestExpense": -98680000, "incomeBeforeTax": 335746000, "incomeTaxExpense": 111313000, "minorityInterest": {}, "netIncomeFromContinuingOps": 224433000, "discontinuedOperations": {}, "extraordinaryItems": {}, "effectOfAccountingCharges": {}, "otherItems": {}, "netIncome": 224433000, "netIncomeApplicableToCommonShares": 224433000}], "maxAge": 86400}, "fundOwnership": {"maxAge": 1, "ownershipList": []}, "summaryDetail": {"maxAge": 1, "priceHint": 2, "previousClose": 741.9, "open": 741.95, "dayLow": 728.0, "dayHigh": 760.0, "regularMarketPreviousClose": 741.9, "regularMarketOpen": 741.95, "regularMarketDayLow": 728.0, "regularMarketDayHigh": 760.0, "trailingPE": 24.050209, "forwardPE": 21.030685, "volume": 8181, "regularMarketVolume": 8181, "averageVolume": 53811, "averageVolume10days": 117198, "averageDailyVolume10Day": 117198, "bid": 750.05, "ask": 759.95, "bidSize": 0, "askSize": 0, "marketCap": 17516068864, "fiftyTwoWeekLow": 132.0, "fiftyTwoWeekHigh": 775.0, "fiftyDayAverage": 500.21286, "twoHundredDayAverage": 342.89453, "trailingAnnualDividendRate": 10.0, "trailingAnnualDividendYield": 0.013478905, "currency": "INR", "fromCurrency": null, "toCurrency": null, "lastMarket": null, "algorithm": null, "tradeable": false}, "sectorTrend": {"maxAge": 1, "symbol": null, "estimates": []}, "incomeStatementHistoryQuarterly": {"incomeStatementHistory": [{"maxAge": 1, "endDate": "2020-06-30", "totalRevenue": 1694400000, "costOfRevenue": 738000000, "grossProfit": 956400000, "researchDevelopment": {}, "sellingGeneralAdministrative": 257400000, "nonRecurring": {}, "otherOperatingExpenses": 408500000, "totalOperatingExpenses": 1459900000, "operatingIncome": 234500000, "totalOtherIncomeExpenseNet": -27500000, "ebit": 234500000, "interestExpense": -45800000, "incomeBeforeTax": 207000000, "incomeTaxExpense": 70900000, "minorityInterest": {}, "netIncomeFromContinuingOps": 136100000, "discontinuedOperations": {}, "extraordinaryItems": {}, "effectOfAccountingCharges": {}, "otherItems": {}, "netIncome": 136100000, "netIncomeApplicableToCommonShares": 136100000}, {"maxAge": 1, "endDate": "2020-03-31", "totalRevenue": 2206700000, "costOfRevenue": 1049900000, "grossProfit": 1156800000, "researchDevelopment": {}, "sellingGeneralAdministrative": 246500000, "nonRecurring": {}, "otherOperatingExpenses": 473700000, "totalOperatingExpenses": 1826500000, "operatingIncome": 380200000, "totalOtherIncomeExpenseNet": -21500000, "ebit": 380200000, "interestExpense": -43400000, "incomeBeforeTax": 358700000, "incomeTaxExpense": 148000000, "minorityInterest": {}, "netIncomeFromContinuingOps": 210700000, "discontinuedOperations": {}, "extraordinaryItems": {}, "effectOfAccountingCharges": {}, "otherItems": {}, "netIncome": 210700000, "netIncomeApplicableToCommonShares": 210700000}, {"maxAge": 1, "endDate": "2019-12-31", "totalRevenue": 2018000000, "costOfRevenue": 1048800000, "grossProfit": 969200000, "researchDevelopment": {}, "sellingGeneralAdministrative": 242200000, "nonRecurring": {}, "otherOperatingExpenses": 490600000, "totalOperatingExpenses": 1831700000, "operatingIncome": 186300000, "totalOtherIncomeExpenseNet": -15900000, "ebit": 186300000, "interestExpense": -50200000, "incomeBeforeTax": 170400000, "incomeTaxExpense": 56700000, "minorityInterest": {}, "netIncomeFromContinuingOps": 113700000, "discontinuedOperations": {}, "extraordinaryItems": {}, "effectOfAccountingCharges": {}, "otherItems": {}, "netIncome": 113700000, "netIncomeApplicableToCommonShares": 113700000}, {"maxAge": 1, "endDate": "2019-09-30", "totalRevenue": 2499200000, "costOfRevenue": 1270200000, "grossProfit": 1229000000, "researchDevelopment": {}, "sellingGeneralAdministrative": 227700000, "nonRecurring": {}, "otherOperatingExpenses": 538600000, "totalOperatingExpenses": 2085300000, "operatingIncome": 413900000, "totalOtherIncomeExpenseNet": -5200000, "ebit": 413900000, "interestExpense": -41100000, "incomeBeforeTax": 408700000, "incomeTaxExpense": 141100000, "minorityInterest": {}, "netIncomeFromContinuingOps": 267600000, "discontinuedOperations": {}, "extraordinaryItems": {}, "effectOfAccountingCharges": {}, "otherItems": {}, "netIncome": 267600000, "netIncomeApplicableToCommonShares": 267600000}], "maxAge": 86400}, "cashflowStatementHistoryQuarterly": {"cashflowStatements": [{"maxAge": 1, "endDate": "2020-06-30", "netIncome": 136100000, "changeToLiabilities": 0}, {"maxAge": 1, "endDate": "2020-03-31", "netIncome": 210700000, "changeToLiabilities": 0}, {"maxAge": 1, "endDate": "2019-12-31", "netIncome": 113700000, "changeToLiabilities": 0}, {"maxAge": 1, "endDate": "2019-09-30", "netIncome": 267600000, "changeToLiabilities": 0}], "maxAge": 86400}, "insiderHolders": {"holders": [{"maxAge": 1, "name": "S B Garware Family Trust", "relation": "UNREPORTED", "url": "", "transactionDescription": "Acquisition", "latestTransDate": "2019-06-19", "positionDirect": 8868372, "positionDirectDate": "2019-06-19"}], "maxAge": 1}, "earnings": {"maxAge": 86400, "earningsChart": {"quarterly": [{"date": "1Q2017", "actual": 2.27, "estimate": 2.49}, {"date": "2Q2018", "actual": 9.1, "estimate": 4.69}], "currentQuarterEstimateDate": "3Q", "currentQuarterEstimateYear": 2018, "earningsDate": []}, "financialsChart": {"yearly": [{"date": 2017, "revenue": 8741074000, "earnings": 224433000}, {"date": 2018, "revenue": 8333448000, "earnings": 331238000}, {"date": 2019, "revenue": 9478903000, "earnings": 816500000}, {"date": 2020, "revenue": 9248300000, "earnings": 860200000}], "quarterly": [{"date": "3Q2019", "revenue": 2499200000, "earnings": 267600000}, {"date": "4Q2019", "revenue": 2018000000, "earnings": 113700000}, {"date": "1Q2020", "revenue": 2206700000, "earnings": 210700000}, {"date": "2Q2020", "revenue": 1694400000, "earnings": 136100000}]}, "financialCurrency": "INR"}, "calendarEvents": {"maxAge": 1, "earnings": {"earningsDate": [], "revenueAverage": 2463300000}}, "price": {"maxAge": 1, "regularMarketChangePercent": 0.016242065, "regularMarketChange": 12.049988, "regularMarketTime": "2021-04-30 15:30:01", "priceHint": 2, "regularMarketPrice": 753.95, "regularMarketDayHigh": 760.0, "regularMarketDayLow": 728.0, "regularMarketVolume": 8181, "averageDailyVolume10Day": 117198, "averageDailyVolume3Month": 53811, "regularMarketPreviousClose": 741.9, "regularMarketSource": "FREE_REALTIME", "regularMarketOpen": 741.95, "exchange": "BSE", "exchangeName": "BSE", "exchangeDataDelayedBy": 0, "marketState": "CLOSED", "quoteType": "EQUITY", "symbol": "GARWARPOLY.BO", "underlyingSymbol": null, "shortName": "GARWARE POLYESTER LTD.", "longName": "Garware Polyester Limited", "currency": "INR", "quoteSourceName": "Delayed Quote", "currencySymbol": "\u20b9", "fromCurrency": null, "toCurrency": null, "lastMarket": null, "marketCap": 17516068864}, "balanceSheetHistory": {"balanceSheetStatements": [{"maxAge": 1, "endDate": "2020-03-31", "cash": 320100000, "shortTermInvestments": 894600000, "netReceivables": 552100000, "inventory": 1045100000, "otherCurrentAssets": 228500000, "totalCurrentAssets": 3040400000, "longTermInvestments": 280800000, "propertyPlantEquipment": 12971000000, "intangibleAssets": 22600000, "otherAssets": 475400000, "deferredLongTermAssetCharges": 249400000, "totalAssets": 16790200000, "accountsPayable": 660600000, "otherCurrentLiab": 621900000, "longTermDebt": 1155500000, "otherLiab": 188100000, "totalCurrentLiabilities": 1409400000, "totalLiab": 2753000000, "commonStock": 232300000, "treasuryStock": 13804900000, "otherStockholderEquity": 13804900000, "totalStockholderEquity": 14037200000, "netTangibleAssets": 14014600000}, {"maxAge": 1, "endDate": "2019-03-31", "cash": 337009000, "netReceivables": 577293000, "inventory": 854266000, "otherCurrentAssets": 298830000, "totalCurrentAssets": 2997114000, "longTermInvestments": 297787000, "propertyPlantEquipment": 12476632000, "intangibleAssets": 10711000, "otherAssets": 681097000, "deferredLongTermAssetCharges": 473406000, "totalAssets": 16463341000, "accountsPayable": 829536000, "shortLongTermDebt": 336702000, "otherCurrentLiab": 168137000, "longTermDebt": 1101009000, "otherLiab": 74849000, "totalCurrentLiabilities": 1534532000, "totalLiab": 2741605000, "commonStock": 232324000, "retainedEarnings": 4957052000, "treasuryStock": 8473146000, "capitalSurplus": 59214000, "otherStockholderEquity": 8473146000, "totalStockholderEquity": 13721736000, "netTangibleAssets": 13711025000}, {"maxAge": 1, "endDate": "2018-03-31", "cash": 416034000, "netReceivables": 412596000, "inventory": 949804000, "otherCurrentAssets": 395279000, "totalCurrentAssets": 2312006000, "longTermInvestments": 242248000, "propertyPlantEquipment": 12344824000, "intangibleAssets": 13380000, "otherAssets": 787844000, "deferredLongTermAssetCharges": 593836000, "totalAssets": 15700302000, "accountsPayable": 630444000, "shortLongTermDebt": 161982000, "otherCurrentLiab": 218009000, "longTermDebt": 1326241000, "otherLiab": 67621000, "totalCurrentLiabilities": 1342872000, "totalLiab": 2781616000, "commonStock": 232324000, "retainedEarnings": 4205587000, "treasuryStock": 8421561000, "capitalSurplus": 59214000, "otherStockholderEquity": 8421561000, "totalStockholderEquity": 12918686000, "netTangibleAssets": 12905306000}, {"maxAge": 1, "endDate": "2017-03-31", "cash": 843213000, "netReceivables": 663066000, "inventory": 1125588000, "otherCurrentAssets": 346858000, "totalCurrentAssets": 3037105000, "longTermInvestments": 285660000, "propertyPlantEquipment": 12378818000, "intangibleAssets": 9323000, "otherAssets": 818906000, "deferredLongTermAssetCharges": 618876000, "totalAssets": 16529812000, "accountsPayable": 487161000, "shortLongTermDebt": 185106000, "otherCurrentLiab": 120556000, "longTermDebt": 135244000, "otherLiab": 61459000, "totalCurrentLiabilities": 3746445000, "totalLiab": 3991708000, "commonStock": 232324000, "retainedEarnings": 3792212000, "treasuryStock": 8454354000, "capitalSurplus": 59214000, "otherStockholderEquity": 8454354000, "totalStockholderEquity": 12538104000, "netTangibleAssets": 12528781000}], "maxAge": 86400}, "earningsTrend": {"trend": [{"maxAge": 1, "period": "0q", "endDate": "2018-09-30", "growth": {}, "earningsEstimate": {"avg": 0.0, "low": 0.0, "high": 0.0, "yearAgoEps": {}, "numberOfAnalysts": 0, "growth": {}}, "revenueEstimate": {"avg": 2463300000, "low": 0, "high": 0, "numberOfAnalysts": 0, "yearAgoRevenue": 2047900000, "growth": 0.203}, "epsTrend": {"current": 0.0, "7daysAgo": 0.0, "30daysAgo": 0.0, "60daysAgo": 0.0, "90daysAgo": 0.0}, "epsRevisions": {"upLast7days": 0, "upLast30days": 0, "downLast30days": 0, "downLast90days": {}}}, {"maxAge": 1, "period": "+1q", "endDate": "2018-12-31", "growth": {}, "earningsEstimate": {"avg": 0.0, "low": 0.0, "high": 0.0, "yearAgoEps": {}, "numberOfAnalysts": 0, "growth": {}}, "revenueEstimate": {"avg": 0, "low": 0, "high": 0, "numberOfAnalysts": 0, "yearAgoRevenue": {}, "growth": {}}, "epsTrend": {"current": 0.0, "7daysAgo": 0.0, "30daysAgo": 0.0, "60daysAgo": 0.0, "90daysAgo": 0.0}, "epsRevisions": {"upLast7days": 0, "upLast30days": 0, "downLast30days": 0, "downLast90days": {}}}, {"maxAge": 1, "period": "0y", "endDate": "2019-03-31", "growth": {}, "earningsEstimate": {"avg": 0.0, "low": 0.0, "high": 0.0, "yearAgoEps": {}, "numberOfAnalysts": 0, "growth": {}}, "revenueEstimate": {"avg": 9317280000, "low": 9317280000, "high": 9317280000, "numberOfAnalysts": 1, "yearAgoRevenue": 8232500000, "growth": 0.132}, "epsTrend": {"current": 0.0, "7daysAgo": 30.87, "30daysAgo": 30.87, "60daysAgo": 30.87, "90daysAgo": 30.87}, "epsRevisions": {"upLast7days": 0, "upLast30days": 0, "downLast30days": 0, "downLast90days": {}}}, {"maxAge": 1, "period": "+1y", "endDate": "2020-03-31", "growth": {}, "earningsEstimate": {"avg": 0.0, "low": 0.0, "high": 0.0, "yearAgoEps": {}, "numberOfAnalysts": 0, "growth": {}}, "revenueEstimate": {"avg": 10342200000, "low": 10342200000, "high": 10342200000, "numberOfAnalysts": 1, "yearAgoRevenue": 9317280000, "growth": 0.11}, "epsTrend": {"current": 0.0, "7daysAgo": 35.85, "30daysAgo": 35.85, "60daysAgo": 35.85, "90daysAgo": 35.85}, "epsRevisions": {"upLast7days": 0, "upLast30days": 0, "downLast30days": 0, "downLast90days": {}}}, {"maxAge": 1, "period": "+5y", "endDate": null, "growth": {}, "earningsEstimate": {"avg": {}, "low": {}, "high": {}, "yearAgoEps": {}, "numberOfAnalysts": {}, "growth": {}}, "revenueEstimate": {"avg": {}, "low": {}, "high": {}, "numberOfAnalysts": {}, "yearAgoRevenue": {}, "growth": {}}, "epsTrend": {"current": {}, "7daysAgo": {}, "30daysAgo": {}, "60daysAgo": {}, "90daysAgo": {}}, "epsRevisions": {"upLast7days": {}, "upLast30days": {}, "downLast30days": {}, "downLast90days": {}}}, {"maxAge": 1, "period": "-5y", "endDate": null, "growth": {}, "earningsEstimate": {"avg": {}, "low": {}, "high": {}, "yearAgoEps": {}, "numberOfAnalysts": {}, "growth": {}}, "revenueEstimate": {"avg": {}, "low": {}, "high": {}, "numberOfAnalysts": {}, "yearAgoRevenue": {}, "growth": {}}, "epsTrend": {"current": {}, "7daysAgo": {}, "30daysAgo": {}, "60daysAgo": {}, "90daysAgo": {}}, "epsRevisions": {"upLast7days": {}, "upLast30days": {}, "downLast30days": {}, "downLast90days": {}}}], "maxAge": 1}, "financialData": {"maxAge": 86400, "currentPrice": 753.95, "targetHighPrice": 46.0, "targetLowPrice": 46.0, "targetMeanPrice": 46.0, "targetMedianPrice": 46.0, "recommendationKey": "none", "numberOfAnalystOpinions": 1, "grossProfits": 4576800000, "financialCurrency": "INR"}}}