{"GARWSYN.BO": {"cashflowStatementHistory": {"cashflowStatements": [{"maxAge": 1, "endDate": "2020-03-31", "netIncome": 1104550, "depreciation": 259723, "changeToNetincome": 941627, "changeToAccountReceivables": 825219, "changeToLiabilities": -1774595, "changeToInventory": 855857, "changeToOperatingActivities": -7458057, "totalCashFromOperatingActivities": -5245676, "capitalExpenditures": -14326, "otherCashflowsFromInvestingActivities": 16350, "totalCashflowsFromInvestingActivities": 2024, "netBorrowings": 4828715, "otherCashflowsFromFinancingActivities": -481270, "totalCashFromFinancingActivities": 4347445, "changeInCash": -896208}, {"maxAge": 1, "endDate": "2019-03-31", "netIncome": -13748131, "depreciation": 263053, "changeToNetincome": 15775791, "changeToAccountReceivables": 1326861, "changeToLiabilities": -12758760, "changeToInventory": 508911, "changeToOperatingActivities": -9297613, "totalCashFromOperatingActivities": -17929888, "capitalExpenditures": -4200, "otherCashflowsFromInvestingActivities": 15699, "totalCashflowsFromInvestingActivities": 11499, "netBorrowings": 20120373, "otherCashflowsFromFinancingActivities": -1970528, "totalCashFromFinancingActivities": 18149845, "changeInCash": 231456}, {"maxAge": 1, "endDate": "2018-03-31", "netIncome": 3445399, "depreciation": 222550, "changeToNetincome": 1143990, "changeToAccountReceivables": -4062741, "changeToLiabilities": 4543277, "changeToInventory": -439254, "changeToOperatingActivities": -2388703, "totalCashFromOperatingActivities": 2464518, "capitalExpenditures": -991925, "otherCashflowsFromInvestingActivities": 15455, "totalCashflowsFromInvestingActivities": -632440, "netBorrowings": 399075, "otherCashflowsFromFinancingActivities": -901025, "totalCashFromFinancingActivities": -501950, "changeInCash": 1330128}, {"maxAge": 1, "endDate": "2017-03-31", "netIncome": 4686922, "depreciation": 188486, "changeToNetincome": -87752, "changeToAccountReceivables": 507576, "changeToLiabilities": 1319793, "changeToInventory": -3216547, "changeToOperatingActivities": -753245, "totalCashFromOperatingActivities": 2645233, "capitalExpenditures": -44495, "otherCashflowsFromInvestingActivities": 14759, "totalCashflowsFromInvestingActivities": 731515, "netBorrowings": -1040678, "otherCashflowsFromFinancingActivities": -1561437, "totalCashFromFinancingActivities": -2602115, "changeInCash": 774633}], "maxAge": 86400}, "institutionOwnership": {"ownershipList": [], "maxAge": 1}, "balanceSheetHistoryQuarterly": {"balanceSheetStatements": [{"maxAge": 1, "endDate": "2020-06-30", "totalStockholderEquity": -27376706, "netTangibleAssets": -27376706}, {"maxAge": 1, "endDate": "2020-03-31", "cash": 1625584, "netReceivables": 10999685, "inventory": 10559481, "totalCurrentAssets": 23194750, "longTermInvestments": 250, "propertyPlantEquipment": 104463162, "otherAssets": 5714244, "deferredLongTermAssetCharges": 2078062, "totalAssets": 133372406, "accountsPayable": 18331641, "otherCurrentLiab": 1287187, "longTermDebt": 129094797, "otherLiab": 3570748, "totalCurrentLiabilities": 28083567, "totalLiab": 160749112, "commonStock": 58089000, "retainedEarnings": -198836115, "treasuryStock": 88238409, "capitalSurplus": 25132000, "otherStockholderEquity": 88238409, "totalStockholderEquity": -27376706, "netTangibleAssets": -27376706}, {"maxAge": 1, "endDate": "2019-12-31", "totalStockholderEquity": -34134000, "netTangibleAssets": -34134000}, {"maxAge": 1, "endDate": "2019-09-30", "cash": 983000, "netReceivables": 13154000, "inventory": 12275000, "totalCurrentAssets": 26412000, "propertyPlantEquipment": 104593000, "otherAssets": 4267000, "deferredLongTermAssetCharges": 2078000, "totalAssets": 135272000, "accountsPayable": 21493000, "otherCurrentLiab": 16015000, "longTermDebt": 127545000, "otherLiab": 4353000, "totalCurrentLiabilities": 37508000, "totalLiab": 169406000, "commonStock": 58089000, "treasuryStock": -92223000, "otherStockholderEquity": -92223000, "totalStockholderEquity": -34134000, "netTangibleAssets": -34134000}], "maxAge": 86400}, "indexTrend": {"maxAge": 1, "symbol": "SP5", "peRatio": 19.7411, "pegRatio": 1.34172, "estimates": [{"period": "0q", "growth": 0.549}, {"period": "+1q", "growth": 0.431}, {"period": "0y", "growth": 0.305}, {"period": "+1y", "growth": 0.109}, {"period": "+5y", "growth": 0.120859005}, {"period": "-5y"}]}, "insiderTransactions": {"transactions": [{"maxAge": 1, "shares": 110000, "filerUrl": "", "transactionText": "", "filerName": "Garware (Anita Chandrakant)", "filerRelation": "Promoter", "moneyText": "", "startDate": "2015-02-16", "ownership": "D"}, {"maxAge": 1, "shares": 150000, "filerUrl": "", "transactionText": "", "filerName": "Garware (Nihal Chandrakant)", "filerRelation": "Promoter", "moneyText": "", "startDate": "2015-02-16", "ownership": "D"}], "maxAge": 1}, "quoteType": {"exchange": "BSE", "quoteType": "EQUITY", "symbol": "GARWSYN.BO", "underlyingSymbol": "GARWSYN.BO", "shortName": "GARWARE SYNTHETICS LTD.", "longName": "Garware Synthetics Limited", "firstTradeDateEpochUtc": "2002-02-07 09:15:00", "timeZoneFullName": "Asia/Kolkata", "timeZoneShortName": "IST", "uuid": "2e0bd0ab-b3ad-32b2-a24f-b739abb75a07", "gmtOffSetMilliseconds": 19800000, "maxAge": 1}, "incomeStatementHistory": {"incomeStatementHistory": [{"maxAge": 1, "endDate": "2020-03-31", "totalRevenue": 91135887, "costOfRevenue": 47250317, "grossProfit": 43885570, "researchDevelopment": {}, "sellingGeneralAdministrative": 23227014, "nonRecurring": {}, "otherOperatingExpenses": 17737479, "totalOperatingExpenses": 88474533, "operatingIncome": 2661354, "totalOtherIncomeExpenseNet": -819904, "ebit": 2661354, "interestExpense": -853972, "incomeBeforeTax": 1841450, "incomeTaxExpense": 736900, "minorityInterest": {}, "netIncomeFromContinuingOps": 1104550, "discontinuedOperations": {}, "extraordinaryItems": {}, "effectOfAccountingCharges": {}, "otherItems": {}, "netIncome": 1104550, "netIncomeApplicableToCommonShares": 1104550}, {"maxAge": 1, "endDate": "2019-03-31", "totalRevenue": 106409176, "costOfRevenue": 61039598, "grossProfit": 45369578, "researchDevelopment": {}, "sellingGeneralAdministrative": 24393997, "nonRecurring": {}, "otherOperatingExpenses": 20682009, "totalOperatingExpenses": 106378657, "operatingIncome": 30519, "totalOtherIncomeExpenseNet": -13778650, "ebit": 30519, "interestExpense": -1970528, "incomeBeforeTax": -13748131, "incomeTaxExpense": 0, "minorityInterest": {}, "netIncomeFromContinuingOps": -13748131, "discontinuedOperations": {}, "extraordinaryItems": {}, "effectOfAccountingCharges": {}, "otherItems": {}, "netIncome": -13748131, "netIncomeApplicableToCommonShares": -13748131}, {"maxAge": 1, "endDate": "2018-03-31", "totalRevenue": 96017171, "costOfRevenue": 52492559, "grossProfit": 43524612, "researchDevelopment": {}, "sellingGeneralAdministrative": 19457438, "nonRecurring": {}, "otherOperatingExpenses": 19163051, "totalOperatingExpenses": 91335598, "operatingIncome": 4681573, "totalOtherIncomeExpenseNet": -832753, "ebit": 4681573, "interestExpense": -857477, "incomeBeforeTax": 3848820, "incomeTaxExpense": 403421, "minorityInterest": {}, "netIncomeFromContinuingOps": 3445399, "discontinuedOperations": {}, "extraordinaryItems": {}, "effectOfAccountingCharges": {}, "otherItems": {}, "netIncome": 3445399, "netIncomeApplicableToCommonShares": 3445399}, {"maxAge": 1, "endDate": "2017-03-31", "totalRevenue": 85353186, "costOfRevenue": 43829220, "grossProfit": 41523966, "researchDevelopment": {}, "sellingGeneralAdministrative": 19057523, "nonRecurring": {}, "otherOperatingExpenses": 18262979, "totalOperatingExpenses": 81338208, "operatingIncome": 4014978, "totalOtherIncomeExpenseNet": 1248095, "ebit": 4014978, "interestExpense": -1578163, "incomeBeforeTax": 5263073, "incomeTaxExpense": 576151, "minorityInterest": {}, "netIncomeFromContinuingOps": 4686922, "discontinuedOperations": {}, "extraordinaryItems": {}, "effectOfAccountingCharges": {}, "otherItems": {}, "netIncome": 4686922, "netIncomeApplicableToCommonShares": 4686922}], "maxAge": 86400}, "fundOwnership": {"ownershipList": [], "maxAge": 1}, "summaryDetail": {"maxAge": 1, "priceHint": 2, "previousClose": 10.17, "open": 9.97, "dayLow": 9.97, "dayHigh": 9.97, "regularMarketPreviousClose": 10.17, "regularMarketOpen": 9.97, "regularMarketDayLow": 9.97, "regularMarketDayHigh": 9.97, "trailingPE": 9.745846, "volume": 7773, "regularMarketVolume": 7773, "averageVolume": 789, "averageVolume10days": 112, "averageDailyVolume10Day": 112, "bid": 9.97, "ask": 10.0, "bidSize": 0, "askSize": 0, "marketCap": 57914736, "fiftyTwoWeekLow": 0.8, "fiftyTwoWeekHigh": 9.97, "fiftyDayAverage": 3.9469697, "twoHundredDayAverage": 2.1827207, "currency": "INR", "fromCurrency": null, "lastMarket": null, "algorithm": null, "tradeable": false}, "incomeStatementHistoryQuarterly": {"incomeStatementHistory": [{"maxAge": 1, "endDate": "2020-06-30", "totalRevenue": 6525000, "costOfRevenue": 3223000, "grossProfit": 3302000, "researchDevelopment": {}, "sellingGeneralAdministrative": 1415000, "nonRecurring": {}, "otherOperatingExpenses": 1558000, "totalOperatingExpenses": 6260000, "operatingIncome": 265000, "totalOtherIncomeExpenseNet": -727000, "ebit": 265000, "interestExpense": -726000, "incomeBeforeTax": -462000, "incomeTaxExpense": 0, "minorityInterest": {}, "netIncomeFromContinuingOps": -462000, "discontinuedOperations": {}, "extraordinaryItems": {}, "effectOfAccountingCharges": {}, "otherItems": {}, "netIncome": -462000, "netIncomeApplicableToCommonShares": -462000}, {"maxAge": 1, "endDate": "2020-03-31", "totalRevenue": 22390887, "costOfRevenue": 8129317, "grossProfit": 14261570, "researchDevelopment": {}, "sellingGeneralAdministrative": 9409014, "nonRecurring": {}, "otherOperatingExpenses": 2309479, "totalOperatingExpenses": 19913533, "operatingIncome": 2477354, "totalOtherIncomeExpenseNet": 4757096, "ebit": 2477354, "interestExpense": -19972, "incomeBeforeTax": 7234450, "incomeTaxExpense": 736900, "minorityInterest": {}, "netIncomeFromContinuingOps": 6497550, "discontinuedOperations": {}, "extraordinaryItems": {}, "effectOfAccountingCharges": {}, "otherItems": {}, "netIncome": 6497550, "netIncomeApplicableToCommonShares": 6497550}, {"maxAge": 1, "endDate": "2019-12-31", "totalRevenue": 23497000, "costOfRevenue": 13097000, "grossProfit": 10400000, "researchDevelopment": {}, "sellingGeneralAdministrative": 4600000, "nonRecurring": {}, "otherOperatingExpenses": 5034000, "totalOperatingExpenses": 22796000, "operatingIncome": 701000, "totalOtherIncomeExpenseNet": -442000, "ebit": 701000, "interestExpense": -444000, "incomeBeforeTax": 259000, "incomeTaxExpense": 0, "minorityInterest": {}, "netIncomeFromContinuingOps": 259000, "discontinuedOperations": {}, "extraordinaryItems": {}, "effectOfAccountingCharges": {}, "otherItems": {}, "netIncome": 259000, "netIncomeApplicableToCommonShares": 259000}, {"maxAge": 1, "endDate": "2019-09-30", "totalRevenue": 22412000, "costOfRevenue": 12760000, "grossProfit": 9652000, "researchDevelopment": {}, "sellingGeneralAdministrative": 4442000, "nonRecurring": {}, "otherOperatingExpenses": 5372000, "totalOperatingExpenses": 22639000, "operatingIncome": -227000, "totalOtherIncomeExpenseNet": -135000, "ebit": -227000, "interestExpense": -136000, "incomeBeforeTax": -362000, "incomeTaxExpense": 0, "minorityInterest": {}, "netIncomeFromContinuingOps": -362000, "discontinuedOperations": {}, "extraordinaryItems": {}, "effectOfAccountingCharges": {}, "otherItems": {}, "netIncome": -362000, "netIncomeApplicableToCommonShares": -362000}], "maxAge": 86400}, "cashflowStatementHistoryQuarterly": {"cashflowStatements": [{"maxAge": 1, "endDate": "2020-06-30", "netIncome": -462000, "changeToLiabilities": 0}, {"maxAge": 1, "endDate": "2020-03-31", "netIncome": 6497550, "changeToLiabilities": 0}, {"maxAge": 1, "endDate": "2019-12-31", "netIncome": 259000, "changeToLiabilities": 0}, {"maxAge": 1, "endDate": "2019-09-30", "netIncome": -362000, "changeToLiabilities": 0}], "maxAge": 86400}, "insiderHolders": {"holders": [{"maxAge": 1, "name": "Garware (Anita Chandrakant)", "relation": "Promoter", "url": "", "transactionDescription": "Other", "latestTransDate": "2015-02-16", "positionDirect": 122700, "positionDirectDate": "2015-02-16"}, {"maxAge": 1, "name": "Garware (Nihal Chandrakant)", "relation": "Promoter", "url": "", "transactionDescription": "Other", "latestTransDate": "2015-02-16", "positionDirect": 2274682, "positionDirectDate": "2015-02-16"}], "maxAge": 1}, "calendarEvents": {"maxAge": 1, "earnings": {"earningsDate": ["2020-07-31 05:30:S"]}}, "upgradeDowngradeHistory": {"history": [], "maxAge": 86400}, "price": {"maxAge": 1, "regularMarketChangePercent": -0.019665664, "regularMarketChange": -0.19999981, "regularMarketTime": "2021-04-30 15:15:00", "priceHint": 2, "regularMarketPrice": 9.97, "regularMarketDayHigh": 9.97, "regularMarketDayLow": 9.97, "regularMarketVolume": 7773, "averageDailyVolume10Day": 112, "averageDailyVolume3Month": 789, "regularMarketPreviousClose": 10.17, "regularMarketSource": "FREE_REALTIME", "regularMarketOpen": 9.97, "exchange": "BSE", "exchangeName": "BSE", "exchangeDataDelayedBy": 0, "marketState": "CLOSED", "quoteType": "EQUITY", "symbol": "GARWSYN.BO", "underlyingSymbol": null, "shortName": "GARWARE SYNTHETICS LTD.", "longName": "Garware Synthetics Limited", "currency": "INR", "quoteSourceName": "Delayed Quote", "currencySymbol": "\u20b9", "fromCurrency": null, "lastMarket": null, "marketCap": 57914736}, "balanceSheetHistory": {"balanceSheetStatements": [{"maxAge": 1, "endDate": "2020-03-31", "cash": 1625584, "netReceivables": 10999685, "inventory": 10559481, "totalCurrentAssets": 23194750, "longTermInvestments": 250, "propertyPlantEquipment": 104463162, "otherAssets": 5714244, "deferredLongTermAssetCharges": 2078062, "totalAssets": 133372406, "accountsPayable": 18331641, "otherCurrentLiab": 1287187, "longTermDebt": 129094797, "otherLiab": 3570748, "totalCurrentLiabilities": 28083567, "totalLiab": 160749112, "commonStock": 58089000, "retainedEarnings": -198836115, "treasuryStock": 88238409, "capitalSurplus": 25132000, "otherStockholderEquity": 88238409, "totalStockholderEquity": -27376706, "netTangibleAssets": -27376706}, {"maxAge": 1, "endDate": "2019-03-31", "cash": 2521791, "netReceivables": 11824904, "inventory": 11415338, "totalCurrentAssets": 25762033, "longTermInvestments": 250, "propertyPlantEquipment": 104708560, "otherAssets": 5818918, "deferredLongTermAssetCharges": 2078062, "totalAssets": 136289761, "accountsPayable": 20116905, "otherCurrentLiab": 302444, "longTermDebt": 124266082, "otherLiab": 4814748, "totalCurrentLiabilities": 35690187, "totalLiab": 164771017, "commonStock": 58089000, "retainedEarnings": -199940665, "treasuryStock": 88238409, "capitalSurplus": 25132000, "otherStockholderEquity": 88238409, "totalStockholderEquity": -28481256, "netTangibleAssets": -28481256}, {"maxAge": 1, "endDate": "2018-03-31", "cash": 2290334, "netReceivables": 12991495, "inventory": 11924249, "totalCurrentAssets": 27206078, "longTermInvestments": 250, "propertyPlantEquipment": 104967413, "otherAssets": 3672971, "deferredLongTermAssetCharges": 2078062, "totalAssets": 135846712, "accountsPayable": 19463255, "otherCurrentLiab": 22696085, "longTermDebt": 101623359, "otherLiab": 5747748, "totalCurrentLiabilities": 43208730, "totalLiab": 150579837, "commonStock": 58089000, "retainedEarnings": -186192534, "treasuryStock": 88238409, "capitalSurplus": 25132000, "otherStockholderEquity": 88238409, "totalStockholderEquity": -14733125, "netTangibleAssets": -14733125}, {"maxAge": 1, "endDate": "2017-03-31", "cash": 960207, "netReceivables": 8928754, "inventory": 11484995, "otherCurrentAssets": 1, "totalCurrentAssets": 21373957, "longTermInvestments": 250, "propertyPlantEquipment": 104198038, "otherAssets": 4102918, "deferredLongTermAssetCharges": 2191522, "totalAssets": 129675163, "accountsPayable": 28416187, "otherCurrentLiab": 14977677, "longTermDebt": 44176538, "otherLiab": 49973786, "totalCurrentLiabilities": 53703365, "totalLiab": 147853689, "commonStock": 58089000, "retainedEarnings": -189637933, "treasuryStock": 88238407, "capitalSurplus": 25132000, "otherStockholderEquity": 88238407, "totalStockholderEquity": -18178526, "netTangibleAssets": -18178526}], "maxAge": 86400}, "financialData": {"maxAge": 86400, "currentPrice": 9.97, "recommendationKey": "none", "grossProfits": 43885570, "financialCurrency": "INR"}}}