{"GAYAPROJ.NS": {"assetProfile": {"address1": "T.S.R. Towers", "address2": "B1, 1st Floor 6-3-1090, Raj Bhavan Road Somajiguda", "city": "Hyderabad", "zip": "500082", "country": "India", "phone": "91 40 2331 0330", "fax": "91 40 2339 8435", "website": "http://www.gayatri.co.in", "industry": "Engineering & Construction", "sector": "Industrials", "longBusinessSummary": "Gayatri Projects Limited operates as an infrastructure company in India. The company undertakes roads, irrigation, rail, airports development, power, mining, and industrial projects. Gayatri Projects Limited was founded in 1963 and is based in Hyderabad, India.", "fullTimeEmployees": 2730, "companyOfficers": [{"maxAge": 1, "name": "Mr. Tikkavarapu Venkata Sandeep Kumar Reddy", "age": 54, "title": "MD & Exec. Director", "yearBorn": 1966, "fiscalYear": 2020, "totalPay": 52800000, "exercisedValue": 0, "unexercisedValue": 0}, {"maxAge": 1, "name": "Mr. Jenna Brij Mohan Reddy", "age": 79, "title": "Exec. Vice-Chairman", "yearBorn": 1941, "fiscalYear": 2020, "totalPay": 13200000, "exercisedValue": 0, "unexercisedValue": 0}, {"maxAge": 1, "name": "Mr. Sreedhar Babu Ponnuru CA", "age": 59, "title": "Chief Financial Officer", "yearBorn": 1961, "exercisedValue": 0, "unexercisedValue": 0}, {"maxAge": 1, "name": "Mr. Rajiv Reddy Tikkavarapu", "age": 30, "title": "VP of Operations", "yearBorn": 1990, "exercisedValue": 0, "unexercisedValue": 0}, {"maxAge": 1, "name": "Mr. Chetan Kumar Sharma", "title": "Company Sec. & Compliance Officer", "fiscalYear": 2020, "totalPay": 748073, "exercisedValue": 0, "unexercisedValue": 0}, {"maxAge": 1, "name": "Mr. K Sesha Reddy", "age": 60, "title": "Sr. VP", "yearBorn": 1960, "exercisedValue": 0, "unexercisedValue": 0}, {"maxAge": 1, "name": "Mr. Ch. V. Rama Krishna Rao", "age": 56, "title": "Sr. VP", "yearBorn": 1964, "exercisedValue": 0, "unexercisedValue": 0}, {"maxAge": 1, "name": "Mr. G Venkateswar Rao", "age": 55, "title": "Sr. VP", "yearBorn": 1965, "exercisedValue": 0, "unexercisedValue": 0}, {"maxAge": 1, "name": "Mr. Dhulipala  Sitaram", "title": "Pres", "exercisedValue": 0, "unexercisedValue": 0}, {"maxAge": 1, "name": "Mr. K. V. M. Prasad", "title": "Chief Gen. Mang. of T&C", "exercisedValue": 0, "unexercisedValue": 0}], "compensationAsOfEpochDate": "2020-12-31 05:30:00", "maxAge": 86400}, "cashflowStatementHistory": {"cashflowStatements": [{"maxAge": 1, "endDate": "2020-03-31", "netIncome": -581127000, "depreciation": 909161000, "changeToNetincome": 4233203000, "changeToAccountReceivables": 1810003000, "changeToLiabilities": 1761719000, "changeToInventory": -2663656000, "changeToOperatingActivities": -1854599000, "totalCashFromOperatingActivities": 3614704000, "capitalExpenditures": -1206749000, "investments": 3896748000, "otherCashflowsFromInvestingActivities": 423062000, "totalCashflowsFromInvestingActivities": 3113061000, "netBorrowings": -3177429000, "otherCashflowsFromFinancingActivities": -3648800000, "totalCashFromFinancingActivities": -6826229000, "changeInCash": -98464000}, {"maxAge": 1, "endDate": "2019-03-31", "netIncome": 1601009000, "depreciation": 659061000, "changeToNetincome": 3220313000, "changeToAccountReceivables": -2593522000, "changeToLiabilities": 2464818000, "changeToInventory": -644575000, "changeToOperatingActivities": 449001000, "totalCashFromOperatingActivities": 5156105000, "capitalExpenditures": -1078311000, "investments": -144489000, "otherCashflowsFromInvestingActivities": 330293000, "totalCashflowsFromInvestingActivities": -892507000, "netBorrowings": -431414000, "otherCashflowsFromFinancingActivities": -3120138000, "totalCashFromFinancingActivities": -3551552000, "changeInCash": 712046000}, {"maxAge": 1, "endDate": "2018-03-31", "netIncome": -195084000, "depreciation": 546706000, "changeToNetincome": 3928740000, "changeToAccountReceivables": -3790659000, "changeToLiabilities": 1434821000, "changeToInventory": 670952000, "changeToOperatingActivities": -461708000, "totalCashFromOperatingActivities": 2133768000, "capitalExpenditures": -563634000, "investments": 719036000, "otherCashflowsFromInvestingActivities": -456866000, "totalCashflowsFromInvestingActivities": -298464000, "netBorrowings": -789470000, "otherCashflowsFromFinancingActivities": -2853700000, "totalCashFromFinancingActivities": -1643170000, "changeInCash": 192134000, "issuanceOfStock": 2000000000}, {"maxAge": 1, "endDate": "2017-03-31", "netIncome": -2997000, "depreciation": 431554000, "changeToNetincome": 2391049000, "changeToAccountReceivables": -1306554000, "changeToLiabilities": 2416467000, "changeToInventory": -2051676000, "changeToOperatingActivities": 463666000, "totalCashFromOperatingActivities": 2341509000, "capitalExpenditures": -1954304000, "investments": -262193000, "otherCashflowsFromInvestingActivities": 1568784000, "totalCashflowsFromInvestingActivities": -343638000, "dividendsPaid": -85335000, "netBorrowings": 281252000, "otherCashflowsFromFinancingActivities": -2362140000, "totalCashFromFinancingActivities": -2166223000, "changeInCash": -168352000, "issuanceOfStock": 2000000000}], "maxAge": 86400}, "institutionOwnership": {"ownershipList": [], "maxAge": 1}, "majorHoldersBreakdown": {"maxAge": 1, "insidersPercentHeld": 0.55584, "institutionsPercentHeld": 0.20607, "institutionsFloatPercentHeld": 0.46396, "institutionsCount": 11}, "balanceSheetHistoryQuarterly": {"balanceSheetStatements": [{"maxAge": 1, "endDate": "2020-12-31", "totalStockholderEquity": 8959836000, "netTangibleAssets": 8959836000}, {"maxAge": 1, "endDate": "2020-09-30", "cash": 2840937000, "netReceivables": 17169280000, "inventory": 7621584000, "otherCurrentAssets": 12351745000, "totalCurrentAssets": 39983546000, "longTermInvestments": 7970770000, "propertyPlantEquipment": 4334608000, "otherAssets": 5696221000, "deferredLongTermAssetCharges": 78142000, "totalAssets": 57985145000, "accountsPayable": 11128946000, "otherCurrentLiab": 5919004000, "longTermDebt": 6636377000, "otherLiab": 11055879000, "totalCurrentLiabilities": 31333053000, "totalLiab": 49025309000, "commonStock": 374397000, "treasuryStock": 8585439000, "otherStockholderEquity": 8585439000, "totalStockholderEquity": 8959836000, "netTangibleAssets": 8959836000}, {"maxAge": 1, "endDate": "2020-06-30", "totalStockholderEquity": 9102859000, "netTangibleAssets": 9102859000}, {"maxAge": 1, "endDate": "2020-03-31", "cash": 1183563000, "netReceivables": 22466038000, "inventory": 6237798000, "otherCurrentAssets": 8037652000, "totalCurrentAssets": 38146860000, "longTermInvestments": 5719421000, "propertyPlantEquipment": 4738124000, "otherAssets": 7988400000, "deferredLongTermAssetCharges": 50106000, "totalAssets": 56592805000, "accountsPayable": 10640751000, "shortLongTermDebt": 1519447000, "otherCurrentLiab": 1851591000, "longTermDebt": 6930227000, "otherLiab": 13175511000, "totalCurrentLiabilities": 27176546000, "totalLiab": 47489946000, "commonStock": 374397000, "retainedEarnings": 3963125000, "treasuryStock": 996970000, "capitalSurplus": 3768367000, "otherStockholderEquity": 996970000, "totalStockholderEquity": 9102859000, "netTangibleAssets": 9102859000}], "maxAge": 86400}, "indexTrend": {"maxAge": 1, "symbol": "SP5", "peRatio": 19.7411, "pegRatio": 1.34172, "estimates": [{"period": "0q", "growth": 0.549}, {"period": "+1q", "growth": 0.431}, {"period": "0y", "growth": 0.305}, {"period": "+1y", "growth": 0.109}, {"period": "+5y", "growth": 0.120865}, {"period": "-5y"}]}, "defaultKeyStatistics": {"maxAge": 1, "priceHint": 2, "enterpriseValue": 23333435392, "profitMargins": -0.01637, "floatShares": 84406399, "sharesOutstanding": 187199008, "heldPercentInsiders": 0.55584, "heldPercentInstitutions": 0.20607, "beta": 2.560529, "category": null, "bookValue": 47.823, "priceToBook": 0.5896744, "fundFamily": null, "legalType": null, "lastFiscalYearEnd": "2020-03-31 05:30:00", "nextFiscalYearEnd": "2022-03-31 05:30:00", "mostRecentQuarter": "2020-12-31 05:30:00", "netIncomeToCommon": -565273024, "trailingEps": -3.029, "lastSplitFactor": "5:1", "lastSplitDate": "2017-02-10 05:30:00", "enterpriseToRevenue": 0.676, "enterpriseToEbitda": 5.841}, "summaryProfile": {"address1": "T.S.R. Towers", "address2": "B1, 1st Floor 6-3-1090, Raj Bhavan Road Somajiguda", "city": "Hyderabad", "zip": "500082", "country": "India", "phone": "91 40 2331 0330", "fax": "91 40 2339 8435", "website": "http://www.gayatri.co.in", "industry": "Engineering & Construction", "sector": "Industrials", "longBusinessSummary": "Gayatri Projects Limited operates as an infrastructure company in India. The company undertakes roads, irrigation, rail, airports development, power, mining, and industrial projects. Gayatri Projects Limited was founded in 1963 and is based in Hyderabad, India.", "fullTimeEmployees": 2730, "companyOfficers": [], "maxAge": 86400}, "netSharePurchaseActivity": {"maxAge": 1, "period": "6m", "buyInfoCount": 0, "buyInfoShares": 0, "sellInfoCount": 0, "netInfoCount": 0, "netInfoShares": 0, "netPercentInsiderShares": 0.0, "totalInsiderShares": 103917016}, "insiderTransactions": {"transactions": [{"maxAge": 1, "shares": 15044053, "filerUrl": "", "transactionText": "", "filerName": "GMO Emerging Domestic Opportunities Fund", "filerRelation": "Promoter", "moneyText": "", "startDate": "2020-10-13", "ownership": "D"}, {"maxAge": 1, "shares": 519500, "filerUrl": "", "transactionText": "", "filerName": "Tikkavarapu (Rajiv Reddy)", "filerRelation": "Promoter", "moneyText": "", "startDate": "2020-03-31", "ownership": "D"}, {"maxAge": 1, "shares": 711316, "filerUrl": "", "transactionText": "", "filerName": "GMO Emerging Domestic Opportunities Fund", "filerRelation": "Investment Advisor", "moneyText": "", "startDate": "2014-08-26", "ownership": "D"}, {"maxAge": 1, "shares": 2357000, "filerUrl": "", "transactionText": "", "filerName": "India Max Investment Fund Ltd", "filerRelation": "Institution- Corporation", "moneyText": "", "startDate": "2012-12-24", "ownership": "D"}, {"maxAge": 1, "shares": 225, "filerUrl": "", "transactionText": "", "filerName": "Sulochanamma (G)", "filerRelation": "Promoter", "moneyText": "", "startDate": "2012-03-31", "ownership": "D"}, {"maxAge": 1, "shares": 5832116, "filerUrl": "", "transactionText": "", "filerName": "Tikkavarapu (Indira Subbaramireddy)", "filerRelation": "Non Executive Chairman", "moneyText": "", "startDate": "2012-03-31", "ownership": "D"}, {"maxAge": 1, "shares": 225, "filerUrl": "", "transactionText": "", "filerName": "Reddy (Brij Mohan)", "filerRelation": "Executive Vice Chairman", "moneyText": "", "startDate": "2012-03-31", "ownership": "D"}, {"maxAge": 1, "shares": 3084382, "filerUrl": "", "transactionText": "", "filerName": "Tikkavarapu (Sandeep Kumar Reddy)", "filerRelation": "Managing Director", "moneyText": "", "startDate": "2012-03-31", "ownership": "D"}, {"maxAge": 1, "shares": 80, "filerUrl": "", "transactionText": "", "filerName": "Tikkavarapu (Sarita Reddy)", "filerRelation": "Promoter", "moneyText": "", "startDate": "2012-03-31", "ownership": "D"}, {"maxAge": 1, "shares": 100000, "filerUrl": "", "transactionText": "", "filerName": "Tikkavarapu (Sandeep Kumar Reddy)", "filerRelation": "Managing Director", "moneyText": "", "startDate": "2010-10-19", "ownership": "D"}, {"maxAge": 1, "shares": 1000000, "filerUrl": "", "transactionText": "", "filerName": "Reliance Capital Asset Management Ltd A/C PMS", "filerRelation": "UNREPORTED", "moneyText": "", "startDate": "2009-09-09", "ownership": "D"}], "maxAge": 1}, "quoteType": {"exchange": "NSI", "quoteType": "EQUITY", "symbol": "GAYAPROJ.NS", "underlyingSymbol": "GAYAPROJ.NS", "shortName": "GAYATRI PROJECTS", "longName": "Gayatri Projects Limited", "firstTradeDateEpochUtc": "2011-08-22 09:15:00", "timeZoneFullName": "Asia/Kolkata", "timeZoneShortName": "IST", "uuid": "a5625650-7de4-3b82-a6ac-9697f0ae4772", "gmtOffSetMilliseconds": 19800000, "maxAge": 1}, "incomeStatementHistory": {"incomeStatementHistory": [{"maxAge": 1, "endDate": "2020-03-31", "totalRevenue": 34415987000, "costOfRevenue": 26578911000, "grossProfit": 7837076000, "researchDevelopment": {}, "sellingGeneralAdministrative": 2313836000, "nonRecurring": {}, "otherOperatingExpenses": 1549565000, "totalOperatingExpenses": 31351473000, "operatingIncome": 3064514000, "totalOtherIncomeExpenseNet": -3702119000, "ebit": 3064514000, "interestExpense": -3081670000, "incomeBeforeTax": -637605000, "incomeTaxExpense": -56478000, "minorityInterest": {}, "netIncomeFromContinuingOps": -581127000, "discontinuedOperations": {}, "extraordinaryItems": {}, "effectOfAccountingCharges": {}, "otherItems": {}, "netIncome": -581127000, "netIncomeApplicableToCommonShares": -581127000}, {"maxAge": 1, "endDate": "2019-03-31", "totalRevenue": 34697788000, "costOfRevenue": 26570041000, "grossProfit": 8127747000, "researchDevelopment": {}, "sellingGeneralAdministrative": 1873288000, "nonRecurring": {}, "otherOperatingExpenses": 741416000, "totalOperatingExpenses": 29843806000, "operatingIncome": 4853982000, "totalOtherIncomeExpenseNet": -3003588000, "ebit": 4853982000, "interestExpense": -2740284000, "incomeBeforeTax": 1850394000, "incomeTaxExpense": 249385000, "minorityInterest": {}, "netIncomeFromContinuingOps": 1601009000, "discontinuedOperations": {}, "extraordinaryItems": {}, "effectOfAccountingCharges": {}, "otherItems": {}, "netIncome": 1601009000, "netIncomeApplicableToCommonShares": 1601009000}, {"maxAge": 1, "endDate": "2018-03-31", "totalRevenue": 29174015000, "costOfRevenue": 21926627000, "grossProfit": 7247388000, "researchDevelopment": {}, "sellingGeneralAdministrative": 1395439000, "nonRecurring": {}, "otherOperatingExpenses": 943264000, "totalOperatingExpenses": 24812036000, "operatingIncome": 4361979000, "totalOtherIncomeExpenseNet": -4612522000, "ebit": 4361979000, "interestExpense": -2821236000, "incomeBeforeTax": -250543000, "incomeTaxExpense": -55459000, "minorityInterest": {}, "netIncomeFromContinuingOps": -195084000, "discontinuedOperations": {}, "extraordinaryItems": {}, "effectOfAccountingCharges": {}, "otherItems": {}, "netIncome": -195084000, "netIncomeApplicableToCommonShares": -195084000}, {"maxAge": 1, "endDate": "2017-03-31", "totalRevenue": 21266412000, "costOfRevenue": 15744292000, "grossProfit": 5522120000, "researchDevelopment": {}, "sellingGeneralAdministrative": 994297000, "nonRecurring": {}, "otherOperatingExpenses": 1184882000, "totalOperatingExpenses": 18355025000, "operatingIncome": 2911387000, "totalOtherIncomeExpenseNet": -2677868000, "ebit": 2911387000, "interestExpense": -2970822000, "incomeBeforeTax": 233519000, "incomeTaxExpense": 236516000, "minorityInterest": {}, "netIncomeFromContinuingOps": -2997000, "discontinuedOperations": {}, "extraordinaryItems": {}, "effectOfAccountingCharges": {}, "otherItems": {}, "netIncome": -2997000, "netIncomeApplicableToCommonShares": -2995000}], "maxAge": 86400}, "fundOwnership": {"ownershipList": [{"maxAge": 1, "reportDate": "2021-02-28", "organization": "GMO Emerging Markets Fund", "pctHeld": 0.0618, "position": 11567064, "value": 466152679}, {"maxAge": 1, "reportDate": "2021-02-28", "organization": "GMO Emerging Domestic Opportunities Fund", "pctHeld": 0.0209, "position": 3904869, "value": 157366220}], "maxAge": 1}, "summaryDetail": {"maxAge": 1, "priceHint": 2, "previousClose": 28.25, "open": 28.0, "dayLow": 27.55, "dayHigh": 29.15, "regularMarketPreviousClose": 28.25, "regularMarketOpen": 28.0, "regularMarketDayLow": 27.55, "regularMarketDayHigh": 29.15, "exDividendDate": "2016-09-21 05:30:00", "payoutRatio": 0.0, "beta": 2.560529, "volume": 433949, "regularMarketVolume": 433949, "averageVolume": 891343, "averageVolume10days": 924557, "averageDailyVolume10Day": 924557, "bid": 0.0, "ask": 0.0, "bidSize": 0, "askSize": 0, "marketCap": 5279012352, "fiftyTwoWeekLow": 8.45, "fiftyTwoWeekHigh": 48.65, "priceToSalesTrailing12Months": 0.15288399, "fiftyDayAverage": 36.313236, "twoHundredDayAverage": 32.676243, "trailingAnnualDividendRate": 0.5, "trailingAnnualDividendYield": 0.017699115, "currency": "INR", "fromCurrency": null, "lastMarket": null, "algorithm": null, "tradeable": false}, "incomeStatementHistoryQuarterly": {"incomeStatementHistory": [{"maxAge": 1, "endDate": "2020-12-31", "totalRevenue": 10745015000, "costOfRevenue": 8648435000, "grossProfit": 2096580000, "researchDevelopment": {}, "sellingGeneralAdministrative": 409522000, "nonRecurring": {}, "otherOperatingExpenses": 240083000, "totalOperatingExpenses": 9513593000, "operatingIncome": 1231422000, "totalOtherIncomeExpenseNet": -865050000, "ebit": 1231422000, "interestExpense": -860494000, "incomeBeforeTax": 366372000, "incomeTaxExpense": -15016000, "minorityInterest": {}, "netIncomeFromContinuingOps": 381388000, "discontinuedOperations": {}, "extraordinaryItems": {}, "effectOfAccountingCharges": {}, "otherItems": {}, "netIncome": 381388000, "netIncomeApplicableToCommonShares": 381388000}, {"maxAge": 1, "endDate": "2020-09-30", "totalRevenue": 8008409000, "costOfRevenue": 6344995000, "grossProfit": 1663414000, "researchDevelopment": {}, "sellingGeneralAdministrative": 327460000, "nonRecurring": {}, "otherOperatingExpenses": 266727000, "totalOperatingExpenses": 7160087000, "operatingIncome": 848322000, "totalOtherIncomeExpenseNet": -862308000, "ebit": 848322000, "interestExpense": -846313000, "incomeBeforeTax": -13986000, "incomeTaxExpense": -14915000, "minorityInterest": {}, "netIncomeFromContinuingOps": 929000, "discontinuedOperations": {}, "extraordinaryItems": {}, "effectOfAccountingCharges": {}, "otherItems": {}, "netIncome": 929000, "netIncomeApplicableToCommonShares": 929000}, {"maxAge": 1, "endDate": "2020-06-30", "totalRevenue": 6682318000, "costOfRevenue": 5233121000, "grossProfit": 1449197000, "researchDevelopment": {}, "sellingGeneralAdministrative": 347318000, "nonRecurring": {}, "otherOperatingExpenses": 254238000, "totalOperatingExpenses": 6052121000, "operatingIncome": 630197000, "totalOtherIncomeExpenseNet": -783018000, "ebit": 630197000, "interestExpense": -781928000, "incomeBeforeTax": -152821000, "incomeTaxExpense": -15124000, "minorityInterest": {}, "netIncomeFromContinuingOps": -137697000, "discontinuedOperations": {}, "extraordinaryItems": {}, "effectOfAccountingCharges": {}, "otherItems": {}, "netIncome": -137697000, "netIncomeApplicableToCommonShares": -137697000}, {"maxAge": 1, "endDate": "2020-03-31", "totalRevenue": 9093789000, "costOfRevenue": 6987462000, "grossProfit": 2106327000, "researchDevelopment": {}, "sellingGeneralAdministrative": 1212948000, "nonRecurring": {}, "otherOperatingExpenses": 152377000, "totalOperatingExpenses": 8675841000, "operatingIncome": 417948000, "totalOtherIncomeExpenseNet": -1284319000, "ebit": 417948000, "interestExpense": -779292000, "incomeBeforeTax": -866371000, "incomeTaxExpense": -56478000, "minorityInterest": {}, "netIncomeFromContinuingOps": -809893000, "discontinuedOperations": {}, "extraordinaryItems": {}, "effectOfAccountingCharges": {}, "otherItems": {}, "netIncome": -809893000, "netIncomeApplicableToCommonShares": -809893000}], "maxAge": 86400}, "cashflowStatementHistoryQuarterly": {"cashflowStatements": [{"maxAge": 1, "endDate": "2020-12-31", "netIncome": 381388000, "changeToLiabilities": 0}, {"maxAge": 1, "endDate": "2020-09-30", "netIncome": 929000, "changeToLiabilities": 0}, {"maxAge": 1, "endDate": "2020-06-30", "netIncome": -137697000, "changeToLiabilities": 0}, {"maxAge": 1, "endDate": "2020-03-31", "netIncome": -809893000, "changeToLiabilities": 0}], "maxAge": 86400}, "insiderHolders": {"holders": [{"maxAge": 1, "name": "GMO Emerging Domestic Opportunities Fund", "relation": "Promoter", "url": "", "transactionDescription": "Sale", "latestTransDate": "2020-10-13", "positionDirect": 17203185, "positionDirectDate": "2020-10-13"}, {"maxAge": 1, "name": "India Max Investment Fund Ltd", "relation": "Institution- Corporation", "url": "", "transactionDescription": "Acquisition", "latestTransDate": "2012-12-24", "positionDirect": 2357000, "positionDirectDate": "2012-12-24"}, {"maxAge": 1, "name": "Reddy (Brij Mohan)", "relation": "Executive Vice Chairman", "url": "", "transactionDescription": "Acquisition", "latestTransDate": "2012-03-31", "positionDirect": 450, "positionDirectDate": "2012-03-31"}, {"maxAge": 1, "name": "Reliance Capital Asset Management Ltd A/C PMS", "relation": "UNREPORTED", "url": "", "transactionDescription": "Acquisition", "latestTransDate": "2009-09-09", "positionDirect": 1000000, "positionDirectDate": "2009-09-09"}, {"maxAge": 1, "name": "Sulochanamma (G)", "relation": "Promoter", "url": "", "transactionDescription": "Acquisition", "latestTransDate": "2012-03-31", "positionDirect": 450, "positionDirectDate": "2012-03-31"}, {"maxAge": 1, "name": "Tikkavarapu (Indira Subbaramireddy)", "relation": "Non Executive Chairman", "url": "", "transactionDescription": "Acquisition", "latestTransDate": "2012-03-31", "positionDirect": 10630932, "positionDirectDate": "2012-03-31"}, {"maxAge": 1, "name": "Tikkavarapu (Rajiv Reddy)", "relation": "Promoter", "url": "", "transactionDescription": "Acquisition", "latestTransDate": "2020-03-31", "positionDirect": 519500, "positionDirectDate": "2020-03-31"}, {"maxAge": 1, "name": "Tikkavarapu (Sandeep Kumar Reddy)", "relation": "Managing Director", "url": "", "transactionDescription": "Acquisition", "latestTransDate": "2012-03-31", "positionDirect": 4579544, "positionDirectDate": "2012-03-31"}, {"maxAge": 1, "name": "Tikkavarapu (Sarita Reddy)", "relation": "Promoter", "url": "", "transactionDescription": "Acquisition", "latestTransDate": "2012-03-31", "positionDirect": 160, "positionDirectDate": "2012-03-31"}], "maxAge": 1}, "calendarEvents": {"maxAge": 1, "earnings": {"earningsDate": []}, "exDividendDate": "2016-09-21 05:30:00"}, "upgradeDowngradeHistory": {"history": [], "maxAge": 86400}, "price": {"maxAge": 1, "regularMarketChangePercent": -0.0017698845, "regularMarketChange": -0.049999237, "regularMarketTime": "2021-04-30 15:29:51", "priceHint": 2, "regularMarketPrice": 28.2, "regularMarketDayHigh": 29.15, "regularMarketDayLow": 27.55, "regularMarketVolume": 433949, "averageDailyVolume10Day": 924557, "averageDailyVolume3Month": 891343, "regularMarketPreviousClose": 28.25, "regularMarketSource": "FREE_REALTIME", "regularMarketOpen": 28.0, "exchange": "NSI", "exchangeName": "NSE", "exchangeDataDelayedBy": 15, "marketState": "CLOSED", "quoteType": "EQUITY", "symbol": "GAYAPROJ.NS", "underlyingSymbol": null, "shortName": "GAYATRI PROJECTS", "longName": "Gayatri Projects Limited", "currency": "INR", "quoteSourceName": "Delayed Quote", "currencySymbol": "\u20b9", "fromCurrency": null, "lastMarket": null, "marketCap": 5279012352}, "balanceSheetHistory": {"balanceSheetStatements": [{"maxAge": 1, "endDate": "2020-03-31", "cash": 1183563000, "netReceivables": 22466038000, "inventory": 6237798000, "otherCurrentAssets": 8037652000, "totalCurrentAssets": 38146860000, "longTermInvestments": 5719421000, "propertyPlantEquipment": 4738124000, "otherAssets": 7988400000, "deferredLongTermAssetCharges": 50106000, "totalAssets": 56592805000, "accountsPayable": 10640751000, "shortLongTermDebt": 1519447000, "otherCurrentLiab": 1851591000, "longTermDebt": 6930227000, "otherLiab": 13175511000, "totalCurrentLiabilities": 27176546000, "totalLiab": 47489946000, "commonStock": 374397000, "retainedEarnings": 3963125000, "treasuryStock": 996970000, "capitalSurplus": 3768367000, "otherStockholderEquity": 996970000, "totalStockholderEquity": 9102859000, "netTangibleAssets": 9102859000}, {"maxAge": 1, "endDate": "2019-03-31", "cash": 1282027000, "netReceivables": 20920844000, "inventory": 3574142000, "otherCurrentAssets": 10328836000, "totalCurrentAssets": 36363294000, "longTermInvestments": 12013261000, "propertyPlantEquipment": 4455674000, "goodWill": 718000, "otherAssets": 8033650000, "totalAssets": 60866597000, "accountsPayable": 8879032000, "shortLongTermDebt": 2388354000, "otherCurrentLiab": 1778690000, "longTermDebt": 10313728000, "otherLiab": 15031590000, "totalCurrentLiabilities": 23787612000, "totalLiab": 49132930000, "commonStock": 374397000, "retainedEarnings": 4543877000, "treasuryStock": 3047026000, "capitalSurplus": 3768367000, "otherStockholderEquity": 3047026000, "totalStockholderEquity": 11733667000, "netTangibleAssets": 11732949000}, {"maxAge": 1, "endDate": "2018-03-31", "cash": 569980000, "netReceivables": 18049070000, "inventory": 2929567000, "otherCurrentAssets": 10575472000, "totalCurrentAssets": 32292357000, "longTermInvestments": 11975105000, "propertyPlantEquipment": 4036294000, "goodWill": 222015000, "otherAssets": 4081927000, "totalAssets": 52607698000, "accountsPayable": 8042742000, "shortLongTermDebt": 2093933000, "otherCurrentLiab": 68506000, "longTermDebt": 11438086000, "otherLiab": 10455896000, "totalCurrentLiabilities": 20611750000, "totalLiab": 42505732000, "commonStock": 374397000, "retainedEarnings": 2942809000, "treasuryStock": 3016393000, "capitalSurplus": 3768367000, "otherStockholderEquity": 3016393000, "totalStockholderEquity": 10101966000, "netTangibleAssets": 9879951000}, {"maxAge": 1, "endDate": "2017-03-31", "cash": 1970409000, "netReceivables": 9490625000, "inventory": 3600519000, "otherCurrentAssets": 9953016000, "totalCurrentAssets": 25089529000, "longTermInvestments": 9779449000, "propertyPlantEquipment": 4019366000, "goodWill": 222015000, "otherAssets": 5320407000, "totalAssets": 44430766000, "accountsPayable": 6607921000, "shortLongTermDebt": 2620849000, "otherCurrentLiab": 26992000, "longTermDebt": 9776980000, "otherLiab": 9569033000, "totalCurrentLiabilities": 19970239000, "totalLiab": 39316252000, "commonStock": 354504000, "retainedEarnings": 2868472000, "treasuryStock": 10092000, "capitalSurplus": 1881446000, "otherStockholderEquity": 10092000, "totalStockholderEquity": 5114514000, "netTangibleAssets": 4892499000}], "maxAge": 86400}, "financialData": {"maxAge": 86400, "currentPrice": 28.2, "recommendationKey": "none", "totalCash": 2840936960, "totalCashPerShare": 15.196, "ebitda": 3994804480, "totalDebt": 20892897280, "totalRevenue": 34529529856, "debtToEquity": 233.184, "revenuePerShare": 185.032, "grossProfits": 7837076000, "revenueGrowth": 0.268, "grossMargins": 0.21186, "ebitdaMargins": 0.11569, "operatingMargins": 0.09059, "profitMargins": -0.01637, "financialCurrency": "INR"}}}