{"GAYAHWS.NS": {"assetProfile": {"address1": "TSR Towers, 6-3-1090", "address2": "1st Floor Rajbhavan Road Somajiguda", "city": "Hyderabad", "zip": "500082", "country": "India", "phone": "91 40 2331 0330", "fax": "91 40 2339 8435", "website": "http://www.gayatrihighways.com", "industry": "Infrastructure Operations", "sector": "Industrials", "longBusinessSummary": "Gayatri Highways Limited engages in the construction, operation, and maintenance of roads, highways, vehicle bridges and tunnels, and toll roads in India. The company was incorporated in 2006 and is based in Hyderabad, India.", "companyOfficers": [{"maxAge": 1, "name": "Mr. K.G.  Naidu", "title": "Chief Exec. Officer", "exercisedValue": 0, "unexercisedValue": 0}, {"maxAge": 1, "name": "Mr. P.K.  Sahoo", "title": "Chief Financial Officer", "exercisedValue": 0, "unexercisedValue": 0}, {"maxAge": 1, "name": "Mr. P. Raj Kumar", "title": "Company Sec. & Compliance Officer", "exercisedValue": 0, "unexercisedValue": 0}], "maxAge": 86400}, "cashflowStatementHistory": {"cashflowStatements": [{"maxAge": 1, "endDate": "2020-03-31", "netIncome": -2591180321, "depreciation": 175894042, "changeToNetincome": 3211926476, "changeToAccountReceivables": 58940056, "changeToLiabilities": 39024294, "changeToOperatingActivities": 16225811653, "totalCashFromOperatingActivities": 17120416200, "capitalExpenditures": -141364526, "investments": 211409825, "totalCashflowsFromInvestingActivities": 70045299, "netBorrowings": -15232574669, "otherCashflowsFromFinancingActivities": -1998656671, "totalCashFromFinancingActivities": -17231231340, "changeInCash": -40769840}, {"maxAge": 1, "endDate": "2019-03-31", "netIncome": -2598340201, "depreciation": 180930946, "changeToNetincome": 2890124723, "changeToAccountReceivables": 11154415, "changeToLiabilities": 29940229, "changeToOperatingActivities": 808664308, "totalCashFromOperatingActivities": 1322474420, "capitalExpenditures": -141364526, "investments": -1366726633, "totalCashflowsFromInvestingActivities": -1264019637, "netBorrowings": 1571032706, "otherCashflowsFromFinancingActivities": -1781613834, "totalCashFromFinancingActivities": -210581128, "changeInCash": -152126345}, {"maxAge": 1, "endDate": "2018-03-31", "netIncome": -1845683535, "depreciation": 123475055, "changeToNetincome": 2223826252, "changeToAccountReceivables": -71196687, "changeToLiabilities": 29209059, "changeToOperatingActivities": 2035419665, "totalCashFromOperatingActivities": 2495049809, "capitalExpenditures": -1047975565, "investments": 624330117, "otherCashflowsFromInvestingActivities": 77750502, "totalCashflowsFromInvestingActivities": -758133934, "netBorrowings": 177313256, "otherCashflowsFromFinancingActivities": -2129591306, "totalCashFromFinancingActivities": -1952278050, "changeInCash": -215362175}, {"maxAge": 1, "endDate": "2017-03-31", "netIncome": -389060, "depreciation": 64447394, "changeToNetincome": -745021744, "changeToAccountReceivables": -71196687, "changeToLiabilities": 15626616, "changeToOperatingActivities": 2919884913, "totalCashFromOperatingActivities": 2254548119, "capitalExpenditures": -1047975565, "investments": -489668688, "otherCashflowsFromInvestingActivities": 77750502, "totalCashflowsFromInvestingActivities": -26169363003, "netBorrowings": 23862957777, "otherCashflowsFromFinancingActivities": -2129591306, "totalCashFromFinancingActivities": 24342061577, "changeInCash": 427246694, "issuanceOfStock": 479103800}], "maxAge": 86400}, "institutionOwnership": {"ownershipList": [], "maxAge": 1}, "majorHoldersBreakdown": {"maxAge": 1, "insidersPercentHeld": 0.69461995, "institutionsPercentHeld": 0.103190005, "institutionsFloatPercentHeld": 0.33791, "institutionsCount": 3}, "balanceSheetHistoryQuarterly": {"balanceSheetStatements": [{"maxAge": 1, "endDate": "2020-12-31", "totalStockholderEquity": -7021123380, "netTangibleAssets": -16036916080}, {"maxAge": 1, "endDate": "2020-09-30", "cash": 97632500, "shortTermInvestments": 17825507600, "netReceivables": 330343700, "otherCurrentAssets": 5312500, "totalCurrentAssets": 18258796300, "longTermInvestments": 796025700, "propertyPlantEquipment": 2308700, "goodWill": 1144914200, "intangibleAssets": 7870878500, "otherAssets": 315176400, "totalAssets": 28388099800, "accountsPayable": 115417800, "otherCurrentLiab": 21314041100, "longTermDebt": 7688520000, "otherLiab": 4531034480, "totalCurrentLiabilities": 23189668700, "totalLiab": 35409223180, "commonStock": 479303800, "treasuryStock": -7500427180, "otherStockholderEquity": -7500427180, "totalStockholderEquity": -7021123380, "netTangibleAssets": -16036916080}, {"maxAge": 1, "endDate": "2020-06-30", "totalStockholderEquity": -5084691999, "netTangibleAssets": -14201221699}, {"maxAge": 1, "endDate": "2020-03-31", "cash": 18991183, "netReceivables": 18135804854, "otherCurrentAssets": 2049113, "totalCurrentAssets": 18158538394, "longTermInvestments": 1020655379, "propertyPlantEquipment": 2632703, "goodWill": 1144914192, "intangibleAssets": 7971615496, "otherAssets": 306950662, "totalAssets": 28605306826, "accountsPayable": 113800198, "shortLongTermDebt": 15789525429, "otherCurrentLiab": 298380436, "longTermDebt": 7679797130, "otherLiab": 4311177543, "totalCurrentLiabilities": 21699024152, "totalLiab": 33689998825, "commonStock": 479303800, "retainedEarnings": -7819026515, "treasuryStock": 2255030716, "otherStockholderEquity": 2255030716, "totalStockholderEquity": -5084691999, "netTangibleAssets": -14201221687}], "maxAge": 86400}, "indexTrend": {"maxAge": 1, "symbol": "SP5", "peRatio": 19.7411, "pegRatio": 1.34172, "estimates": [{"period": "0q", "growth": 0.549}, {"period": "+1q", "growth": 0.431}, {"period": "0y", "growth": 0.305}, {"period": "+1y", "growth": 0.109}, {"period": "+5y", "growth": 0.120865}, {"period": "-5y"}]}, "defaultKeyStatistics": {"maxAge": 1, "priceHint": 4, "enterpriseValue": -8325262848, "profitMargins": 0.0, "floatShares": 86940585, "sharesOutstanding": 239652000, "heldPercentInsiders": 0.69461995, "heldPercentInstitutions": 0.103190005, "beta": 2.784949, "category": null, "bookValue": -32.575, "fundFamily": null, "legalType": null, "lastFiscalYearEnd": "2020-03-31 05:30:00", "nextFiscalYearEnd": "2022-03-31 05:30:00", "mostRecentQuarter": "2020-12-31 05:30:00", "netIncomeToCommon": -914573120, "trailingEps": -14.311, "lastSplitFactor": null, "enterpriseToRevenue": -11.129, "enterpriseToEbitda": -16.081}, "summaryProfile": {"address1": "TSR Towers, 6-3-1090", "address2": "1st Floor Rajbhavan Road Somajiguda", "city": "Hyderabad", "zip": "500082", "country": "India", "phone": "91 40 2331 0330", "fax": "91 40 2339 8435", "website": "http://www.gayatrihighways.com", "industry": "Infrastructure Operations", "sector": "Industrials", "longBusinessSummary": "Gayatri Highways Limited engages in the construction, operation, and maintenance of roads, highways, vehicle bridges and tunnels, and toll roads in India. The company was incorporated in 2006 and is based in Hyderabad, India.", "companyOfficers": [], "maxAge": 86400}, "netSharePurchaseActivity": {"maxAge": 1, "period": "6m", "buyInfoCount": 0, "buyInfoShares": 0, "sellInfoCount": 0, "netInfoCount": 0, "netInfoShares": 0, "netPercentInsiderShares": 0.0, "totalInsiderShares": 172668096}, "insiderTransactions": {"transactions": [{"maxAge": 1, "shares": 550000, "filerUrl": "", "transactionText": "", "filerName": "GMO Emerging Domestic Opportunities Fund", "filerRelation": "Institution- Corporation", "moneyText": "", "startDate": "2020-06-30", "ownership": "D"}], "maxAge": 1}, "quoteType": {"exchange": "NSI", "quoteType": "EQUITY", "symbol": "GAYAHWS.NS", "underlyingSymbol": "GAYAHWS.NS", "shortName": "GAYATRI HIGHWAYS L", "longName": "Gayatri Highways Limited", "firstTradeDateEpochUtc": "2018-06-28 09:15:00", "timeZoneFullName": "Asia/Kolkata", "timeZoneShortName": "IST", "uuid": "9d4cab97-310b-3213-a8e9-a0f772de0eec", "gmtOffSetMilliseconds": 19800000, "maxAge": 1}, "incomeStatementHistory": {"incomeStatementHistory": [{"maxAge": 1, "endDate": "2020-03-31", "totalRevenue": 695089298, "costOfRevenue": 0, "grossProfit": 695089298, "researchDevelopment": {}, "sellingGeneralAdministrative": 160806377, "nonRecurring": {}, "otherOperatingExpenses": 36210055, "totalOperatingExpenses": 372910474, "operatingIncome": 322178824, "totalOtherIncomeExpenseNet": -1236512535, "ebit": 322178824, "interestExpense": -1312335987, "incomeBeforeTax": -914333711, "incomeTaxExpense": 0, "minorityInterest": {}, "netIncomeFromContinuingOps": -914333711, "discontinuedOperations": -1676846610, "extraordinaryItems": {}, "effectOfAccountingCharges": {}, "otherItems": {}, "netIncome": -2591180321, "netIncomeApplicableToCommonShares": -2591180321}, {"maxAge": 1, "endDate": "2019-03-31", "totalRevenue": 747081465, "costOfRevenue": 0, "grossProfit": 747081465, "researchDevelopment": {}, "sellingGeneralAdministrative": 219682941, "nonRecurring": {}, "otherOperatingExpenses": 31408530, "totalOperatingExpenses": 347022651, "operatingIncome": 400058814, "totalOtherIncomeExpenseNet": -1200125397, "ebit": 400058814, "interestExpense": -1290302639, "incomeBeforeTax": -800066583, "incomeTaxExpense": 0, "minorityInterest": {}, "netIncomeFromContinuingOps": -800066583, "discontinuedOperations": -1798273618, "extraordinaryItems": {}, "effectOfAccountingCharges": {}, "otherItems": {}, "netIncome": -2598340201, "netIncomeApplicableToCommonShares": -2598340201}, {"maxAge": 1, "endDate": "2018-03-31", "totalRevenue": 2791126323, "costOfRevenue": 1929915369, "grossProfit": 861210954, "researchDevelopment": {}, "sellingGeneralAdministrative": 80241075, "nonRecurring": {}, "otherOperatingExpenses": 135523292, "totalOperatingExpenses": 2269154791, "operatingIncome": 521971532, "totalOtherIncomeExpenseNet": -2367655067, "ebit": 521971532, "interestExpense": -2129591306, "incomeBeforeTax": -1845683535, "incomeTaxExpense": 0, "minorityInterest": {}, "netIncomeFromContinuingOps": -1845683535, "discontinuedOperations": -1798273618, "extraordinaryItems": {}, "effectOfAccountingCharges": {}, "otherItems": {}, "netIncome": -1845683535, "netIncomeApplicableToCommonShares": -1845683535}, {"maxAge": 1, "endDate": "2017-03-31", "totalRevenue": 6762348523, "costOfRevenue": 6762348523, "grossProfit": 0, "researchDevelopment": {}, "sellingGeneralAdministrative": 80241075, "nonRecurring": {}, "otherOperatingExpenses": 389060, "totalOperatingExpenses": 6762737583, "operatingIncome": -389060, "totalOtherIncomeExpenseNet": 0, "ebit": -389060, "interestExpense": -2129591306, "incomeBeforeTax": -389060, "incomeTaxExpense": 0, "minorityInterest": {}, "netIncomeFromContinuingOps": -389060, "discontinuedOperations": -1798273618, "extraordinaryItems": {}, "effectOfAccountingCharges": {}, "otherItems": {}, "netIncome": -389060, "netIncomeApplicableToCommonShares": -389060}], "maxAge": 86400}, "fundOwnership": {"ownershipList": [], "maxAge": 1}, "summaryDetail": {"maxAge": 1, "priceHint": 4, "previousClose": 0.6, "open": 0.6, "dayLow": 0.55, "dayHigh": 0.6, "regularMarketPreviousClose": 0.6, "regularMarketOpen": 0.6, "regularMarketDayLow": 0.55, "regularMarketDayHigh": 0.6, "payoutRatio": 0.0, "beta": 2.784949, "volume": 314786, "regularMarketVolume": 314786, "averageVolume": 353243, "averageVolume10days": 181151, "averageDailyVolume10Day": 181151, "bid": 0.0, "ask": 0.0, "bidSize": 0, "askSize": 0, "marketCap": 138998400, "fiftyTwoWeekLow": 0.2, "fiftyTwoWeekHigh": 0.95, "priceToSalesTrailing12Months": 0.1858092, "fiftyDayAverage": 0.6602941, "twoHundredDayAverage": 0.55602837, "currency": "INR", "fromCurrency": null, "lastMarket": null, "algorithm": null, "tradeable": false}, "incomeStatementHistoryQuarterly": {"incomeStatementHistory": [{"maxAge": 1, "endDate": "2020-12-31", "totalRevenue": 228097300, "costOfRevenue": 0, "grossProfit": 228097300, "researchDevelopment": {}, "sellingGeneralAdministrative": 16366400, "nonRecurring": {}, "otherOperatingExpenses": 7481200, "totalOperatingExpenses": 74653600, "operatingIncome": 153443700, "totalOtherIncomeExpenseNet": -292657100, "ebit": 153443700, "interestExpense": -325220500, "incomeBeforeTax": -139213400, "incomeTaxExpense": 0, "minorityInterest": {}, "netIncomeFromContinuingOps": -139213400, "discontinuedOperations": -633868000, "extraordinaryItems": {}, "effectOfAccountingCharges": {}, "otherItems": {}, "netIncome": -773081400, "netIncomeApplicableToCommonShares": -773081400}, {"maxAge": 1, "endDate": "2020-09-30", "totalRevenue": 210773200, "costOfRevenue": 0, "grossProfit": 210773200, "researchDevelopment": {}, "sellingGeneralAdministrative": 56227200, "nonRecurring": {}, "otherOperatingExpenses": 8116200, "totalOperatingExpenses": 115149400, "operatingIncome": 95623800, "totalOtherIncomeExpenseNet": -350804100, "ebit": 95623800, "interestExpense": -371027900, "incomeBeforeTax": -255180300, "incomeTaxExpense": 0, "minorityInterest": {}, "netIncomeFromContinuingOps": -255180300, "discontinuedOperations": -613431400, "extraordinaryItems": {}, "effectOfAccountingCharges": {}, "otherItems": {}, "netIncome": -868611700, "netIncomeApplicableToCommonShares": -868611700}, {"maxAge": 1, "endDate": "2020-06-30", "totalRevenue": 133583800, "costOfRevenue": 0, "grossProfit": 133583800, "researchDevelopment": {}, "sellingGeneralAdministrative": 15192100, "nonRecurring": {}, "otherOperatingExpenses": 7133500, "totalOperatingExpenses": 72580600, "operatingIncome": 61003200, "totalOtherIncomeExpenseNet": -312664900, "ebit": 61003200, "interestExpense": -333476100, "incomeBeforeTax": -251661700, "incomeTaxExpense": 0, "minorityInterest": {}, "netIncomeFromContinuingOps": -251661700, "discontinuedOperations": -585631800, "extraordinaryItems": {}, "effectOfAccountingCharges": {}, "otherItems": {}, "netIncome": -837293500, "netIncomeApplicableToCommonShares": -837293500}, {"maxAge": 1, "endDate": "2020-03-31", "totalRevenue": 175616400, "costOfRevenue": 0, "grossProfit": 175616400, "researchDevelopment": {}, "sellingGeneralAdministrative": 74442000, "nonRecurring": {}, "otherOperatingExpenses": 10621500, "totalOperatingExpenses": 140105900, "operatingIncome": 35510500, "totalOtherIncomeExpenseNet": -304028200, "ebit": 35510500, "interestExpense": -322343000, "incomeBeforeTax": -268517700, "incomeTaxExpense": 0, "minorityInterest": {}, "netIncomeFromContinuingOps": -268517700, "discontinuedOperations": -649664200, "extraordinaryItems": {}, "effectOfAccountingCharges": {}, "otherItems": {}, "netIncome": -918181900, "netIncomeApplicableToCommonShares": -918181900}], "maxAge": 86400}, "cashflowStatementHistoryQuarterly": {"cashflowStatements": [{"maxAge": 1, "endDate": "2020-12-31", "netIncome": -773081400, "changeToLiabilities": 0}, {"maxAge": 1, "endDate": "2020-09-30", "netIncome": -868611700, "changeToLiabilities": 0}, {"maxAge": 1, "endDate": "2020-06-30", "netIncome": -837293500, "changeToLiabilities": 0}, {"maxAge": 1, "endDate": "2020-03-31", "netIncome": -918181900, "changeToLiabilities": 0}], "maxAge": 86400}, "insiderHolders": {"holders": [{"maxAge": 1, "name": "GMO Emerging Domestic Opportunities Fund", "relation": "Institution- Corporation", "url": "", "transactionDescription": "Sale", "latestTransDate": "2020-06-30", "positionDirect": 18450000, "positionDirectDate": "2020-06-30"}], "maxAge": 1}, "calendarEvents": {"maxAge": 1, "earnings": {"earningsDate": ["2021-02-02 05:30:S"]}}, "upgradeDowngradeHistory": {"history": [], "maxAge": 86400}, "price": {"maxAge": 1, "regularMarketChangePercent": 0.0, "regularMarketChange": 0.0, "regularMarketTime": "2021-04-30 15:29:55", "priceHint": 4, "regularMarketPrice": 0.6, "regularMarketDayHigh": 0.6, "regularMarketDayLow": 0.55, "regularMarketVolume": 314786, "averageDailyVolume10Day": 181151, "averageDailyVolume3Month": 353243, "regularMarketPreviousClose": 0.6, "regularMarketSource": "FREE_REALTIME", "regularMarketOpen": 0.6, "exchange": "NSI", "exchangeName": "NSE", "exchangeDataDelayedBy": 15, "marketState": "CLOSED", "quoteType": "EQUITY", "symbol": "GAYAHWS.NS", "underlyingSymbol": null, "shortName": "GAYATRI HIGHWAYS L", "longName": "Gayatri Highways Limited", "currency": "INR", "quoteSourceName": "Delayed Quote", "currencySymbol": "\u20b9", "fromCurrency": null, "lastMarket": null, "marketCap": 138998400}, "balanceSheetHistory": {"balanceSheetStatements": [{"maxAge": 1, "endDate": "2020-03-31", "cash": 18991183, "netReceivables": 18135804854, "otherCurrentAssets": 2049113, "totalCurrentAssets": 18158538394, "longTermInvestments": 1020655379, "propertyPlantEquipment": 2632703, "goodWill": 1144914192, "intangibleAssets": 7971615496, "otherAssets": 306950662, "totalAssets": 28605306826, "accountsPayable": 113800198, "shortLongTermDebt": 15789525429, "otherCurrentLiab": 298380436, "longTermDebt": 7679797130, "otherLiab": 4311177543, "totalCurrentLiabilities": 21699024152, "totalLiab": 33689998825, "commonStock": 479303800, "retainedEarnings": -7819026515, "treasuryStock": 2255030716, "otherStockholderEquity": 2255030716, "totalStockholderEquity": -5084691999, "netTangibleAssets": -14201221687}, {"maxAge": 1, "endDate": "2019-03-31", "cash": 59761023, "netReceivables": 356488717, "otherCurrentAssets": 5668596, "totalCurrentAssets": 428459629, "longTermInvestments": 1232065204, "propertyPlantEquipment": 3033675, "goodWill": 1144914192, "intangibleAssets": 26050737630, "otherAssets": 381040570, "totalAssets": 29240250900, "accountsPayable": 74775904, "shortLongTermDebt": 735344000, "otherCurrentLiab": 278606706, "longTermDebt": 22559552092, "otherLiab": 3912161595, "totalCurrentLiabilities": 5040650243, "totalLiab": 31512363930, "commonStock": 479303800, "retainedEarnings": -5006447546, "treasuryStock": 2255030716, "otherStockholderEquity": 2255030716, "totalStockholderEquity": -2272113030, "netTangibleAssets": -29467764852}, {"maxAge": 1, "endDate": "2018-03-31", "cash": 211887368, "netReceivables": 324922930, "otherCurrentAssets": 4946993, "totalCurrentAssets": 548517227, "longTermInvestments": 1206438215, "propertyPlantEquipment": 2644958, "goodWill": 1152469385, "intangibleAssets": 26334764290, "otherAssets": 450908892, "totalAssets": 29695742967, "accountsPayable": 44835675, "shortLongTermDebt": 136420750, "otherCurrentLiab": 316383632, "longTermDebt": 23690059791, "otherLiab": 3550778812, "totalCurrentLiabilities": 2293621719, "totalLiab": 29534460322, "commonStock": 479303800, "retainedEarnings": -2132955819, "treasuryStock": 1814934664, "otherStockholderEquity": 1814934664, "totalStockholderEquity": 161282645, "netTangibleAssets": -27325951030}, {"maxAge": 1, "endDate": "2017-03-31", "cash": 427249543, "netReceivables": 267655274, "otherCurrentAssets": 27282751, "totalCurrentAssets": 729796728, "longTermInvestments": 489668688, "propertyPlantEquipment": 2908842, "goodWill": 509920882, "intangibleAssets": 25410081186, "otherAssets": 1133061841, "totalAssets": 28275438167, "accountsPayable": 4228163, "shortLongTermDebt": 101906285, "otherCurrentLiab": 675428865, "longTermDebt": 23645447158, "otherLiab": 3223795616, "totalCurrentLiabilities": 1252836777, "totalLiab": 28122079551, "commonStock": 479303800, "retainedEarnings": -569470689, "treasuryStock": 243525505, "otherStockholderEquity": 243525505, "totalStockholderEquity": 153358616, "netTangibleAssets": -25766643452}], "maxAge": 86400}, "financialData": {"maxAge": 86400, "currentPrice": 0.6, "recommendationKey": "none", "totalCash": 17923139584, "totalCashPerShare": 72.102, "ebitda": 517697472, "totalDebt": 9448729600, "totalRevenue": 748070592, "revenuePerShare": 3.151, "grossProfits": 695089298, "revenueGrowth": -0.486, "grossMargins": 1.0, "ebitdaMargins": 0.69204, "operatingMargins": 0.46196, "profitMargins": 0.0, "financialCurrency": "INR"}}}