{"GAYAPROJ.BO": {"recommendationTrend": {"trend": [{"period": "0m", "strongBuy": 0, "buy": 0, "hold": 0, "sell": 0, "strongSell": 0}, {"period": "-1m", "strongBuy": 0, "buy": 0, "hold": 0, "sell": 0, "strongSell": 0}, {"period": "-2m", "strongBuy": 0, "buy": 0, "hold": 0, "sell": 0, "strongSell": 0}, {"period": "-3m", "strongBuy": 0, "buy": 0, "hold": 0, "sell": 0, "strongSell": 0}], "maxAge": 86400}, "cashflowStatementHistory": {"cashflowStatements": [{"maxAge": 1, "endDate": "2020-03-31", "netIncome": -581127000, "depreciation": 909161000, "changeToNetincome": 4233203000, "changeToAccountReceivables": 1810003000, "changeToLiabilities": 1761719000, "changeToInventory": -2663656000, "changeToOperatingActivities": -1854599000, "totalCashFromOperatingActivities": 3614704000, "capitalExpenditures": -1206749000, "investments": 3896748000, "otherCashflowsFromInvestingActivities": 423062000, "totalCashflowsFromInvestingActivities": 3113061000, "netBorrowings": -3177429000, "otherCashflowsFromFinancingActivities": -3648800000, "totalCashFromFinancingActivities": -6826229000, "changeInCash": -98464000}, {"maxAge": 1, "endDate": "2019-03-31", "netIncome": 1601009000, "depreciation": 659061000, "changeToNetincome": 3220313000, "changeToAccountReceivables": -2593522000, "changeToLiabilities": 2464818000, "changeToInventory": -644575000, "changeToOperatingActivities": 449001000, "totalCashFromOperatingActivities": 5156105000, "capitalExpenditures": -1078311000, "investments": -144489000, "otherCashflowsFromInvestingActivities": 330293000, "totalCashflowsFromInvestingActivities": -892507000, "netBorrowings": -431414000, "otherCashflowsFromFinancingActivities": -3120138000, "totalCashFromFinancingActivities": -3551552000, "changeInCash": 712046000}, {"maxAge": 1, "endDate": "2018-03-31", "netIncome": -195084000, "depreciation": 546706000, "changeToNetincome": 3928740000, "changeToAccountReceivables": -3790659000, "changeToLiabilities": 1434821000, "changeToInventory": 670952000, "changeToOperatingActivities": -461708000, "totalCashFromOperatingActivities": 2133768000, "capitalExpenditures": -563634000, "investments": 719036000, "otherCashflowsFromInvestingActivities": -456866000, "totalCashflowsFromInvestingActivities": -298464000, "netBorrowings": -789470000, "otherCashflowsFromFinancingActivities": -2853700000, "totalCashFromFinancingActivities": -1643170000, "changeInCash": 192134000, "issuanceOfStock": 2000000000}, {"maxAge": 1, "endDate": "2017-03-31", "netIncome": -2997000, "depreciation": 431554000, "changeToNetincome": 2391049000, "changeToAccountReceivables": -1306554000, "changeToLiabilities": 2416467000, "changeToInventory": -2051676000, "changeToOperatingActivities": 463666000, "totalCashFromOperatingActivities": 2341509000, "capitalExpenditures": -1954304000, "investments": -262193000, "otherCashflowsFromInvestingActivities": 1568784000, "totalCashflowsFromInvestingActivities": -343638000, "dividendsPaid": -85335000, "netBorrowings": 281252000, "otherCashflowsFromFinancingActivities": -2362140000, "totalCashFromFinancingActivities": -2166223000, "changeInCash": -168352000, "issuanceOfStock": 2000000000}], "maxAge": 86400}, "institutionOwnership": {"ownershipList": [], "maxAge": 1}, "balanceSheetHistoryQuarterly": {"balanceSheetStatements": [{"maxAge": 1, "endDate": "2020-06-30", "totalStockholderEquity": 9102859000, "netTangibleAssets": 9102859000}, {"maxAge": 1, "endDate": "2020-03-31", "cash": 1183563000, "netReceivables": 22466038000, "inventory": 6237798000, "otherCurrentAssets": 8037652000, "totalCurrentAssets": 38146860000, "longTermInvestments": 5719421000, "propertyPlantEquipment": 4738124000, "otherAssets": 7988400000, "deferredLongTermAssetCharges": 50106000, "totalAssets": 56592805000, "accountsPayable": 10640751000, "shortLongTermDebt": 1519447000, "otherCurrentLiab": 1851591000, "longTermDebt": 6930227000, "otherLiab": 13175511000, "totalCurrentLiabilities": 27176546000, "totalLiab": 47489946000, "commonStock": 374397000, "retainedEarnings": 3963125000, "treasuryStock": 996970000, "capitalSurplus": 3768367000, "otherStockholderEquity": 996970000, "totalStockholderEquity": 9102859000, "netTangibleAssets": 9102859000}, {"maxAge": 1, "endDate": "2019-12-31", "totalStockholderEquity": 12004401000, "netTangibleAssets": 11782668000}, {"maxAge": 1, "endDate": "2019-09-30", "cash": 2866249000, "netReceivables": 12377315000, "inventory": 5125316000, "otherCurrentAssets": 17293753000, "totalCurrentAssets": 37662633000, "longTermInvestments": 11675761000, "propertyPlantEquipment": 4539818000, "goodWill": 221733000, "intangibleAssets": 221733000, "otherAssets": 8025145000, "totalAssets": 62125090000, "accountsPayable": 11859823000, "shortLongTermDebt": 3084770000, "otherCurrentLiab": 1001561000, "longTermDebt": 8542580000, "otherLiab": 14863637000, "totalCurrentLiabilities": 26714472000, "totalLiab": 50120689000, "commonStock": 374397000, "treasuryStock": 11630004000, "otherStockholderEquity": 11630004000, "totalStockholderEquity": 12004401000, "netTangibleAssets": 11782668000}], "maxAge": 86400}, "earningsHistory": {"history": [{"maxAge": 1, "epsActual": {}, "epsEstimate": {}, "epsDifference": {}, "surprisePercent": {}, "quarter": {}, "period": "-4q"}, {"maxAge": 1, "epsActual": {}, "epsEstimate": {}, "epsDifference": {}, "surprisePercent": {}, "quarter": {}, "period": "-3q"}, {"maxAge": 1, "epsActual": {}, "epsEstimate": {}, "epsDifference": {}, "surprisePercent": {}, "quarter": {}, "period": "-2q"}, {"maxAge": 1, "epsActual": 2.83, "epsEstimate": 2.16, "epsDifference": 0.67, "surprisePercent": 0.31, "quarter": "2018-06-30", "period": "-1q"}], "maxAge": 86400}, "indexTrend": {"maxAge": 1, "symbol": "SP5", "peRatio": 19.7411, "pegRatio": 1.34172, "estimates": [{"period": "0q", "growth": 0.549}, {"period": "+1q", "growth": 0.431}, {"period": "0y", "growth": 0.305}, {"period": "+1y", "growth": 0.109}, {"period": "+5y", "growth": 0.120865}, {"period": "-5y"}]}, "industryTrend": {"maxAge": 1, "symbol": null, "estimates": []}, "insiderTransactions": {"transactions": [{"maxAge": 1, "shares": 15044053, "filerUrl": "", "transactionText": "", "filerName": "GMO Emerging Domestic Opportunities Fund", "filerRelation": "Promoter", "moneyText": "", "startDate": "2020-10-13", "ownership": "D"}, {"maxAge": 1, "shares": 519500, "filerUrl": "", "transactionText": "", "filerName": "Tikkavarapu (Rajiv Reddy)", "filerRelation": "Promoter", "moneyText": "", "startDate": "2020-03-31", "ownership": "D"}, {"maxAge": 1, "shares": 711316, "filerUrl": "", "transactionText": "", "filerName": "GMO Emerging Domestic Opportunities Fund", "filerRelation": "Investment Advisor", "moneyText": "", "startDate": "2014-08-26", "ownership": "D"}, {"maxAge": 1, "shares": 2357000, "filerUrl": "", "transactionText": "", "filerName": "India Max Investment Fund Ltd", "filerRelation": "Institution- Corporation", "moneyText": "", "startDate": "2012-12-24", "ownership": "D"}, {"maxAge": 1, "shares": 80, "filerUrl": "", "transactionText": "", "filerName": "Tikkavarapu (Sarita Reddy)", "filerRelation": "Promoter", "moneyText": "", "startDate": "2012-03-31", "ownership": "D"}, {"maxAge": 1, "shares": 3084382, "filerUrl": "", "transactionText": "", "filerName": "Tikkavarapu (Sandeep Kumar Reddy)", "filerRelation": "Managing Director", "moneyText": "", "startDate": "2012-03-31", "ownership": "D"}, {"maxAge": 1, "shares": 5832116, "filerUrl": "", "transactionText": "", "filerName": "Tikkavarapu (Indira Subbaramireddy)", "filerRelation": "Non Executive Chairman", "moneyText": "", "startDate": "2012-03-31", "ownership": "D"}, {"maxAge": 1, "shares": 225, "filerUrl": "", "transactionText": "", "filerName": "Sulochanamma (G)", "filerRelation": "Promoter", "moneyText": "", "startDate": "2012-03-31", "ownership": "D"}, {"maxAge": 1, "shares": 225, "filerUrl": "", "transactionText": "", "filerName": "Reddy (Brij Mohan)", "filerRelation": "Executive Vice Chairman", "moneyText": "", "startDate": "2012-03-31", "ownership": "D"}, {"maxAge": 1, "shares": 100000, "filerUrl": "", "transactionText": "", "filerName": "Tikkavarapu (Sandeep Kumar Reddy)", "filerRelation": "Managing Director", "moneyText": "", "startDate": "2010-10-19", "ownership": "D"}, {"maxAge": 1, "shares": 1000000, "filerUrl": "", "transactionText": "", "filerName": "Reliance Capital Asset Management Ltd A/C PMS", "filerRelation": "UNREPORTED", "moneyText": "", "startDate": "2009-09-09", "ownership": "D"}], "maxAge": 1}, "quoteType": {"exchange": "BSE", "quoteType": "EQUITY", "symbol": "GAYAPROJ.BO", "underlyingSymbol": "GAYAPROJ.BO", "shortName": "GAYATRI PROJECTS LTD.", "longName": "Gayatri Projects Limited", "firstTradeDateEpochUtc": "2006-10-17 09:15:00", "timeZoneFullName": "Asia/Kolkata", "timeZoneShortName": "IST", "uuid": "3ffe86a4-db1d-35cd-8922-2bee10049693", "gmtOffSetMilliseconds": 19800000, "maxAge": 1}, "incomeStatementHistory": {"incomeStatementHistory": [{"maxAge": 1, "endDate": "2020-03-31", "totalRevenue": 34415987000, "costOfRevenue": 26578911000, "grossProfit": 7837076000, "researchDevelopment": {}, "sellingGeneralAdministrative": 2313836000, "nonRecurring": {}, "otherOperatingExpenses": 1549565000, "totalOperatingExpenses": 31351473000, "operatingIncome": 3064514000, "totalOtherIncomeExpenseNet": -3702119000, "ebit": 3064514000, "interestExpense": -3081670000, "incomeBeforeTax": -637605000, "incomeTaxExpense": -56478000, "minorityInterest": {}, "netIncomeFromContinuingOps": -581127000, "discontinuedOperations": {}, "extraordinaryItems": {}, "effectOfAccountingCharges": {}, "otherItems": {}, "netIncome": -581127000, "netIncomeApplicableToCommonShares": -581127000}, {"maxAge": 1, "endDate": "2019-03-31", "totalRevenue": 34697788000, "costOfRevenue": 26570041000, "grossProfit": 8127747000, "researchDevelopment": {}, "sellingGeneralAdministrative": 1873288000, "nonRecurring": {}, "otherOperatingExpenses": 741416000, "totalOperatingExpenses": 29843806000, "operatingIncome": 4853982000, "totalOtherIncomeExpenseNet": -3003588000, "ebit": 4853982000, "interestExpense": -2740284000, "incomeBeforeTax": 1850394000, "incomeTaxExpense": 249385000, "minorityInterest": {}, "netIncomeFromContinuingOps": 1601009000, "discontinuedOperations": {}, "extraordinaryItems": {}, "effectOfAccountingCharges": {}, "otherItems": {}, "netIncome": 1601009000, "netIncomeApplicableToCommonShares": 1601009000}, {"maxAge": 1, "endDate": "2018-03-31", "totalRevenue": 29174015000, "costOfRevenue": 21926627000, "grossProfit": 7247388000, "researchDevelopment": {}, "sellingGeneralAdministrative": 1395439000, "nonRecurring": {}, "otherOperatingExpenses": 943264000, "totalOperatingExpenses": 24812036000, "operatingIncome": 4361979000, "totalOtherIncomeExpenseNet": -4612522000, "ebit": 4361979000, "interestExpense": -2821236000, "incomeBeforeTax": -250543000, "incomeTaxExpense": -55459000, "minorityInterest": {}, "netIncomeFromContinuingOps": -195084000, "discontinuedOperations": {}, "extraordinaryItems": {}, "effectOfAccountingCharges": {}, "otherItems": {}, "netIncome": -195084000, "netIncomeApplicableToCommonShares": -195084000}, {"maxAge": 1, "endDate": "2017-03-31", "totalRevenue": 21266412000, "costOfRevenue": 15744292000, "grossProfit": 5522120000, "researchDevelopment": {}, "sellingGeneralAdministrative": 994297000, "nonRecurring": {}, "otherOperatingExpenses": 1184882000, "totalOperatingExpenses": 18355025000, "operatingIncome": 2911387000, "totalOtherIncomeExpenseNet": -2677868000, "ebit": 2911387000, "interestExpense": -2970822000, "incomeBeforeTax": 233519000, "incomeTaxExpense": 236516000, "minorityInterest": {}, "netIncomeFromContinuingOps": -2997000, "discontinuedOperations": {}, "extraordinaryItems": {}, "effectOfAccountingCharges": {}, "otherItems": {}, "netIncome": -2997000, "netIncomeApplicableToCommonShares": -2995000}], "maxAge": 86400}, "fundOwnership": {"ownershipList": [{"maxAge": 1, "reportDate": "2020-05-31", "organization": "GMO Emerging Markets Fund", "pctHeld": 0.0896, "position": 16772852, "value": 226768959}, {"maxAge": 1, "reportDate": "2020-05-31", "organization": "GMO Emerging Domestic Opportunities Fund", "pctHeld": 0.059, "position": 11052457, "value": 149429218}], "maxAge": 1}, "summaryDetail": {"maxAge": 1, "priceHint": 2, "previousClose": 28.25, "open": 28.0, "dayLow": 27.65, "dayHigh": 29.1, "regularMarketPreviousClose": 28.25, "regularMarketOpen": 28.0, "regularMarketDayLow": 27.65, "regularMarketDayHigh": 29.1, "forwardPE": 1.0068321, "volume": 25285, "regularMarketVolume": 25285, "averageVolume": 162619, "averageVolume10days": 50002, "averageDailyVolume10Day": 50002, "bid": 28.0, "ask": 28.7, "bidSize": 0, "askSize": 0, "marketCap": 5241572352, "fiftyTwoWeekLow": 7.75, "fiftyTwoWeekHigh": 48.6, "fiftyDayAverage": 41.45, "twoHundredDayAverage": 25.812426, "trailingAnnualDividendRate": 2.0, "trailingAnnualDividendYield": 0.07079646, "currency": "INR", "fromCurrency": null, "lastMarket": null, "algorithm": null, "tradeable": false}, "sectorTrend": {"maxAge": 1, "symbol": null, "estimates": []}, "incomeStatementHistoryQuarterly": {"incomeStatementHistory": [{"maxAge": 1, "endDate": "2020-06-30", "totalRevenue": 6682318000, "costOfRevenue": 5233121000, "grossProfit": 1449197000, "researchDevelopment": {}, "sellingGeneralAdministrative": 347318000, "nonRecurring": {}, "otherOperatingExpenses": 254238000, "totalOperatingExpenses": 6052121000, "operatingIncome": 630197000, "totalOtherIncomeExpenseNet": -783018000, "ebit": 630197000, "interestExpense": -781928000, "incomeBeforeTax": -152821000, "incomeTaxExpense": -15124000, "minorityInterest": {}, "netIncomeFromContinuingOps": -137697000, "discontinuedOperations": {}, "extraordinaryItems": {}, "effectOfAccountingCharges": {}, "otherItems": {}, "netIncome": -137697000, "netIncomeApplicableToCommonShares": -137697000}, {"maxAge": 1, "endDate": "2020-03-31", "totalRevenue": 9093789000, "costOfRevenue": 6987462000, "grossProfit": 2106327000, "researchDevelopment": {}, "sellingGeneralAdministrative": 1212948000, "nonRecurring": {}, "otherOperatingExpenses": 152377000, "totalOperatingExpenses": 8675841000, "operatingIncome": 417948000, "totalOtherIncomeExpenseNet": -1284319000, "ebit": 417948000, "interestExpense": -779292000, "incomeBeforeTax": -866371000, "incomeTaxExpense": -56478000, "minorityInterest": {}, "netIncomeFromContinuingOps": -809893000, "discontinuedOperations": {}, "extraordinaryItems": {}, "effectOfAccountingCharges": {}, "otherItems": {}, "netIncome": -809893000, "netIncomeApplicableToCommonShares": -809893000}, {"maxAge": 1, "endDate": "2019-12-31", "totalRevenue": 8471821000, "costOfRevenue": 6560546000, "grossProfit": 1911275000, "researchDevelopment": {}, "sellingGeneralAdministrative": 371686000, "nonRecurring": {}, "otherOperatingExpenses": 789922000, "totalOperatingExpenses": 7921146000, "operatingIncome": 550675000, "totalOtherIncomeExpenseNet": -852610000, "ebit": 550675000, "interestExpense": -851251000, "incomeBeforeTax": -301935000, "incomeTaxExpense": -265086000, "minorityInterest": {}, "netIncomeFromContinuingOps": -36849000, "discontinuedOperations": {}, "extraordinaryItems": {}, "effectOfAccountingCharges": {}, "otherItems": {}, "netIncome": -36849000, "netIncomeApplicableToCommonShares": -36849000}, {"maxAge": 1, "endDate": "2019-09-30", "totalRevenue": 6993250000, "costOfRevenue": 5270486000, "grossProfit": 1722764000, "researchDevelopment": {}, "sellingGeneralAdministrative": 371766000, "nonRecurring": {}, "otherOperatingExpenses": 411391000, "totalOperatingExpenses": 6248485000, "operatingIncome": 744765000, "totalOtherIncomeExpenseNet": -855233000, "ebit": 744765000, "interestExpense": -746115000, "incomeBeforeTax": -110468000, "incomeTaxExpense": 104760000, "minorityInterest": {}, "netIncomeFromContinuingOps": -215228000, "discontinuedOperations": {}, "extraordinaryItems": {}, "effectOfAccountingCharges": {}, "otherItems": {}, "netIncome": -215228000, "netIncomeApplicableToCommonShares": -215228000}], "maxAge": 86400}, "cashflowStatementHistoryQuarterly": {"cashflowStatements": [{"maxAge": 1, "endDate": "2020-06-30", "netIncome": -137697000, "changeToLiabilities": 0}, {"maxAge": 1, "endDate": "2020-03-31", "netIncome": -809893000, "changeToLiabilities": 0}, {"maxAge": 1, "endDate": "2019-12-31", "netIncome": -36849000, "changeToLiabilities": 0}, {"maxAge": 1, "endDate": "2019-09-30", "netIncome": -215228000, "changeToLiabilities": 0}], "maxAge": 86400}, "insiderHolders": {"holders": [{"maxAge": 1, "name": "GMO Emerging Domestic Opportunities Fund", "relation": "Promoter", "url": "", "transactionDescription": "Sale", "latestTransDate": "2020-10-13", "positionDirect": 17203185, "positionDirectDate": "2020-10-13"}, {"maxAge": 1, "name": "India Max Investment Fund Ltd", "relation": "Institution- Corporation", "url": "", "transactionDescription": "Acquisition", "latestTransDate": "2012-12-24", "positionDirect": 2357000, "positionDirectDate": "2012-12-24"}, {"maxAge": 1, "name": "Reddy (Brij Mohan)", "relation": "Executive Vice Chairman", "url": "", "transactionDescription": "Acquisition", "latestTransDate": "2012-03-31", "positionDirect": 450, "positionDirectDate": "2012-03-31"}, {"maxAge": 1, "name": "Reliance Capital Asset Management Ltd A/C PMS", "relation": "UNREPORTED", "url": "", "transactionDescription": "Acquisition", "latestTransDate": "2009-09-09", "positionDirect": 1000000, "positionDirectDate": "2009-09-09"}, {"maxAge": 1, "name": "Sulochanamma (G)", "relation": "Promoter", "url": "", "transactionDescription": "Acquisition", "latestTransDate": "2012-03-31", "positionDirect": 450, "positionDirectDate": "2012-03-31"}, {"maxAge": 1, "name": "Tikkavarapu (Indira Subbaramireddy)", "relation": "Non Executive Chairman", "url": "", "transactionDescription": "Acquisition", "latestTransDate": "2012-03-31", "positionDirect": 10630932, "positionDirectDate": "2012-03-31"}, {"maxAge": 1, "name": "Tikkavarapu (Rajiv Reddy)", "relation": "Promoter", "url": "", "transactionDescription": "Acquisition", "latestTransDate": "2020-03-31", "positionDirect": 519500, "positionDirectDate": "2020-03-31"}, {"maxAge": 1, "name": "Tikkavarapu (Sandeep Kumar Reddy)", "relation": "Managing Director", "url": "", "transactionDescription": "Acquisition", "latestTransDate": "2012-03-31", "positionDirect": 4579544, "positionDirectDate": "2012-03-31"}, {"maxAge": 1, "name": "Tikkavarapu (Sarita Reddy)", "relation": "Promoter", "url": "", "transactionDescription": "Acquisition", "latestTransDate": "2012-03-31", "positionDirect": 160, "positionDirectDate": "2012-03-31"}], "maxAge": 1}, "earnings": {"maxAge": 86400, "earningsChart": {"quarterly": [{"date": "2Q2018", "actual": 2.83, "estimate": 2.16}], "currentQuarterEstimateDate": "3Q", "currentQuarterEstimateYear": 2018, "earningsDate": []}, "financialsChart": {"yearly": [{"date": 2017, "revenue": 21266412000, "earnings": -2997000}, {"date": 2018, "revenue": 29174015000, "earnings": -195084000}, {"date": 2019, "revenue": 34697788000, "earnings": 1601009000}, {"date": 2020, "revenue": 34415987000, "earnings": -581127000}], "quarterly": [{"date": "3Q2019", "revenue": 6993250000, "earnings": -215228000}, {"date": "4Q2019", "revenue": 8471821000, "earnings": -36849000}, {"date": "1Q2020", "revenue": 9093789000, "earnings": -809893000}, {"date": "2Q2020", "revenue": 6682318000, "earnings": -137697000}]}, "financialCurrency": "INR"}, "calendarEvents": {"maxAge": 1, "earnings": {"earningsDate": [], "revenueAverage": 6113430000, "revenueLow": 5699000000, "revenueHigh": 5699000000}}, "upgradeDowngradeHistory": {"history": [], "maxAge": 86400}, "price": {"maxAge": 1, "regularMarketChangePercent": -0.0088495575, "regularMarketChange": -0.25, "regularMarketTime": "2021-04-30 15:25:20", "priceHint": 2, "regularMarketPrice": 28.0, "regularMarketDayHigh": 29.1, "regularMarketDayLow": 27.65, "regularMarketVolume": 25285, "averageDailyVolume10Day": 50002, "averageDailyVolume3Month": 162619, "regularMarketPreviousClose": 28.25, "regularMarketSource": "FREE_REALTIME", "regularMarketOpen": 28.0, "exchange": "BSE", "exchangeName": "BSE", "exchangeDataDelayedBy": 0, "marketState": "CLOSED", "quoteType": "EQUITY", "symbol": "GAYAPROJ.BO", "underlyingSymbol": null, "shortName": "GAYATRI PROJECTS LTD.", "longName": "Gayatri Projects Limited", "currency": "INR", "quoteSourceName": "Delayed Quote", "currencySymbol": "\u20b9", "fromCurrency": null, "lastMarket": null, "marketCap": 5241572352}, "balanceSheetHistory": {"balanceSheetStatements": [{"maxAge": 1, "endDate": "2020-03-31", "cash": 1183563000, "netReceivables": 22466038000, "inventory": 6237798000, "otherCurrentAssets": 8037652000, "totalCurrentAssets": 38146860000, "longTermInvestments": 5719421000, "propertyPlantEquipment": 4738124000, "otherAssets": 7988400000, "deferredLongTermAssetCharges": 50106000, "totalAssets": 56592805000, "accountsPayable": 10640751000, "shortLongTermDebt": 1519447000, "otherCurrentLiab": 1851591000, "longTermDebt": 6930227000, "otherLiab": 13175511000, "totalCurrentLiabilities": 27176546000, "totalLiab": 47489946000, "commonStock": 374397000, "retainedEarnings": 3963125000, "treasuryStock": 996970000, "capitalSurplus": 3768367000, "otherStockholderEquity": 996970000, "totalStockholderEquity": 9102859000, "netTangibleAssets": 9102859000}, {"maxAge": 1, "endDate": "2019-03-31", "cash": 1282027000, "netReceivables": 20920844000, "inventory": 3574142000, "otherCurrentAssets": 10328836000, "totalCurrentAssets": 36363294000, "longTermInvestments": 12013261000, "propertyPlantEquipment": 4455674000, "goodWill": 718000, "otherAssets": 8033650000, "totalAssets": 60866597000, "accountsPayable": 8879032000, "shortLongTermDebt": 2388354000, "otherCurrentLiab": 1778690000, "longTermDebt": 10313728000, "otherLiab": 15031590000, "totalCurrentLiabilities": 23787612000, "totalLiab": 49132930000, "commonStock": 374397000, "retainedEarnings": 4543877000, "treasuryStock": 3047026000, "capitalSurplus": 3768367000, "otherStockholderEquity": 3047026000, "totalStockholderEquity": 11733667000, "netTangibleAssets": 11732949000}, {"maxAge": 1, "endDate": "2018-03-31", "cash": 569980000, "netReceivables": 18049070000, "inventory": 2929567000, "otherCurrentAssets": 10575472000, "totalCurrentAssets": 32292357000, "longTermInvestments": 11975105000, "propertyPlantEquipment": 4036294000, "goodWill": 222015000, "otherAssets": 4081927000, "totalAssets": 52607698000, "accountsPayable": 8042742000, "shortLongTermDebt": 2093933000, "otherCurrentLiab": 68506000, "longTermDebt": 11438086000, "otherLiab": 10455896000, "totalCurrentLiabilities": 20611750000, "totalLiab": 42505732000, "commonStock": 374397000, "retainedEarnings": 2942809000, "treasuryStock": 3016393000, "capitalSurplus": 3768367000, "otherStockholderEquity": 3016393000, "totalStockholderEquity": 10101966000, "netTangibleAssets": 9879951000}, {"maxAge": 1, "endDate": "2017-03-31", "cash": 1970409000, "netReceivables": 9490625000, "inventory": 3600519000, "otherCurrentAssets": 9953016000, "totalCurrentAssets": 25089529000, "longTermInvestments": 9779449000, "propertyPlantEquipment": 4019366000, "goodWill": 222015000, "otherAssets": 5320407000, "totalAssets": 44430766000, "accountsPayable": 6607921000, "shortLongTermDebt": 2620849000, "otherCurrentLiab": 26992000, "longTermDebt": 9776980000, "otherLiab": 9569033000, "totalCurrentLiabilities": 19970239000, "totalLiab": 39316252000, "commonStock": 354504000, "retainedEarnings": 2868472000, "treasuryStock": 10092000, "capitalSurplus": 1881446000, "otherStockholderEquity": 10092000, "totalStockholderEquity": 5114514000, "netTangibleAssets": 4892499000}], "maxAge": 86400}, "earningsTrend": {"trend": [{"maxAge": 1, "period": "0q", "endDate": "2018-09-30", "growth": {}, "earningsEstimate": {"avg": 0.0, "low": 0.0, "high": 0.0, "yearAgoEps": {}, "numberOfAnalysts": 0, "growth": {}}, "revenueEstimate": {"avg": 6113430000, "low": 5699000000, "high": 5699000000, "numberOfAnalysts": 1, "yearAgoRevenue": 4241270000, "growth": 0.44099998}, "epsTrend": {"current": 0.0, "7daysAgo": 0.0, "30daysAgo": 0.0, "60daysAgo": 0.0, "90daysAgo": 0.0}, "epsRevisions": {"upLast7days": 0, "upLast30days": 0, "downLast30days": 0, "downLast90days": {}}}, {"maxAge": 1, "period": "+1q", "endDate": "2018-12-31", "growth": {}, "earningsEstimate": {"avg": 0.0, "low": 0.0, "high": 0.0, "yearAgoEps": {}, "numberOfAnalysts": 0, "growth": {}}, "revenueEstimate": {"avg": 0, "low": 0, "high": 0, "numberOfAnalysts": 0, "yearAgoRevenue": {}, "growth": {}}, "epsTrend": {"current": 0.0, "7daysAgo": 0.0, "30daysAgo": 0.0, "60daysAgo": 0.0, "90daysAgo": 0.0}, "epsRevisions": {"upLast7days": 0, "upLast30days": 0, "downLast30days": 0, "downLast90days": {}}}, {"maxAge": 1, "period": "0y", "endDate": "2019-03-31", "growth": {}, "earningsEstimate": {"avg": 0.0, "low": 0.0, "high": 0.0, "yearAgoEps": {}, "numberOfAnalysts": 0, "growth": {}}, "revenueEstimate": {"avg": 38516000000, "low": 37228000000, "high": 39680000000, "numberOfAnalysts": 3, "yearAgoRevenue": 29123100000, "growth": 0.32299998}, "epsTrend": {"current": 0.0, "7daysAgo": 13.3, "30daysAgo": 13.3, "60daysAgo": 13.3, "90daysAgo": 13.3}, "epsRevisions": {"upLast7days": 0, "upLast30days": 1, "downLast30days": 0, "downLast90days": {}}}, {"maxAge": 1, "period": "+1y", "endDate": "2020-03-31", "growth": {}, "earningsEstimate": {"avg": 0.0, "low": 0.0, "high": 0.0, "yearAgoEps": {}, "numberOfAnalysts": 0, "growth": {}}, "revenueEstimate": {"avg": 45062700000, "low": 42805000000, "high": 46942000000, "numberOfAnalysts": 3, "yearAgoRevenue": 38516000000, "growth": 0.17}, "epsTrend": {"current": 0.0, "7daysAgo": 14.73, "30daysAgo": 14.73, "60daysAgo": 14.73, "90daysAgo": 14.73}, "epsRevisions": {"upLast7days": 0, "upLast30days": 1, "downLast30days": 0, "downLast90days": {}}}, {"maxAge": 1, "period": "+5y", "endDate": null, "growth": {}, "earningsEstimate": {"avg": {}, "low": {}, "high": {}, "yearAgoEps": {}, "numberOfAnalysts": {}, "growth": {}}, "revenueEstimate": {"avg": {}, "low": {}, "high": {}, "numberOfAnalysts": {}, "yearAgoRevenue": {}, "growth": {}}, "epsTrend": {"current": {}, "7daysAgo": {}, "30daysAgo": {}, "60daysAgo": {}, "90daysAgo": {}}, "epsRevisions": {"upLast7days": {}, "upLast30days": {}, "downLast30days": {}, "downLast90days": {}}}, {"maxAge": 1, "period": "-5y", "endDate": null, "growth": {}, "earningsEstimate": {"avg": {}, "low": {}, "high": {}, "yearAgoEps": {}, "numberOfAnalysts": {}, "growth": {}}, "revenueEstimate": {"avg": {}, "low": {}, "high": {}, "numberOfAnalysts": {}, "yearAgoRevenue": {}, "growth": {}}, "epsTrend": {"current": {}, "7daysAgo": {}, "30daysAgo": {}, "60daysAgo": {}, "90daysAgo": {}}, "epsRevisions": {"upLast7days": {}, "upLast30days": {}, "downLast30days": {}, "downLast90days": {}}}], "maxAge": 1}, "financialData": {"maxAge": 86400, "currentPrice": 28.0, "targetHighPrice": 221.0, "targetLowPrice": 186.0, "targetMeanPrice": 205.33, "targetMedianPrice": 209.0, "recommendationKey": "none", "numberOfAnalystOpinions": 3, "grossProfits": 7837076000, "financialCurrency": "INR"}}}