{"GAYATRI.BO": {"cashflowStatementHistory": {"cashflowStatements": [{"maxAge": 1, "endDate": "2020-03-31", "netIncome": -277229000, "depreciation": 103404000, "changeToNetincome": 241116000, "changeToAccountReceivables": 152473000, "changeToLiabilities": -553338000, "changeToInventory": 445804000, "changeToOperatingActivities": 143894000, "totalCashFromOperatingActivities": 256226000, "capitalExpenditures": -309000, "otherCashflowsFromInvestingActivities": 13785000, "totalCashflowsFromInvestingActivities": 13476000, "netBorrowings": -62836000, "otherCashflowsFromFinancingActivities": -211099000, "totalCashFromFinancingActivities": -273935000, "changeInCash": -4233000}, {"maxAge": 1, "endDate": "2019-03-31", "netIncome": -194666000, "depreciation": 101580000, "changeToNetincome": 234681000, "changeToAccountReceivables": -187368000, "changeToLiabilities": 778443000, "changeToInventory": -276178000, "changeToOperatingActivities": -118964000, "totalCashFromOperatingActivities": 337538000, "capitalExpenditures": -12599000, "otherCashflowsFromInvestingActivities": -13264000, "totalCashflowsFromInvestingActivities": -25863000, "netBorrowings": -110226000, "otherCashflowsFromFinancingActivities": -278541000, "totalCashFromFinancingActivities": -388767000, "changeInCash": -77092000}, {"maxAge": 1, "endDate": "2018-03-31", "netIncome": 129550000, "depreciation": 100685000, "changeToNetincome": 200706000, "changeToAccountReceivables": 70339000, "changeToLiabilities": 325748000, "changeToInventory": -521514000, "changeToOperatingActivities": 68531000, "totalCashFromOperatingActivities": 374111000, "capitalExpenditures": -41428000, "otherCashflowsFromInvestingActivities": -79000, "totalCashflowsFromInvestingActivities": -41507000, "netBorrowings": -150331000, "otherCashflowsFromFinancingActivities": -169419000, "totalCashFromFinancingActivities": -319750000, "changeInCash": 12854000}, {"maxAge": 1, "endDate": "2017-03-31", "netIncome": 106100000, "depreciation": 99348000, "changeToNetincome": 205919000, "changeToAccountReceivables": -110794000, "changeToLiabilities": -743094000, "changeToInventory": 918313000, "changeToOperatingActivities": -114495000, "totalCashFromOperatingActivities": 361315000, "capitalExpenditures": -10877000, "investments": -151000, "otherCashflowsFromInvestingActivities": -367000, "totalCashflowsFromInvestingActivities": -11395000, "netBorrowings": -42462000, "otherCashflowsFromFinancingActivities": -232909000, "totalCashFromFinancingActivities": -275371000, "changeInCash": 74549000}], "maxAge": 86400}, "institutionOwnership": {"maxAge": 1, "ownershipList": []}, "balanceSheetHistoryQuarterly": {"balanceSheetStatements": [{"maxAge": 1, "endDate": "2020-06-30", "totalStockholderEquity": -1231067000, "netTangibleAssets": -1231078000}, {"maxAge": 1, "endDate": "2020-03-31", "cash": 17155000, "netReceivables": 153519000, "inventory": 757456000, "otherCurrentAssets": 66286000, "totalCurrentAssets": 1002820000, "propertyPlantEquipment": 963067000, "intangibleAssets": 11000, "otherAssets": 8093000, "totalAssets": 1973991000, "accountsPayable": 653129000, "shortLongTermDebt": 453368000, "otherCurrentLiab": 91234000, "longTermDebt": 781025000, "otherLiab": 43912000, "totalCurrentLiabilities": 2380121000, "totalLiab": 3205058000, "commonStock": 437005000, "retainedEarnings": -1683637000, "treasuryStock": -6019000, "capitalSurplus": 21584000, "otherStockholderEquity": -6019000, "totalStockholderEquity": -1231067000, "netTangibleAssets": -1231078000}, {"maxAge": 1, "endDate": "2019-12-31", "totalStockholderEquity": -1256390000, "netTangibleAssets": -1256400000}, {"maxAge": 1, "endDate": "2019-09-30", "cash": 7602000, "netReceivables": 66253000, "inventory": 95179000, "otherCurrentAssets": 140050000, "totalCurrentAssets": 309084000, "propertyPlantEquipment": 1009346000, "intangibleAssets": 10000, "otherAssets": 21019000, "totalAssets": 1339459000, "accountsPayable": 61072000, "shortLongTermDebt": 780442000, "otherCurrentLiab": 231086000, "longTermDebt": 791814000, "otherLiab": 43437000, "totalCurrentLiabilities": 1760598000, "totalLiab": 2595849000, "commonStock": 437005000, "treasuryStock": -1693395000, "otherStockholderEquity": -1693395000, "totalStockholderEquity": -1256390000, "netTangibleAssets": -1256400000}], "maxAge": 86400}, "indexTrend": {"maxAge": 1, "symbol": "SP5", "peRatio": 19.7411, "pegRatio": 1.34172, "estimates": [{"period": "0q", "growth": 0.549}, {"period": "+1q", "growth": 0.431}, {"period": "0y", "growth": 0.305}, {"period": "+1y", "growth": 0.109}, {"period": "+5y", "growth": 0.120859005}, {"period": "-5y"}]}, "quoteType": {"exchange": "BSE", "quoteType": "EQUITY", "symbol": "GAYATRI.BO", "underlyingSymbol": "GAYATRI.BO", "shortName": "GAYATRI SUGARS LTD.", "longName": "Gayatri Sugars Limited", "firstTradeDateEpochUtc": "2005-05-16 09:15:00", "timeZoneFullName": "Asia/Kolkata", "timeZoneShortName": "IST", "uuid": "60812b00-7706-3dd8-b21d-b50370d606be", "messageBoardId": null, "gmtOffSetMilliseconds": 19800000, "maxAge": 1}, "incomeStatementHistory": {"incomeStatementHistory": [{"maxAge": 1, "endDate": "2020-03-31", "totalRevenue": 2817258000, "costOfRevenue": 2246990000, "grossProfit": 570268000, "researchDevelopment": {}, "sellingGeneralAdministrative": 192953000, "nonRecurring": {}, "otherOperatingExpenses": 309016000, "totalOperatingExpenses": 2853445000, "operatingIncome": -36187000, "totalOtherIncomeExpenseNet": -241042000, "ebit": -36187000, "interestExpense": -241267000, "incomeBeforeTax": -277229000, "incomeTaxExpense": 0, "minorityInterest": {}, "netIncomeFromContinuingOps": -277229000, "discontinuedOperations": {}, "extraordinaryItems": {}, "effectOfAccountingCharges": {}, "otherItems": {}, "netIncome": -277229000, "netIncomeApplicableToCommonShares": -277229000}, {"maxAge": 1, "endDate": "2019-03-31", "totalRevenue": 3116793000, "costOfRevenue": 2431408000, "grossProfit": 685385000, "researchDevelopment": {}, "sellingGeneralAdministrative": 183301000, "nonRecurring": {}, "otherOperatingExpenses": 360541000, "totalOperatingExpenses": 3076840000, "operatingIncome": 39953000, "totalOtherIncomeExpenseNet": -234619000, "ebit": 39953000, "interestExpense": -235114000, "incomeBeforeTax": -194666000, "incomeTaxExpense": 0, "minorityInterest": {}, "netIncomeFromContinuingOps": -194666000, "discontinuedOperations": {}, "extraordinaryItems": {}, "effectOfAccountingCharges": {}, "otherItems": {}, "netIncome": -194666000, "netIncomeApplicableToCommonShares": -194666000}, {"maxAge": 1, "endDate": "2018-03-31", "totalRevenue": 2508865000, "costOfRevenue": 1626382000, "grossProfit": 882483000, "researchDevelopment": {}, "sellingGeneralAdministrative": 168127000, "nonRecurring": {}, "otherOperatingExpenses": 283349000, "totalOperatingExpenses": 2178609000, "operatingIncome": 330256000, "totalOtherIncomeExpenseNet": -200706000, "ebit": 330256000, "interestExpense": -200781000, "incomeBeforeTax": 129550000, "incomeTaxExpense": 0, "minorityInterest": {}, "netIncomeFromContinuingOps": 129550000, "discontinuedOperations": {}, "extraordinaryItems": {}, "effectOfAccountingCharges": {}, "otherItems": {}, "netIncome": 129550000, "netIncomeApplicableToCommonShares": 99835000}, {"maxAge": 1, "endDate": "2017-03-31", "totalRevenue": 2417867000, "costOfRevenue": 1624125000, "grossProfit": 793742000, "researchDevelopment": {}, "sellingGeneralAdministrative": 157198000, "nonRecurring": {}, "otherOperatingExpenses": 240215000, "totalOperatingExpenses": 2120904000, "operatingIncome": 296963000, "totalOtherIncomeExpenseNet": -190863000, "ebit": 296963000, "interestExpense": -202573000, "incomeBeforeTax": 106100000, "incomeTaxExpense": 0, "minorityInterest": {}, "netIncomeFromContinuingOps": 106100000, "discontinuedOperations": {}, "extraordinaryItems": {}, "effectOfAccountingCharges": {}, "otherItems": {}, "netIncome": 106100000, "netIncomeApplicableToCommonShares": 83272000}], "maxAge": 86400}, "fundOwnership": {"maxAge": 1, "ownershipList": []}, "summaryDetail": {"maxAge": 1, "priceHint": 4, "previousClose": 1.87, "open": 1.9, "dayLow": 1.9, "dayHigh": 1.96, "regularMarketPreviousClose": 1.87, "regularMarketOpen": 1.9, "regularMarketDayLow": 1.9, "regularMarketDayHigh": 1.96, "volume": 11325, "regularMarketVolume": 11325, "averageVolume": 17352, "averageVolume10days": 15888, "averageDailyVolume10Day": 15888, "bid": 1.96, "ask": 0.0, "bidSize": 0, "askSize": 0, "marketCap": 85659056, "fiftyTwoWeekLow": 0.41, "fiftyTwoWeekHigh": 2.58, "fiftyDayAverage": 2.0677142, "twoHundredDayAverage": 1.7723358, "currency": "INR", "fromCurrency": null, "toCurrency": null, "lastMarket": null, "algorithm": null, "tradeable": false}, "incomeStatementHistoryQuarterly": {"incomeStatementHistory": [{"maxAge": 1, "endDate": "2020-06-30", "totalRevenue": 627179000, "costOfRevenue": 549362000, "grossProfit": 77817000, "researchDevelopment": {}, "sellingGeneralAdministrative": 44038000, "nonRecurring": {}, "otherOperatingExpenses": 50000000, "totalOperatingExpenses": 669092000, "operatingIncome": -41913000, "totalOtherIncomeExpenseNet": -60017000, "ebit": -41913000, "interestExpense": -60017000, "incomeBeforeTax": -101930000, "incomeTaxExpense": 0, "minorityInterest": {}, "netIncomeFromContinuingOps": -101930000, "discontinuedOperations": {}, "extraordinaryItems": {}, "effectOfAccountingCharges": {}, "otherItems": {}, "netIncome": -101930000, "netIncomeApplicableToCommonShares": -101930000}, {"maxAge": 1, "endDate": "2020-03-31", "totalRevenue": 1173366000, "costOfRevenue": 815208000, "grossProfit": 358158000, "researchDevelopment": {}, "sellingGeneralAdministrative": 56011000, "nonRecurring": {}, "otherOperatingExpenses": 78369000, "totalOperatingExpenses": 976825000, "operatingIncome": 196541000, "totalOtherIncomeExpenseNet": -62808000, "ebit": 196541000, "interestExpense": -63033000, "incomeBeforeTax": 133733000, "incomeTaxExpense": 0, "minorityInterest": {}, "netIncomeFromContinuingOps": 133733000, "discontinuedOperations": {}, "extraordinaryItems": {}, "effectOfAccountingCharges": {}, "otherItems": {}, "netIncome": 133733000, "netIncomeApplicableToCommonShares": 133733000}, {"maxAge": 1, "endDate": "2019-12-31", "totalRevenue": 392366000, "costOfRevenue": 265780000, "grossProfit": 126586000, "researchDevelopment": {}, "sellingGeneralAdministrative": 50755000, "nonRecurring": {}, "otherOperatingExpenses": 102697000, "totalOperatingExpenses": 439358000, "operatingIncome": -46992000, "totalOtherIncomeExpenseNet": -57523000, "ebit": -46992000, "interestExpense": -57523000, "incomeBeforeTax": -104515000, "incomeTaxExpense": 0, "minorityInterest": {}, "netIncomeFromContinuingOps": -104515000, "discontinuedOperations": {}, "extraordinaryItems": {}, "effectOfAccountingCharges": {}, "otherItems": {}, "netIncome": -104515000, "netIncomeApplicableToCommonShares": -104515000}, {"maxAge": 1, "endDate": "2019-09-30", "totalRevenue": 148553000, "costOfRevenue": 150437000, "grossProfit": -1884000, "researchDevelopment": {}, "sellingGeneralAdministrative": 43297000, "nonRecurring": {}, "otherOperatingExpenses": 54619000, "totalOperatingExpenses": 278517000, "operatingIncome": -129964000, "totalOtherIncomeExpenseNet": -59532000, "ebit": -129964000, "interestExpense": -59532000, "incomeBeforeTax": -189496000, "incomeTaxExpense": 0, "minorityInterest": {}, "netIncomeFromContinuingOps": -189496000, "discontinuedOperations": {}, "extraordinaryItems": {}, "effectOfAccountingCharges": {}, "otherItems": {}, "netIncome": -189496000, "netIncomeApplicableToCommonShares": -189496000}], "maxAge": 86400}, "cashflowStatementHistoryQuarterly": {"cashflowStatements": [{"maxAge": 1, "endDate": "2020-06-30", "netIncome": -101930000, "changeToLiabilities": 0}, {"maxAge": 1, "endDate": "2020-03-31", "netIncome": 133733000, "changeToLiabilities": 0}, {"maxAge": 1, "endDate": "2019-12-31", "netIncome": -104515000, "changeToLiabilities": 0}, {"maxAge": 1, "endDate": "2019-09-30", "netIncome": -189496000, "changeToLiabilities": 0}], "maxAge": 86400}, "insiderHolders": {"holders": [], "maxAge": 1}, "calendarEvents": {"maxAge": 1, "earnings": {"earningsDate": ["2020-09-14 05:30:S"]}}, "price": {"maxAge": 1, "regularMarketChangePercent": 0.048128355, "regularMarketChange": 0.09000003, "regularMarketTime": "2021-04-30 14:15:00", "priceHint": 4, "regularMarketPrice": 1.96, "regularMarketDayHigh": 1.96, "regularMarketDayLow": 1.9, "regularMarketVolume": 11325, "averageDailyVolume10Day": 15888, "averageDailyVolume3Month": 17352, "regularMarketPreviousClose": 1.87, "regularMarketSource": "FREE_REALTIME", "regularMarketOpen": 1.9, "exchange": "BSE", "exchangeName": "BSE", "exchangeDataDelayedBy": 0, "marketState": "CLOSED", "quoteType": "EQUITY", "symbol": "GAYATRI.BO", "underlyingSymbol": null, "shortName": "GAYATRI SUGARS LTD.", "longName": "Gayatri Sugars Limited", "currency": "INR", "quoteSourceName": "Delayed Quote", "currencySymbol": "\u20b9", "fromCurrency": null, "toCurrency": null, "lastMarket": null, "marketCap": 85659056}, "balanceSheetHistory": {"balanceSheetStatements": [{"maxAge": 1, "endDate": "2020-03-31", "cash": 17155000, "netReceivables": 153519000, "inventory": 757456000, "otherCurrentAssets": 66286000, "totalCurrentAssets": 1002820000, "propertyPlantEquipment": 963067000, "intangibleAssets": 11000, "otherAssets": 8093000, "totalAssets": 1973991000, "accountsPayable": 653129000, "shortLongTermDebt": 453368000, "otherCurrentLiab": 91234000, "longTermDebt": 781025000, "otherLiab": 43912000, "totalCurrentLiabilities": 2380121000, "totalLiab": 3205058000, "commonStock": 437005000, "retainedEarnings": -1683637000, "treasuryStock": -6019000, "capitalSurplus": 21584000, "otherStockholderEquity": -6019000, "totalStockholderEquity": -1231067000, "netTangibleAssets": -1231078000}, {"maxAge": 1, "endDate": "2019-03-31", "cash": 21388000, "netReceivables": 308767000, "inventory": 1203260000, "otherCurrentAssets": 85083000, "totalCurrentAssets": 1626557000, "longTermInvestments": 8049000, "propertyPlantEquipment": 1066162000, "intangibleAssets": 113000, "otherAssets": 33588000, "totalAssets": 2726420000, "accountsPayable": 1206467000, "shortLongTermDebt": 434107000, "otherCurrentLiab": 54417000, "longTermDebt": 831939000, "otherLiab": 36249000, "totalCurrentLiabilities": 2805237000, "totalLiab": 3673425000, "commonStock": 437005000, "retainedEarnings": -1406408000, "treasuryStock": 814000, "capitalSurplus": 21584000, "otherStockholderEquity": 814000, "totalStockholderEquity": -947005000, "netTangibleAssets": -947118000}, {"maxAge": 1, "endDate": "2018-03-31", "cash": 98480000, "netReceivables": 121936000, "inventory": 927082000, "otherCurrentAssets": 99913000, "totalCurrentAssets": 1253847000, "propertyPlantEquipment": 1155143000, "intangibleAssets": 123000, "otherAssets": 59467000, "totalAssets": 2468580000, "accountsPayable": 428024000, "shortLongTermDebt": 640031000, "otherCurrentLiab": 86305000, "longTermDebt": 868213000, "otherLiab": 46101000, "totalCurrentLiabilities": 2254524000, "totalLiab": 3168838000, "commonStock": 437005000, "retainedEarnings": -1143368000, "treasuryStock": -15479000, "capitalSurplus": 21584000, "otherStockholderEquity": -15479000, "totalStockholderEquity": -700258000, "netTangibleAssets": -700381000}, {"maxAge": 1, "endDate": "2017-03-31", "cash": 85626000, "netReceivables": 171482000, "inventory": 405568000, "otherCurrentAssets": 103239000, "totalCurrentAssets": 771249000, "propertyPlantEquipment": 1214399000, "intangibleAssets": 189000, "otherAssets": 9162000, "totalAssets": 1994999000, "accountsPayable": 102276000, "shortLongTermDebt": 498841000, "otherCurrentLiab": 77545000, "longTermDebt": 1241685000, "otherLiab": 48129000, "totalCurrentLiabilities": 1527054000, "totalLiab": 2816868000, "commonStock": 437005000, "retainedEarnings": -1280458000, "capitalSurplus": 21584000, "totalStockholderEquity": -821869000, "netTangibleAssets": -822058000}], "maxAge": 86400}, "financialData": {"maxAge": 86400, "currentPrice": 1.96, "recommendationKey": "none", "grossProfits": 570268000, "financialCurrency": "INR"}}}