{"GBFL.BO": {"cashflowStatementHistory": {"cashflowStatements": [{"maxAge": 1, "endDate": "2020-03-31", "netIncome": -14012600, "depreciation": 105520, "changeToNetincome": -5559920, "changeToLiabilities": 0, "changeToOperatingActivities": 97071670, "totalCashFromOperatingActivities": 77604670, "capitalExpenditures": -49340, "totalCashflowsFromInvestingActivities": -49340, "changeInCash": 77555330}, {"maxAge": 1, "endDate": "2019-03-31", "netIncome": -8815440, "depreciation": 153320, "changeToNetincome": 181340, "changeToLiabilities": 0, "changeToOperatingActivities": -7343680, "totalCashFromOperatingActivities": -15824460, "capitalExpenditures": -49340, "totalCashflowsFromInvestingActivities": -49340, "changeInCash": -15824460}, {"maxAge": 1, "endDate": "2018-03-31", "netIncome": -6727010, "depreciation": 351060, "changeToNetincome": 181340, "changeToLiabilities": 0, "changeToOperatingActivities": 24417610, "totalCashFromOperatingActivities": 18047660, "capitalExpenditures": -49340, "investments": 200000, "totalCashflowsFromInvestingActivities": 200000, "changeInCash": 18247660}, {"maxAge": 1, "endDate": "2017-03-31", "netIncome": 835271, "depreciation": 451649, "changeToNetincome": 252783, "changeToLiabilities": 0, "changeToOperatingActivities": -31959709, "totalCashFromOperatingActivities": -30417006, "capitalExpenditures": -186375, "investments": 26994400, "totalCashflowsFromInvestingActivities": 26808025, "changeInCash": -3608981}], "maxAge": 86400}, "institutionOwnership": {"ownershipList": [], "maxAge": 1}, "balanceSheetHistoryQuarterly": {"balanceSheetStatements": [{"maxAge": 1, "endDate": "2020-06-30", "totalStockholderEquity": 279898330, "netTangibleAssets": 279898330}, {"maxAge": 1, "endDate": "2020-03-31", "cash": 80265890, "shortTermInvestments": 173350, "netReceivables": 1639747900, "otherCurrentAssets": 11478400, "totalCurrentAssets": 1766301700, "longTermInvestments": 1005000, "propertyPlantEquipment": 322030, "otherAssets": 5568680, "deferredLongTermAssetCharges": 5568680, "totalAssets": 1773197410, "accountsPayable": 2276550, "otherCurrentLiab": 4120627, "otherLiab": 1461870508, "totalCurrentLiabilities": 31428572, "totalLiab": 1493299080, "commonStock": 130001000, "retainedEarnings": -102580, "capitalSurplus": 149999910, "totalStockholderEquity": 279898330, "netTangibleAssets": 279898330}, {"maxAge": 1, "endDate": "2019-12-31", "totalStockholderEquity": 297388000, "netTangibleAssets": 297388000}, {"maxAge": 1, "endDate": "2019-09-30", "cash": 29466000, "netReceivables": 1188403000, "inventory": 12425000, "totalCurrentAssets": 1230294000, "longTermInvestments": 136473000, "propertyPlantEquipment": 339000, "otherAssets": 1569000, "totalAssets": 1368675000, "longTermDebt": 1067365000, "otherLiab": 3922000, "totalLiab": 1071287000, "commonStock": 130001000, "treasuryStock": 167387000, "otherStockholderEquity": 167387000, "totalStockholderEquity": 297388000, "netTangibleAssets": 297388000}], "maxAge": 86400}, "indexTrend": {"maxAge": 1, "symbol": "SP5", "peRatio": 19.7411, "pegRatio": 1.34172, "estimates": [{"period": "0q", "growth": 0.549}, {"period": "+1q", "growth": 0.431}, {"period": "0y", "growth": 0.305}, {"period": "+1y", "growth": 0.109}, {"period": "+5y", "growth": 0.120859005}, {"period": "-5y"}]}, "quoteType": {"exchange": "BSE", "quoteType": "EQUITY", "symbol": "GBFL.BO", "underlyingSymbol": "GBFL.BO", "shortName": "Goenka Business & Finance Limi", "longName": "Goenka Business &amp; Finance Limited", "firstTradeDateEpochUtc": "2014-11-19 09:15:00", "timeZoneFullName": "Asia/Kolkata", "timeZoneShortName": "IST", "uuid": "c6885ac7-599a-32cf-b492-bbdee0128732", "gmtOffSetMilliseconds": 19800000, "maxAge": 1}, "incomeStatementHistory": {"incomeStatementHistory": [{"maxAge": 1, "endDate": "2020-03-31", "totalRevenue": 573867720, "costOfRevenue": 489544480, "grossProfit": 84323240, "researchDevelopment": {}, "sellingGeneralAdministrative": 2478830, "nonRecurring": {}, "otherOperatingExpenses": 2183330, "totalOperatingExpenses": 494312160, "operatingIncome": 79555560, "totalOtherIncomeExpenseNet": -99128080, "ebit": 79555560, "interestExpense": -105751670, "incomeBeforeTax": -19572520, "incomeTaxExpense": -5559920, "minorityInterest": {}, "netIncomeFromContinuingOps": -14012600, "discontinuedOperations": {}, "extraordinaryItems": {}, "effectOfAccountingCharges": {}, "otherItems": {}, "netIncome": -14012600, "netIncomeApplicableToCommonShares": -14012600}, {"maxAge": 1, "endDate": "2019-03-31", "totalRevenue": 53243430, "costOfRevenue": 42222080, "grossProfit": 11021350, "researchDevelopment": {}, "sellingGeneralAdministrative": 2234940, "nonRecurring": {}, "otherOperatingExpenses": -1333090, "totalOperatingExpenses": 43277250, "operatingIncome": 9966180, "totalOtherIncomeExpenseNet": -18642620, "ebit": 9966180, "interestExpense": -3480, "incomeBeforeTax": -8676440, "incomeTaxExpense": 139000, "minorityInterest": {}, "netIncomeFromContinuingOps": -8815440, "discontinuedOperations": {}, "extraordinaryItems": {}, "effectOfAccountingCharges": {}, "otherItems": {}, "netIncome": -8815440, "netIncomeApplicableToCommonShares": -8815440}, {"maxAge": 1, "endDate": "2018-03-31", "totalRevenue": 67314890, "costOfRevenue": 69895769, "grossProfit": -2580879, "researchDevelopment": {}, "sellingGeneralAdministrative": 2035030, "nonRecurring": {}, "otherOperatingExpenses": 1123971, "totalOperatingExpenses": 73411830, "operatingIncome": -6096940, "totalOtherIncomeExpenseNet": -630070, "ebit": -6096940, "interestExpense": -630070, "incomeBeforeTax": -6727010, "incomeTaxExpense": 0, "minorityInterest": {}, "netIncomeFromContinuingOps": -6727010, "discontinuedOperations": {}, "extraordinaryItems": {}, "effectOfAccountingCharges": {}, "otherItems": {}, "netIncome": -6727010, "netIncomeApplicableToCommonShares": -6727010}, {"maxAge": 1, "endDate": "2017-03-31", "totalRevenue": 19195450, "costOfRevenue": 11118279, "grossProfit": 8077171, "researchDevelopment": {}, "sellingGeneralAdministrative": 2401957, "nonRecurring": {}, "otherOperatingExpenses": 3987511, "totalOperatingExpenses": 17962396, "operatingIncome": 1233054, "totalOtherIncomeExpenseNet": -145000, "ebit": 1233054, "interestExpense": -630070, "incomeBeforeTax": 1088054, "incomeTaxExpense": 252783, "minorityInterest": {}, "netIncomeFromContinuingOps": 835271, "discontinuedOperations": {}, "extraordinaryItems": {}, "effectOfAccountingCharges": {}, "otherItems": {}, "netIncome": 835271, "netIncomeApplicableToCommonShares": 835271}], "maxAge": 86400}, "fundOwnership": {"ownershipList": [], "maxAge": 1}, "summaryDetail": {"maxAge": 1, "priceHint": 4, "previousClose": 2.95, "open": 2.99, "dayLow": 2.85, "dayHigh": 3.0, "regularMarketPreviousClose": 2.95, "regularMarketOpen": 2.99, "regularMarketDayLow": 2.85, "regularMarketDayHigh": 3.0, "trailingPE": 151.57896, "volume": 1591, "regularMarketVolume": 1591, "averageVolume": 11030, "averageVolume10days": 12966, "averageDailyVolume10Day": 12966, "bid": 2.87, "ask": 2.99, "bidSize": 0, "askSize": 0, "marketCap": 37440288, "fiftyTwoWeekLow": 0.95, "fiftyTwoWeekHigh": 4.7, "fiftyDayAverage": 3.3451514, "twoHundredDayAverage": 2.7002206, "currency": "INR", "fromCurrency": null, "lastMarket": null, "algorithm": null, "tradeable": false}, "incomeStatementHistoryQuarterly": {"incomeStatementHistory": [{"maxAge": 1, "endDate": "2020-06-30", "totalRevenue": 106751000, "costOfRevenue": 53286000, "grossProfit": 53465000, "researchDevelopment": {}, "sellingGeneralAdministrative": 500000, "nonRecurring": {}, "otherOperatingExpenses": 1232000, "totalOperatingExpenses": 55054000, "operatingIncome": 51697000, "totalOtherIncomeExpenseNet": -38592000, "ebit": 51697000, "interestExpense": -38428000, "incomeBeforeTax": 13105000, "incomeTaxExpense": -1734000, "minorityInterest": {}, "netIncomeFromContinuingOps": 14839000, "discontinuedOperations": {}, "extraordinaryItems": {}, "effectOfAccountingCharges": {}, "otherItems": {}, "netIncome": 14839000, "netIncomeApplicableToCommonShares": 14839000}, {"maxAge": 1, "endDate": "2020-03-31", "totalRevenue": 102031720, "costOfRevenue": 88128480, "grossProfit": 13903240, "researchDevelopment": {}, "sellingGeneralAdministrative": 1020830, "nonRecurring": {}, "otherOperatingExpenses": 24330, "totalOperatingExpenses": 89202160, "operatingIncome": 12829560, "totalOtherIncomeExpenseNet": -28875080, "ebit": 12829560, "interestExpense": -35827670, "incomeBeforeTax": -16045520, "incomeTaxExpense": -5548920, "minorityInterest": {}, "netIncomeFromContinuingOps": -10496600, "discontinuedOperations": {}, "extraordinaryItems": {}, "effectOfAccountingCharges": {}, "otherItems": {}, "netIncome": -10496600, "netIncomeApplicableToCommonShares": -10496600}, {"maxAge": 1, "endDate": "2019-12-31", "totalRevenue": 408669000, "costOfRevenue": 377782000, "grossProfit": 30887000, "researchDevelopment": {}, "sellingGeneralAdministrative": 597000, "nonRecurring": {}, "otherOperatingExpenses": 1300000, "totalOperatingExpenses": 379705000, "operatingIncome": 28964000, "totalOtherIncomeExpenseNet": -37248000, "ebit": 28964000, "interestExpense": -37110000, "incomeBeforeTax": -8284000, "incomeTaxExpense": -1255000, "minorityInterest": {}, "netIncomeFromContinuingOps": -7029000, "discontinuedOperations": {}, "extraordinaryItems": {}, "effectOfAccountingCharges": {}, "otherItems": {}, "netIncome": -7029000, "netIncomeApplicableToCommonShares": -7029000}, {"maxAge": 1, "endDate": "2019-09-30", "totalRevenue": 43280000, "costOfRevenue": 10608000, "grossProfit": 32672000, "researchDevelopment": {}, "sellingGeneralAdministrative": 305000, "nonRecurring": {}, "otherOperatingExpenses": 539000, "totalOperatingExpenses": 11478000, "operatingIncome": 31802000, "totalOtherIncomeExpenseNet": -27976000, "ebit": 31802000, "interestExpense": -29266000, "incomeBeforeTax": 3826000, "incomeTaxExpense": 1244000, "minorityInterest": {}, "netIncomeFromContinuingOps": 2582000, "discontinuedOperations": {}, "extraordinaryItems": {}, "effectOfAccountingCharges": {}, "otherItems": {}, "netIncome": 2582000, "netIncomeApplicableToCommonShares": 2582000}], "maxAge": 86400}, "cashflowStatementHistoryQuarterly": {"cashflowStatements": [{"maxAge": 1, "endDate": "2020-06-30", "netIncome": 14839000, "changeToLiabilities": 0}, {"maxAge": 1, "endDate": "2020-03-31", "netIncome": -10496600, "changeToLiabilities": 0}, {"maxAge": 1, "endDate": "2019-12-31", "netIncome": -7029000, "changeToLiabilities": 0}, {"maxAge": 1, "endDate": "2019-09-30", "netIncome": 2582000, "changeToLiabilities": 0}], "maxAge": 86400}, "insiderHolders": {"holders": [], "maxAge": 1}, "calendarEvents": {"maxAge": 1, "earnings": {"earningsDate": ["2020-09-15 05:30:S"]}}, "upgradeDowngradeHistory": {"history": [], "maxAge": 86400}, "price": {"maxAge": 1, "regularMarketChangePercent": -0.02372879, "regularMarketChange": -0.06999993, "regularMarketTime": "2021-04-30 15:27:37", "priceHint": 4, "regularMarketPrice": 2.88, "regularMarketDayHigh": 3.0, "regularMarketDayLow": 2.85, "regularMarketVolume": 1591, "averageDailyVolume10Day": 12966, "averageDailyVolume3Month": 11030, "regularMarketPreviousClose": 2.95, "regularMarketSource": "FREE_REALTIME", "regularMarketOpen": 2.99, "exchange": "BSE", "exchangeName": "BSE", "exchangeDataDelayedBy": 0, "marketState": "CLOSED", "quoteType": "EQUITY", "symbol": "GBFL.BO", "underlyingSymbol": null, "shortName": "Goenka Business & Finance Limi", "longName": "Goenka Business &amp; Finance Limited", "currency": "INR", "quoteSourceName": "Delayed Quote", "currencySymbol": "\u20b9", "fromCurrency": null, "lastMarket": null, "marketCap": 37440288}, "balanceSheetHistory": {"balanceSheetStatements": [{"maxAge": 1, "endDate": "2020-03-31", "cash": 80265890, "shortTermInvestments": 173350, "netReceivables": 1639747900, "otherCurrentAssets": 11478400, "totalCurrentAssets": 1766301700, "longTermInvestments": 1005000, "propertyPlantEquipment": 322030, "otherAssets": 5568680, "deferredLongTermAssetCharges": 5568680, "totalAssets": 1773197410, "accountsPayable": 2276550, "otherCurrentLiab": 4120627, "otherLiab": 1461870508, "totalCurrentLiabilities": 31428572, "totalLiab": 1493299080, "commonStock": 130001000, "retainedEarnings": -102580, "capitalSurplus": 149999910, "totalStockholderEquity": 279898330, "netTangibleAssets": 279898330}, {"maxAge": 1, "endDate": "2019-03-31", "cash": 2710560, "netReceivables": 337050690, "otherCurrentAssets": 210000, "totalCurrentAssets": 354616210, "longTermInvestments": 1005000, "propertyPlantEquipment": 378210, "totalAssets": 355999420, "accountsPayable": 486860, "otherCurrentLiab": 194290, "otherLiab": 61443840, "totalCurrentLiabilities": 681150, "totalLiab": 62124990, "commonStock": 130001000, "retainedEarnings": 13873430, "capitalSurplus": 150000000, "totalStockholderEquity": 293874430, "netTangibleAssets": 293874430}, {"maxAge": 1, "endDate": "2018-03-31", "cash": 18535020, "netReceivables": 384740560, "otherCurrentAssets": 1851180, "totalCurrentAssets": 421011040, "longTermInvestments": 1005000, "propertyPlantEquipment": 564880, "intangibleAssets": 8990, "otherAssets": 111050, "deferredLongTermAssetCharges": 111050, "totalAssets": 422700960, "accountsPayable": 12487110, "otherCurrentLiab": 961020, "longTermDebt": 105565150, "otherLiab": 998020, "totalCurrentLiabilities": 13448130, "totalLiab": 120011300, "commonStock": 130001000, "retainedEarnings": 22688660, "capitalSurplus": 150000000, "totalStockholderEquity": 302689660, "netTangibleAssets": 302680670}, {"maxAge": 1, "endDate": "2017-03-31", "cash": 287355, "shortTermInvestments": 1205000, "netReceivables": 649485, "otherCurrentAssets": 267455140, "totalCurrentAssets": 326332158, "propertyPlantEquipment": 731466, "intangibleAssets": 15000, "otherAssets": 111050, "deferredLongTermAssetCharges": 111050, "totalAssets": 327189674, "accountsPayable": 16050500, "otherCurrentLiab": 1130121, "otherLiab": 527840, "totalCurrentLiabilities": 17429621, "totalLiab": 17957461, "commonStock": 130001000, "retainedEarnings": 29231213, "capitalSurplus": 150000000, "totalStockholderEquity": 309232213, "netTangibleAssets": 309217213}], "maxAge": 86400}, "financialData": {"maxAge": 86400, "currentPrice": 2.88, "recommendationKey": "none", "grossProfits": 84323240, "financialCurrency": "INR"}}}