{"GEE.BO": {"cashflowStatementHistory": {"cashflowStatements": [{"maxAge": 1, "endDate": "2020-03-31", "netIncome": 98153791, "depreciation": 40838962, "changeToNetincome": 60648158, "changeToAccountReceivables": -40519525, "changeToLiabilities": 10121289, "changeToInventory": 79260401, "changeToOperatingActivities": 1129374, "totalCashFromOperatingActivities": 249916400, "capitalExpenditures": -23962750, "investments": -20129213, "otherCashflowsFromInvestingActivities": 4065540, "totalCashflowsFromInvestingActivities": -35054769, "netBorrowings": -66972666, "otherCashflowsFromFinancingActivities": -67027465, "totalCashFromFinancingActivities": -134000131, "changeInCash": 80861499}, {"maxAge": 1, "endDate": "2019-03-31", "netIncome": 27664702, "depreciation": 39494140, "changeToNetincome": 68150202, "changeToAccountReceivables": -123767522, "changeToLiabilities": 88726724, "changeToInventory": -105286388, "changeToOperatingActivities": 32343357, "totalCashFromOperatingActivities": 27592507, "capitalExpenditures": -60146508, "investments": 2676752, "otherCashflowsFromInvestingActivities": 2444613, "totalCashflowsFromInvestingActivities": -53217654, "dividendsPaid": -7087763, "netBorrowings": 98001050, "otherCashflowsFromFinancingActivities": -67765060, "totalCashFromFinancingActivities": 23148227, "changeInCash": -2476919}, {"maxAge": 1, "endDate": "2018-03-31", "netIncome": 34256250, "depreciation": 35838762, "changeToNetincome": 47022427, "changeToAccountReceivables": -15394381, "changeToLiabilities": -2265936, "changeToInventory": -47804612, "changeToOperatingActivities": -41243732, "totalCashFromOperatingActivities": 10636864, "capitalExpenditures": -41479097, "investments": -3337247, "otherCashflowsFromInvestingActivities": 3446119, "totalCashflowsFromInvestingActivities": -42172100, "dividendsPaid": -7087763, "netBorrowings": 72497462, "otherCashflowsFromFinancingActivities": -52457159, "totalCashFromFinancingActivities": 20040303, "changeInCash": -11494934}, {"maxAge": 1, "endDate": "2017-03-31", "netIncome": 34556165, "depreciation": 32830319, "changeToNetincome": 56946745, "changeToAccountReceivables": -50083937, "changeToLiabilities": -77953406, "changeToInventory": 69252722, "changeToOperatingActivities": -12529158, "totalCashFromOperatingActivities": 53019450, "capitalExpenditures": -46663070, "investments": 11813138, "otherCashflowsFromInvestingActivities": 2048162, "totalCashflowsFromInvestingActivities": -39146568, "dividendsPaid": -7087764, "netBorrowings": 51034971, "otherCashflowsFromFinancingActivities": -54473697, "totalCashFromFinancingActivities": -10526490, "changeInCash": 3346392}], "maxAge": 86400}, "institutionOwnership": {"maxAge": 1, "ownershipList": []}, "balanceSheetHistoryQuarterly": {"balanceSheetStatements": [{"maxAge": 1, "endDate": "2020-06-30"}, {"maxAge": 1, "endDate": "2020-03-31", "cash": 117110715, "netReceivables": 560320978, "inventory": 408311525, "otherCurrentAssets": 130086005, "totalCurrentAssets": 1215829223, "longTermInvestments": 461022, "propertyPlantEquipment": 1261546365, "intangibleAssets": 138672, "otherAssets": 61617090, "totalAssets": 2539592372, "accountsPayable": 214630494, "otherCurrentLiab": 25333525, "longTermDebt": 6340956, "otherLiab": 44368901, "totalCurrentLiabilities": 905046159, "totalLiab": 956658284, "commonStock": 47251756, "retainedEarnings": 639966407, "treasuryStock": 802687235, "capitalSurplus": 93028690, "otherStockholderEquity": 802687235, "totalStockholderEquity": 1582934088, "netTangibleAssets": 1582795416}, {"maxAge": 1, "endDate": "2019-12-31", "totalStockholderEquity": 1519390000, "netTangibleAssets": 1519042000}, {"maxAge": 1, "endDate": "2019-09-30", "cash": 34330000, "shortTermInvestments": 2934000, "netReceivables": 549546000, "inventory": 408673000, "otherCurrentAssets": 133524000, "totalCurrentAssets": 1129007000, "longTermInvestments": 40199000, "propertyPlantEquipment": 1280145000, "intangibleAssets": 348000, "otherAssets": 39200000, "totalAssets": 2488899000, "accountsPayable": 226164000, "otherCurrentLiab": 26805000, "longTermDebt": 48404000, "otherLiab": 66378000, "totalCurrentLiabilities": 854727000, "totalLiab": 969509000, "commonStock": 47252000, "treasuryStock": 1472138000, "otherStockholderEquity": 1472138000, "totalStockholderEquity": 1519390000, "netTangibleAssets": 1519042000}], "maxAge": 86400}, "indexTrend": {"maxAge": 1, "symbol": "SP5", "peRatio": 19.7411, "pegRatio": 1.34172, "estimates": [{"period": "0q", "growth": 0.549}, {"period": "+1q", "growth": 0.431}, {"period": "0y", "growth": 0.305}, {"period": "+1y", "growth": 0.109}, {"period": "+5y", "growth": 0.120859005}, {"period": "-5y"}]}, "insiderTransactions": {"transactions": [{"maxAge": 1, "shares": 10000, "filerUrl": "", "transactionText": "", "filerName": "Bhaumick (Pradip)", "filerRelation": "Non-Independent Executive Director", "moneyText": "", "startDate": "2019-09-23", "ownership": "D"}, {"maxAge": 1, "shares": 742, "filerUrl": "", "transactionText": "", "filerName": "Bhaumick (Pradip)", "filerRelation": "Non-Independent Executive Director", "moneyText": "", "startDate": "2019-09-20", "ownership": "D"}, {"maxAge": 1, "shares": 914, "filerUrl": "", "transactionText": "", "filerName": "Bhaumick (Pradip)", "filerRelation": "Non-Independent Executive Director", "moneyText": "", "startDate": "2019-09-19", "ownership": "D"}, {"maxAge": 1, "shares": 1910, "filerUrl": "", "transactionText": "", "filerName": "Bhaumick (Pradip)", "filerRelation": "Non-Independent Executive Director", "moneyText": "", "startDate": "2019-09-18", "ownership": "D"}, {"maxAge": 1, "shares": 10000, "filerUrl": "", "transactionText": "", "filerName": "Bhaumick (Pradip)", "filerRelation": "Non-Independent Executive Director", "moneyText": "", "startDate": "2019-09-17", "ownership": "D"}, {"maxAge": 1, "shares": 7275, "filerUrl": "", "transactionText": "", "filerName": "Bhaumick (Pradip)", "filerRelation": "Non-Independent Executive Director", "moneyText": "", "startDate": "2019-09-16", "ownership": "D"}, {"maxAge": 1, "shares": 5000, "filerUrl": "", "transactionText": "", "filerName": "Bhaumick (Pradip)", "filerRelation": "Non-Independent Executive Director", "moneyText": "", "startDate": "2019-09-16", "ownership": "D"}, {"maxAge": 1, "shares": 5075, "filerUrl": "", "transactionText": "", "filerName": "Bhaumick (Pradip)", "filerRelation": "Non-Independent Executive Director", "moneyText": "", "startDate": "2019-09-13", "ownership": "D"}, {"maxAge": 1, "shares": 4075, "filerUrl": "", "transactionText": "", "filerName": "Bhaumick (Pradip)", "filerRelation": "Non-Independent Executive Director", "moneyText": "", "startDate": "2019-09-13", "ownership": "D"}, {"maxAge": 1, "shares": 22775, "filerUrl": "", "transactionText": "", "filerName": "Bhaumick (Pradip)", "filerRelation": "Director (Non-Executive)", "moneyText": "", "startDate": "2019-06-12", "ownership": "D"}, {"maxAge": 1, "shares": 15130, "filerUrl": "", "transactionText": "", "filerName": "Bhaumick (Pradip)", "filerRelation": "Director (Non-Executive)", "moneyText": "", "startDate": "2019-06-11", "ownership": "D"}, {"maxAge": 1, "shares": 710, "filerUrl": "", "transactionText": "", "filerName": "Bhaumick (Pradip)", "filerRelation": "Director (Non-Executive)", "moneyText": "", "startDate": "2019-06-06", "ownership": "D"}, {"maxAge": 1, "shares": 5093, "filerUrl": "", "transactionText": "", "filerName": "Bhaumick (Pradip)", "filerRelation": "Director (Non-Executive)", "moneyText": "", "startDate": "2019-06-06", "ownership": "D"}, {"maxAge": 1, "shares": 2733, "filerUrl": "", "transactionText": "", "filerName": "Bhaumick (Pradip)", "filerRelation": "Director (Non-Executive)", "moneyText": "", "startDate": "2019-06-05", "ownership": "D"}], "maxAge": 1}, "quoteType": {"exchange": "BSE", "quoteType": "EQUITY", "symbol": "GEE.BO", "underlyingSymbol": "GEE.BO", "shortName": "GEE LTD.", "longName": "GEE Limited", "firstTradeDateEpochUtc": "2008-01-10 09:15:00", "timeZoneFullName": "Asia/Kolkata", "timeZoneShortName": "IST", "uuid": "efc6be35-2a09-3ee4-af1c-bd68f0129f2d", "messageBoardId": null, "gmtOffSetMilliseconds": 19800000, "maxAge": 1}, "incomeStatementHistory": {"incomeStatementHistory": [{"maxAge": 1, "endDate": "2020-03-31", "totalRevenue": 2721589673, "costOfRevenue": 1977356075, "grossProfit": 744233598, "researchDevelopment": {}, "sellingGeneralAdministrative": 200643870, "nonRecurring": {}, "otherOperatingExpenses": 338889685, "totalOperatingExpenses": 2558012542, "operatingIncome": 163577131, "totalOtherIncomeExpenseNet": -56666796, "ebit": 163577131, "interestExpense": -62216433, "incomeBeforeTax": 106910335, "incomeTaxExpense": 8756544, "minorityInterest": {}, "netIncomeFromContinuingOps": 98153791, "discontinuedOperations": {}, "extraordinaryItems": {}, "effectOfAccountingCharges": {}, "otherItems": {}, "netIncome": 98153791, "netIncomeApplicableToCommonShares": 98153791}, {"maxAge": 1, "endDate": "2019-03-31", "totalRevenue": 2743878035, "costOfRevenue": 2109700273, "grossProfit": 634177762, "researchDevelopment": {}, "sellingGeneralAdministrative": 197595094, "nonRecurring": {}, "otherOperatingExpenses": 291309835, "totalOperatingExpenses": 2638366634, "operatingIncome": 105511401, "totalOtherIncomeExpenseNet": -57660522, "ebit": 105511401, "interestExpense": -59567892, "incomeBeforeTax": 47850879, "incomeTaxExpense": 20186177, "minorityInterest": {}, "netIncomeFromContinuingOps": 27664702, "discontinuedOperations": {}, "extraordinaryItems": {}, "effectOfAccountingCharges": {}, "otherItems": {}, "netIncome": 27664702, "netIncomeApplicableToCommonShares": 27664702}, {"maxAge": 1, "endDate": "2018-03-31", "totalRevenue": 2159945839, "costOfRevenue": 1598852580, "grossProfit": 561093259, "researchDevelopment": {}, "sellingGeneralAdministrative": 186143851, "nonRecurring": {}, "otherOperatingExpenses": 246575092, "totalOperatingExpenses": 2067638371, "operatingIncome": 92307468, "totalOtherIncomeExpenseNet": -42549329, "ebit": 92307468, "interestExpense": -47302868, "incomeBeforeTax": 49758139, "incomeTaxExpense": 15501889, "minorityInterest": {}, "netIncomeFromContinuingOps": 34256250, "discontinuedOperations": {}, "extraordinaryItems": {}, "effectOfAccountingCharges": {}, "otherItems": {}, "netIncome": 34256250, "netIncomeApplicableToCommonShares": 34256250}, {"maxAge": 1, "endDate": "2017-03-31", "totalRevenue": 1985692088, "costOfRevenue": 1413848574, "grossProfit": 571843514, "researchDevelopment": {}, "sellingGeneralAdministrative": 171311439, "nonRecurring": {}, "otherOperatingExpenses": 261921823, "totalOperatingExpenses": 1879912155, "operatingIncome": 105779933, "totalOtherIncomeExpenseNet": -49296824, "ebit": 105779933, "interestExpense": -46472828, "incomeBeforeTax": 56483109, "incomeTaxExpense": 21926944, "minorityInterest": {}, "netIncomeFromContinuingOps": 34556165, "discontinuedOperations": {}, "extraordinaryItems": {}, "effectOfAccountingCharges": {}, "otherItems": {}, "netIncome": 34556165, "netIncomeApplicableToCommonShares": 34556165}], "maxAge": 86400}, "fundOwnership": {"maxAge": 1, "ownershipList": []}, "summaryDetail": {"maxAge": 1, "priceHint": 2, "previousClose": 40.65, "open": 41.95, "dayLow": 40.25, "dayHigh": 42.3, "regularMarketPreviousClose": 40.65, "regularMarketOpen": 41.95, "regularMarketDayLow": 40.25, "regularMarketDayHigh": 42.3, "trailingPE": 10.596708, "volume": 29159, "regularMarketVolume": 29159, "averageVolume": 18707, "averageVolume10days": 18686, "averageDailyVolume10Day": 18686, "bid": 41.0, "ask": 0.0, "bidSize": 0, "askSize": 0, "marketCap": 973387072, "fiftyTwoWeekLow": 19.15, "fiftyTwoWeekHigh": 42.3, "fiftyDayAverage": 37.234287, "twoHundredDayAverage": 31.063139, "trailingAnnualDividendRate": 0.3, "trailingAnnualDividendYield": 0.007380074, "currency": "INR", "fromCurrency": null, "toCurrency": null, "lastMarket": null, "algorithm": null, "tradeable": false}, "incomeStatementHistoryQuarterly": {"incomeStatementHistory": [{"maxAge": 1, "endDate": "2020-06-30", "totalRevenue": 217366000, "costOfRevenue": 145382000, "grossProfit": 71984000, "researchDevelopment": {}, "sellingGeneralAdministrative": 22476000, "nonRecurring": {}, "otherOperatingExpenses": 23729000, "totalOperatingExpenses": 201367000, "operatingIncome": 15999000, "totalOtherIncomeExpenseNet": -13364000, "ebit": 15999000, "interestExpense": -14594000, "incomeBeforeTax": 2635000, "incomeTaxExpense": 650000, "minorityInterest": {}, "netIncomeFromContinuingOps": 1985000, "discontinuedOperations": {}, "extraordinaryItems": {}, "effectOfAccountingCharges": {}, "otherItems": {}, "netIncome": 1985000, "netIncomeApplicableToCommonShares": 1985000}, {"maxAge": 1, "endDate": "2020-03-31", "totalRevenue": 668412673, "costOfRevenue": 428164075, "grossProfit": 240248598, "researchDevelopment": {}, "sellingGeneralAdministrative": 77254870, "nonRecurring": {}, "otherOperatingExpenses": 107859685, "totalOperatingExpenses": 623355542, "operatingIncome": 45057131, "totalOtherIncomeExpenseNet": -9155796, "ebit": 45057131, "interestExpense": -13327433, "incomeBeforeTax": 35901335, "incomeTaxExpense": -9543456, "minorityInterest": {}, "netIncomeFromContinuingOps": 45444791, "discontinuedOperations": {}, "extraordinaryItems": {}, "effectOfAccountingCharges": {}, "otherItems": {}, "netIncome": 45444791, "netIncomeApplicableToCommonShares": 45444791}, {"maxAge": 1, "endDate": "2019-12-31", "totalRevenue": 694422000, "costOfRevenue": 500536000, "grossProfit": 193886000, "researchDevelopment": {}, "sellingGeneralAdministrative": 44022000, "nonRecurring": {}, "otherOperatingExpenses": 76298000, "totalOperatingExpenses": 631220000, "operatingIncome": 63202000, "totalOtherIncomeExpenseNet": -17770000, "ebit": 63202000, "interestExpense": -18513000, "incomeBeforeTax": 45432000, "incomeTaxExpense": 10800000, "minorityInterest": {}, "netIncomeFromContinuingOps": 34632000, "discontinuedOperations": {}, "extraordinaryItems": {}, "effectOfAccountingCharges": {}, "otherItems": {}, "netIncome": 34632000, "netIncomeApplicableToCommonShares": 34632000}, {"maxAge": 1, "endDate": "2019-09-30", "totalRevenue": 716188000, "costOfRevenue": 555396000, "grossProfit": 160792000, "researchDevelopment": {}, "sellingGeneralAdministrative": 39598000, "nonRecurring": {}, "otherOperatingExpenses": 80618000, "totalOperatingExpenses": 685973000, "operatingIncome": 30215000, "totalOtherIncomeExpenseNet": -15208000, "ebit": 30215000, "interestExpense": -16449000, "incomeBeforeTax": 15007000, "incomeTaxExpense": 4000000, "minorityInterest": {}, "netIncomeFromContinuingOps": 11007000, "discontinuedOperations": {}, "extraordinaryItems": {}, "effectOfAccountingCharges": {}, "otherItems": {}, "netIncome": 11007000, "netIncomeApplicableToCommonShares": 11007000}], "maxAge": 86400}, "cashflowStatementHistoryQuarterly": {"cashflowStatements": [{"maxAge": 1, "endDate": "2020-06-30", "netIncome": 1985000, "changeToLiabilities": 0}, {"maxAge": 1, "endDate": "2020-03-31", "netIncome": 45444791, "changeToLiabilities": 0}, {"maxAge": 1, "endDate": "2019-12-31", "netIncome": 34632000, "changeToLiabilities": 0}, {"maxAge": 1, "endDate": "2019-09-30", "netIncome": 11007000, "changeToLiabilities": 0}], "maxAge": 86400}, "insiderHolders": {"holders": [{"maxAge": 1, "name": "Bhaumick (Pradip)", "relation": "Non-Independent Executive Director", "url": "", "transactionDescription": "Acquisition", "latestTransDate": "2019-09-23", "positionDirect": 83282, "positionDirectDate": "2019-09-23"}], "maxAge": 1}, "calendarEvents": {"maxAge": 1, "earnings": {"earningsDate": ["2020-08-18 05:30:S"]}}, "price": {"maxAge": 1, "regularMarketChangePercent": 0.0135301165, "regularMarketChange": 0.54999924, "regularMarketTime": "2021-04-30 15:51:05", "priceHint": 2, "regularMarketPrice": 41.2, "regularMarketDayHigh": 42.3, "regularMarketDayLow": 40.25, "regularMarketVolume": 29159, "averageDailyVolume10Day": 18686, "averageDailyVolume3Month": 18707, "regularMarketPreviousClose": 40.65, "regularMarketSource": "FREE_REALTIME", "regularMarketOpen": 41.95, "exchange": "BSE", "exchangeName": "BSE", "exchangeDataDelayedBy": 0, "marketState": "CLOSED", "quoteType": "EQUITY", "symbol": "GEE.BO", "underlyingSymbol": null, "shortName": "GEE LTD.", "longName": "GEE Limited", "currency": "INR", "quoteSourceName": "Delayed Quote", "currencySymbol": "\u20b9", "fromCurrency": null, "toCurrency": null, "lastMarket": null, "marketCap": 973387072}, "balanceSheetHistory": {"balanceSheetStatements": [{"maxAge": 1, "endDate": "2020-03-31", "cash": 117110715, "netReceivables": 560320978, "inventory": 408311525, "otherCurrentAssets": 130086005, "totalCurrentAssets": 1215829223, "longTermInvestments": 461022, "propertyPlantEquipment": 1261546365, "intangibleAssets": 138672, "otherAssets": 61617090, "totalAssets": 2539592372, "accountsPayable": 214630494, "otherCurrentLiab": 25333525, "longTermDebt": 6340956, "otherLiab": 44368901, "totalCurrentLiabilities": 905046159, "totalLiab": 956658284, "commonStock": 47251756, "retainedEarnings": 639966407, "treasuryStock": 802687235, "capitalSurplus": 93028690, "otherStockholderEquity": 802687235, "totalStockholderEquity": 1582934088, "netTangibleAssets": 1582795416}, {"maxAge": 1, "endDate": "2019-03-31", "cash": 16120003, "netReceivables": 526087915, "inventory": 487571926, "otherCurrentAssets": 126443293, "totalCurrentAssets": 1156223137, "longTermInvestments": 4307317, "propertyPlantEquipment": 1284489789, "intangibleAssets": 347622, "otherAssets": 58192228, "totalAssets": 2503560093, "accountsPayable": 220024301, "otherCurrentLiab": 14661989, "longTermDebt": 51382190, "otherLiab": 66116184, "totalCurrentLiabilities": 900720101, "totalLiab": 1018218475, "commonStock": 47251756, "retainedEarnings": 542352643, "treasuryStock": 802708529, "capitalSurplus": 93028690, "otherStockholderEquity": 802708529, "totalStockholderEquity": 1485341618, "netTangibleAssets": 1484993996}, {"maxAge": 1, "endDate": "2018-03-31", "cash": 21273674, "shortTermInvestments": 1137000, "netReceivables": 402545592, "inventory": 382285538, "otherCurrentAssets": 134270512, "totalCurrentAssets": 940375316, "longTermInvestments": 4319338, "propertyPlantEquipment": 1267456288, "intangibleAssets": 614914, "otherAssets": 56345551, "totalAssets": 2269111407, "accountsPayable": 125604963, "otherCurrentLiab": 11534716, "longTermDebt": 43434400, "otherLiab": 56907379, "totalCurrentLiabilities": 703806566, "totalLiab": 804148345, "commonStock": 47251756, "retainedEarnings": 521962065, "treasuryStock": 802720551, "capitalSurplus": 93028690, "otherStockholderEquity": 802720551, "totalStockholderEquity": 1464963062, "netTangibleAssets": 1464348148}, {"maxAge": 1, "endDate": "2017-03-31", "cash": 30274361, "netReceivables": 387020416, "inventory": 334480926, "otherCurrentAssets": 98909000, "totalCurrentAssets": 850684703, "longTermInvestments": 4334978, "propertyPlantEquipment": 1264514571, "otherAssets": 53833597, "totalAssets": 2173367849, "accountsPayable": 128297110, "shortLongTermDebt": 6069189, "otherCurrentLiab": 8348783, "longTermDebt": 2173197, "otherLiab": 56252608, "totalCurrentLiabilities": 684219592, "totalLiab": 742645397, "commonStock": 47251756, "retainedEarnings": 487705815, "treasuryStock": 802736191, "capitalSurplus": 93028690, "otherStockholderEquity": 802736191, "totalStockholderEquity": 1430722452, "netTangibleAssets": 1430722452}], "maxAge": 86400}, "financialData": {"maxAge": 86400, "currentPrice": 41.2, "recommendationKey": "none", "grossProfits": 744233598, "financialCurrency": "INR"}}}