{"GEEKAYWIRE.NS": {"assetProfile": {"address1": "H.No. 11-70/5, G.P. Complex", "address2": "2nd Floor Shivalayam Road Fathenagar", "city": "Hyderabad", "zip": "500018", "country": "India", "phone": "91 40 2377 8090", "website": "http://www.geekaywires.com", "industry": "Electrical Equipment & Parts", "sector": "Industrials", "longBusinessSummary": "Geekay Wires Limited manufactures and sells galvanized steel wires and nail products in India and internationally. The company offers barbad, chain link fence, welded wire mesh, ACSR core, earth, stay, hot dipped galvanized, binding, bright and black annealed, mild steel and high carbon drawn, welding electrode, hair clip, steel wool, umbrella rib, nail, spring, patented, stitching, poultry, spring steel, electrode, and fan wires. It also provides cable armour wire rounds and flats, steel tapes, and fasteners, as well as wire for wire ropes. In addition, the company offers wire-collated, common, D-head, full head plastic strip, and coil nails. It serves various clients covering a range of applications comprising power transmission, cable and conductor, general engineering, construction, etc. Geekay Wires Limited was incorporated in 1989 and is based in Hyderabad, India.", "fullTimeEmployees": 332, "companyOfficers": [{"maxAge": 1, "name": "Mr. Ghanshyam  Dass", "age": 59, "title": "Chairman & MD", "yearBorn": 1961, "fiscalYear": 2020, "totalPay": 1320000, "exercisedValue": 0, "unexercisedValue": 0}, {"maxAge": 1, "name": "Mr. Ashish  Kandoi", "age": 34, "title": "CFO & Whole Time Director", "yearBorn": 1986, "fiscalYear": 2020, "totalPay": 1080000, "exercisedValue": 0, "unexercisedValue": 0}, {"maxAge": 1, "name": "Mr. Anuj  Kandoi", "age": 34, "title": "Whole Time Director", "yearBorn": 1986, "fiscalYear": 2020, "totalPay": 1080000, "exercisedValue": 0, "unexercisedValue": 0}, {"maxAge": 1, "name": "Ms. Apoorva  Chaturvedi C.S.", "title": "Company Sec. & Compliance Officer", "exercisedValue": 0, "unexercisedValue": 0}], "compensationAsOfEpochDate": "2020-12-31 05:30:00", "maxAge": 86400}, "cashflowStatementHistory": {"cashflowStatements": [{"maxAge": 1, "endDate": "2020-03-31", "netIncome": 64884542, "depreciation": 25748467, "changeToNetincome": 67036062, "changeToAccountReceivables": 127462140, "changeToLiabilities": -146890217, "changeToInventory": 34729533, "changeToOperatingActivities": -47910337, "totalCashFromOperatingActivities": 125060190, "capitalExpenditures": -41946119, "totalCashflowsFromInvestingActivities": -41946119, "netBorrowings": -52423739, "otherCashflowsFromFinancingActivities": -80486951, "totalCashFromFinancingActivities": -132910690, "effectOfExchangeRate": 25085293, "changeInCash": -24711327}, {"maxAge": 1, "endDate": "2019-03-31", "netIncome": 28648608, "depreciation": 22291189, "changeToNetincome": 68063586, "changeToAccountReceivables": -145831215, "changeToLiabilities": 66376947, "changeToInventory": 66960835, "changeToOperatingActivities": 60704415, "totalCashFromOperatingActivities": 167214365, "capitalExpenditures": -71210731, "totalCashflowsFromInvestingActivities": -69828461, "netBorrowings": -102902915, "otherCashflowsFromFinancingActivities": -85010492, "totalCashFromFinancingActivities": -115833407, "effectOfExchangeRate": 20499333, "changeInCash": 2051829, "issuanceOfStock": 72080000}, {"maxAge": 1, "endDate": "2018-03-31", "netIncome": 8191415, "depreciation": 14070034, "changeToNetincome": 56251389, "changeToAccountReceivables": -184384192, "changeToLiabilities": 90360278, "changeToInventory": -159056203, "changeToOperatingActivities": 35994614, "totalCashFromOperatingActivities": -138572665, "capitalExpenditures": -81322176, "totalCashflowsFromInvestingActivities": -81322176, "netBorrowings": 199459729, "otherCashflowsFromFinancingActivities": -47171160, "totalCashFromFinancingActivities": 262244569, "effectOfExchangeRate": -2343816, "changeInCash": 42349730, "issuanceOfStock": 109956000}, {"maxAge": 1, "endDate": "2017-03-31", "netIncome": 6528432, "depreciation": 7145165, "changeToNetincome": 34227395, "changeToAccountReceivables": -33021562, "changeToLiabilities": -60542002, "changeToInventory": -12048524, "changeToOperatingActivities": -61220769, "totalCashFromOperatingActivities": -118931865, "capitalExpenditures": -127303281, "totalCashflowsFromInvestingActivities": -127303281, "netBorrowings": 267745183, "otherCashflowsFromFinancingActivities": -31483896, "totalCashFromFinancingActivities": 236261287, "effectOfExchangeRate": -2343816, "changeInCash": -9973860, "issuanceOfStock": 109956000}], "maxAge": 86400}, "institutionOwnership": {"ownershipList": [], "maxAge": 1}, "majorHoldersBreakdown": {"maxAge": 1}, "balanceSheetHistoryQuarterly": {"balanceSheetStatements": [{"maxAge": 1, "endDate": "2020-12-31", "cash": 1273503, "netReceivables": 284846714, "inventory": 244026123, "otherCurrentAssets": 147954694, "totalCurrentAssets": 678101034, "propertyPlantEquipment": 430652440, "otherAssets": 24331152, "totalAssets": 1133084626, "accountsPayable": 33110686, "shortLongTermDebt": 8143841, "otherCurrentLiab": 20829336, "longTermDebt": 242664395, "otherLiab": 31310108, "totalCurrentLiabilities": 415177499, "totalLiab": 689152002, "commonStock": 104520000, "treasuryStock": 339412624, "otherStockholderEquity": 339412624, "totalStockholderEquity": 443932624, "netTangibleAssets": 443932624}, {"maxAge": 1, "endDate": "2020-09-30", "cash": 1174981, "netReceivables": 298943286, "inventory": 148164202, "otherCurrentAssets": 120508642, "totalCurrentAssets": 568791111, "propertyPlantEquipment": 403606227, "otherAssets": 26958731, "totalAssets": 999356069, "accountsPayable": 979962, "shortLongTermDebt": 8548999, "otherCurrentLiab": 12793877, "longTermDebt": 165135065, "otherLiab": 30954645, "totalCurrentLiabilities": 381097799, "totalLiab": 577187509, "commonStock": 104520000, "treasuryStock": 317648559, "otherStockholderEquity": 317648559, "totalStockholderEquity": 422168559, "netTangibleAssets": 422168559}, {"maxAge": 1, "endDate": "2020-06-30", "totalStockholderEquity": 407876661, "netTangibleAssets": 407876661}, {"maxAge": 1, "endDate": "2020-03-31", "cash": 58521707, "netReceivables": 404901940, "inventory": 148177554, "otherCurrentAssets": 51430239, "totalCurrentAssets": 663031440, "propertyPlantEquipment": 392848425, "otherAssets": 28628441, "totalAssets": 1084508306, "accountsPayable": 46958577, "shortLongTermDebt": 37216047, "otherCurrentLiab": 11726164, "longTermDebt": 143571046, "otherLiab": 30175040, "totalCurrentLiabilities": 502885559, "totalLiab": 676631645, "commonStock": 104520000, "treasuryStock": 303356661, "otherStockholderEquity": 303356661, "totalStockholderEquity": 407876661, "netTangibleAssets": 407876661}], "maxAge": 86400}, "indexTrend": {"maxAge": 1, "symbol": "SP5", "peRatio": 19.7411, "pegRatio": 1.34172, "estimates": [{"period": "0q", "growth": 0.549}, {"period": "+1q", "growth": 0.431}, {"period": "0y", "growth": 0.305}, {"period": "+1y", "growth": 0.109}, {"period": "+5y", "growth": 0.120865}, {"period": "-5y"}]}, "defaultKeyStatistics": {"maxAge": 1, "priceHint": 2, "enterpriseValue": 1387390208, "profitMargins": 0.043909997, "floatShares": 2777952, "sharesOutstanding": 10452000, "beta": -0.209269, "category": null, "bookValue": 42.427, "priceToBook": 1.7677423, "fundFamily": null, "legalType": null, "lastFiscalYearEnd": "2020-03-31 05:30:00", "nextFiscalYearEnd": "2022-03-31 05:30:00", "mostRecentQuarter": "2020-12-31 05:30:00", "earningsQuarterlyGrowth": 0.059, "netIncomeToCommon": 77035264, "trailingEps": 7.367, "lastSplitFactor": null, "enterpriseToRevenue": 0.791, "enterpriseToEbitda": 8.676}, "summaryProfile": {"address1": "H.No. 11-70/5, G.P. Complex", "address2": "2nd Floor Shivalayam Road Fathenagar", "city": "Hyderabad", "zip": "500018", "country": "India", "phone": "91 40 2377 8090", "website": "http://www.geekaywires.com", "industry": "Electrical Equipment & Parts", "sector": "Industrials", "longBusinessSummary": "Geekay Wires Limited manufactures and sells galvanized steel wires and nail products in India and internationally. The company offers barbad, chain link fence, welded wire mesh, ACSR core, earth, stay, hot dipped galvanized, binding, bright and black annealed, mild steel and high carbon drawn, welding electrode, hair clip, steel wool, umbrella rib, nail, spring, patented, stitching, poultry, spring steel, electrode, and fan wires. It also provides cable armour wire rounds and flats, steel tapes, and fasteners, as well as wire for wire ropes. In addition, the company offers wire-collated, common, D-head, full head plastic strip, and coil nails. It serves various clients covering a range of applications comprising power transmission, cable and conductor, general engineering, construction, etc. Geekay Wires Limited was incorporated in 1989 and is based in Hyderabad, India.", "fullTimeEmployees": 332, "companyOfficers": [], "maxAge": 86400}, "netSharePurchaseActivity": {"maxAge": 1, "period": "6m", "buyInfoCount": 0, "buyInfoShares": 0, "sellInfoCount": 0, "netInfoCount": 0, "netInfoShares": 0, "totalInsiderShares": 0}, "quoteType": {"exchange": "NSI", "quoteType": "EQUITY", "symbol": "GEEKAYWIRE.NS", "underlyingSymbol": "GEEKAYWIRE.NS", "shortName": "GEEKAY WIRES LIMITED", "longName": "Geekay Wires Limited", "firstTradeDateEpochUtc": "2017-08-24 09:15:00", "timeZoneFullName": "Asia/Kolkata", "timeZoneShortName": "IST", "uuid": "d8f6d90a-1fd9-3cbc-a8e2-562ceda6342b", "gmtOffSetMilliseconds": 19800000, "maxAge": 1}, "incomeStatementHistory": {"incomeStatementHistory": [{"maxAge": 1, "endDate": "2020-03-31", "totalRevenue": 1943695344, "costOfRevenue": 1444529116, "grossProfit": 499166228, "researchDevelopment": {}, "sellingGeneralAdministrative": 83550757, "nonRecurring": {}, "otherOperatingExpenses": 262834888, "totalOperatingExpenses": 1818046133, "operatingIncome": 125649211, "totalOtherIncomeExpenseNet": -36166616, "ebit": 125649211, "interestExpense": -63544045, "incomeBeforeTax": 89482595, "incomeTaxExpense": 24598053, "minorityInterest": {}, "netIncomeFromContinuingOps": 64884542, "discontinuedOperations": {}, "extraordinaryItems": {}, "effectOfAccountingCharges": {}, "otherItems": {}, "netIncome": 64884542, "netIncomeApplicableToCommonShares": 64884542}, {"maxAge": 1, "endDate": "2019-03-31", "totalRevenue": 2221201047, "costOfRevenue": 1826895580, "grossProfit": 394305467, "researchDevelopment": {}, "sellingGeneralAdministrative": 64509364, "nonRecurring": {}, "otherOperatingExpenses": 205160015, "totalOperatingExpenses": 2118856148, "operatingIncome": 102344899, "totalOtherIncomeExpenseNet": -52628217, "ebit": 102344899, "interestExpense": -72729980, "incomeBeforeTax": 49716682, "incomeTaxExpense": 21068074, "minorityInterest": {}, "netIncomeFromContinuingOps": 28648608, "discontinuedOperations": {}, "extraordinaryItems": {}, "effectOfAccountingCharges": {}, "otherItems": {}, "netIncome": 28648608, "netIncomeApplicableToCommonShares": 28648608}, {"maxAge": 1, "endDate": "2018-03-31", "totalRevenue": 1257659490, "costOfRevenue": 1035676502, "grossProfit": 221982988, "researchDevelopment": {}, "sellingGeneralAdministrative": 22114457, "nonRecurring": {}, "otherOperatingExpenses": 119710304, "totalOperatingExpenses": 1191571297, "operatingIncome": 66088193, "totalOtherIncomeExpenseNet": -48670317, "ebit": 66088193, "interestExpense": -51012254, "incomeBeforeTax": 17417876, "incomeTaxExpense": 9226461, "minorityInterest": {}, "netIncomeFromContinuingOps": 8191415, "discontinuedOperations": {}, "extraordinaryItems": {}, "effectOfAccountingCharges": {}, "otherItems": {}, "netIncome": 8191415, "netIncomeApplicableToCommonShares": 8191415}, {"maxAge": 1, "endDate": "2017-03-31", "totalRevenue": 642980681, "costOfRevenue": 552409972, "grossProfit": 90570709, "researchDevelopment": {}, "sellingGeneralAdministrative": 14141133, "nonRecurring": {}, "otherOperatingExpenses": 30312899, "totalOperatingExpenses": 604009169, "operatingIncome": 38971512, "totalOtherIncomeExpenseNet": -29315945, "ebit": 38971512, "interestExpense": -35845547, "incomeBeforeTax": 9655567, "incomeTaxExpense": 3127135, "minorityInterest": {}, "netIncomeFromContinuingOps": 6528432, "discontinuedOperations": {}, "extraordinaryItems": {}, "effectOfAccountingCharges": {}, "otherItems": {}, "netIncome": 6528432, "netIncomeApplicableToCommonShares": 6528432}], "maxAge": 86400}, "fundOwnership": {"ownershipList": [], "maxAge": 1}, "summaryDetail": {"maxAge": 1, "priceHint": 2, "previousClose": 76.8, "open": 76.8, "dayLow": 74.0, "dayHigh": 77.05, "regularMarketPreviousClose": 76.8, "regularMarketOpen": 76.8, "regularMarketDayLow": 74.0, "regularMarketDayHigh": 77.05, "dividendRate": 4.0, "dividendYield": 0.0547, "exDividendDate": "2020-09-03 05:30:00", "payoutRatio": 0.2755, "beta": -0.209269, "trailingPE": 10.180534, "volume": 766, "regularMarketVolume": 766, "averageVolume": 13377, "averageVolume10days": 19414, "averageDailyVolume10Day": 19414, "bid": 0.0, "ask": 0.0, "marketCap": 783900032, "fiftyTwoWeekLow": 41.0, "fiftyTwoWeekHigh": 102.0, "priceToSalesTrailing12Months": 0.44685486, "fiftyDayAverage": 79.1697, "twoHundredDayAverage": 72.36321, "trailingAnnualDividendRate": 2.0, "trailingAnnualDividendYield": 0.026041666, "currency": "INR", "fromCurrency": null, "lastMarket": null, "algorithm": null, "tradeable": false}, "incomeStatementHistoryQuarterly": {"incomeStatementHistory": [{"maxAge": 1, "endDate": "2020-12-31", "totalRevenue": 544418225, "costOfRevenue": 433046355, "grossProfit": 111371870, "researchDevelopment": {}, "sellingGeneralAdministrative": 20455061, "nonRecurring": {}, "otherOperatingExpenses": 39619326, "totalOperatingExpenses": 500243401, "operatingIncome": 44174824, "totalOtherIncomeExpenseNet": -14022337, "ebit": 44174824, "interestExpense": -14022336, "incomeBeforeTax": 30152487, "incomeTaxExpense": 8388422, "minorityInterest": {}, "netIncomeFromContinuingOps": 21764065, "discontinuedOperations": {}, "extraordinaryItems": {}, "effectOfAccountingCharges": {}, "otherItems": {}, "netIncome": 21764065, "netIncomeApplicableToCommonShares": 21764065}, {"maxAge": 1, "endDate": "2020-09-30", "totalRevenue": 448224698, "costOfRevenue": 341720171, "grossProfit": 106504527, "researchDevelopment": {}, "sellingGeneralAdministrative": 15969679, "nonRecurring": {}, "otherOperatingExpenses": 42250078, "totalOperatingExpenses": 406800369, "operatingIncome": 41424329, "totalOtherIncomeExpenseNet": -13137779, "ebit": 41424329, "interestExpense": -13137780, "incomeBeforeTax": 28286550, "incomeTaxExpense": 7869318, "minorityInterest": {}, "netIncomeFromContinuingOps": 20417232, "discontinuedOperations": {}, "extraordinaryItems": {}, "effectOfAccountingCharges": {}, "otherItems": {}, "netIncome": 20417232, "netIncomeApplicableToCommonShares": 20417232}, {"maxAge": 1, "endDate": "2020-06-30", "totalRevenue": 294598335, "costOfRevenue": 216271423, "grossProfit": 78326912, "researchDevelopment": {}, "sellingGeneralAdministrative": 13710450, "nonRecurring": {}, "otherOperatingExpenses": 25363635, "totalOperatingExpenses": 262072860, "operatingIncome": 32525475, "totalOtherIncomeExpenseNet": -12042648, "ebit": 32525475, "interestExpense": -12042648, "incomeBeforeTax": 20482827, "incomeTaxExpense": 5704164, "minorityInterest": {}, "netIncomeFromContinuingOps": 14778663, "discontinuedOperations": {}, "extraordinaryItems": {}, "effectOfAccountingCharges": {}, "otherItems": {}, "netIncome": 14778663, "netIncomeApplicableToCommonShares": 14778663}, {"maxAge": 1, "endDate": "2020-03-31", "totalRevenue": 498404310, "costOfRevenue": 343619761, "grossProfit": 154784549, "researchDevelopment": {}, "sellingGeneralAdministrative": 19443146, "nonRecurring": {}, "otherOperatingExpenses": 85946820, "totalOperatingExpenses": 456213221, "operatingIncome": 42191089, "totalOtherIncomeExpenseNet": -14556598, "ebit": 42191089, "interestExpense": -14556596, "incomeBeforeTax": 27634491, "incomeTaxExpense": 7559184, "minorityInterest": {}, "netIncomeFromContinuingOps": 20075307, "discontinuedOperations": {}, "extraordinaryItems": {}, "effectOfAccountingCharges": {}, "otherItems": {}, "netIncome": 20075307, "netIncomeApplicableToCommonShares": 20075307}], "maxAge": 86400}, "cashflowStatementHistoryQuarterly": {"cashflowStatements": [{"maxAge": 1, "endDate": "2020-12-31", "netIncome": 21764065, "depreciation": 7122658, "changeToNetincome": 31015720, "changeToAccountReceivables": 14096573, "changeToLiabilities": 32130723, "changeToInventory": -95861921, "changeToOperatingActivities": -27848707, "totalCashFromOperatingActivities": -17580889, "capitalExpenditures": -34022292, "totalCashflowsFromInvestingActivities": -34140692, "netBorrowings": 71848003, "otherCashflowsFromFinancingActivities": -10002481, "totalCashFromFinancingActivities": 61845522, "effectOfExchangeRate": -10025419, "changeInCash": 98522}, {"maxAge": 1, "endDate": "2020-09-30", "netIncome": 20417232, "depreciation": 7122658, "changeToNetincome": 31015720, "changeToAccountReceivables": 14096573, "changeToLiabilities": 0, "changeToInventory": -95861921, "changeToOperatingActivities": -27848707, "totalCashFromOperatingActivities": -17580889, "capitalExpenditures": -34022292, "totalCashflowsFromInvestingActivities": -34140692, "netBorrowings": 71848003, "otherCashflowsFromFinancingActivities": -10002481, "totalCashFromFinancingActivities": 61845522, "effectOfExchangeRate": -10025419, "changeInCash": 98522}, {"maxAge": 1, "endDate": "2020-06-30", "netIncome": 14778663, "depreciation": 7122658, "changeToNetincome": 31015720, "changeToAccountReceivables": 14096573, "changeToLiabilities": 0, "changeToInventory": -95861921, "changeToOperatingActivities": -27848707, "totalCashFromOperatingActivities": -17580889, "capitalExpenditures": -34022292, "totalCashflowsFromInvestingActivities": -34140692, "netBorrowings": 71848003, "otherCashflowsFromFinancingActivities": -10002481, "totalCashFromFinancingActivities": 61845522, "effectOfExchangeRate": -10025419, "changeInCash": 98522}, {"maxAge": 1, "endDate": "2020-03-31", "netIncome": 20075307, "depreciation": 7122658, "changeToNetincome": 31015720, "changeToAccountReceivables": 14096573, "changeToLiabilities": 0, "changeToInventory": -95861921, "changeToOperatingActivities": -27848707, "totalCashFromOperatingActivities": -17580889, "capitalExpenditures": -34022292, "totalCashflowsFromInvestingActivities": -34140692, "netBorrowings": 71848003, "otherCashflowsFromFinancingActivities": -10002481, "totalCashFromFinancingActivities": 61845522, "effectOfExchangeRate": -10025419, "changeInCash": 98522}], "maxAge": 86400}, "insiderHolders": {"holders": [], "maxAge": 1}, "calendarEvents": {"maxAge": 1, "earnings": {"earningsDate": []}, "exDividendDate": "2020-09-03 05:30:00"}, "upgradeDowngradeHistory": {"history": [], "maxAge": 86400}, "price": {"maxAge": 1, "regularMarketChangePercent": -0.023437537, "regularMarketChange": -1.800003, "regularMarketTime": "2021-04-30 15:27:35", "priceHint": 2, "regularMarketPrice": 75.0, "regularMarketDayHigh": 77.05, "regularMarketDayLow": 74.0, "regularMarketVolume": 766, "averageDailyVolume10Day": 19414, "averageDailyVolume3Month": 13377, "regularMarketPreviousClose": 76.8, "regularMarketSource": "FREE_REALTIME", "regularMarketOpen": 76.8, "exchange": "NSI", "exchangeName": "NSE", "exchangeDataDelayedBy": 15, "marketState": "CLOSED", "quoteType": "EQUITY", "symbol": "GEEKAYWIRE.NS", "underlyingSymbol": null, "shortName": "GEEKAY WIRES LIMITED", "longName": "Geekay Wires Limited", "currency": "INR", "quoteSourceName": "Delayed Quote", "currencySymbol": "\u20b9", "fromCurrency": null, "lastMarket": null, "marketCap": 783900032}, "balanceSheetHistory": {"balanceSheetStatements": [{"maxAge": 1, "endDate": "2020-03-31", "cash": 58521707, "netReceivables": 406132068, "inventory": 148177554, "otherCurrentAssets": 50200111, "totalCurrentAssets": 663031440, "propertyPlantEquipment": 392848425, "otherAssets": 28628441, "totalAssets": 1084508306, "accountsPayable": 46958577, "shortLongTermDebt": 34795644, "otherCurrentLiab": 13965919, "longTermDebt": 143571046, "otherLiab": 30175040, "totalCurrentLiabilities": 502885559, "totalLiab": 676631645, "commonStock": 104520000, "retainedEarnings": 122287621, "treasuryStock": 46803040, "capitalSurplus": 134266000, "otherStockholderEquity": 46803040, "totalStockholderEquity": 407876661, "netTangibleAssets": 407876661}, {"maxAge": 1, "endDate": "2019-03-31", "cash": 83233034, "netReceivables": 533731404, "inventory": 182907087, "otherCurrentAssets": 61731360, "totalCurrentAssets": 861602885, "propertyPlantEquipment": 376538050, "otherAssets": 26893104, "totalAssets": 1265034039, "accountsPayable": 193848794, "shortLongTermDebt": 95881622, "otherCurrentLiab": 12367254, "longTermDebt": 210284044, "otherLiab": 26927651, "totalCurrentLiabilities": 695065299, "totalLiab": 932276994, "commonStock": 104520000, "retainedEarnings": 47168005, "treasuryStock": 46803040, "capitalSurplus": 134266000, "otherStockholderEquity": 46803040, "totalStockholderEquity": 332757045, "netTangibleAssets": 332757045}, {"maxAge": 1, "endDate": "2018-03-31", "cash": 81181206, "netReceivables": 387415099, "inventory": 249867922, "otherCurrentAssets": 118381157, "totalCurrentAssets": 836845384, "propertyPlantEquipment": 330257127, "otherAssets": 18356181, "totalAssets": 1185458692, "accountsPayable": 127471845, "otherCurrentLiab": 103881750, "longTermDebt": 272622904, "otherLiab": 16094650, "totalCurrentLiabilities": 664712697, "totalLiab": 953430251, "commonStock": 83320000, "retainedEarnings": 18519401, "treasuryStock": 46803040, "capitalSurplus": 83386000, "otherStockholderEquity": 46803040, "totalStockholderEquity": 232028441, "netTangibleAssets": 232028441}, {"maxAge": 1, "endDate": "2017-03-31", "cash": 38831477, "netReceivables": 203019655, "inventory": 90811718, "otherCurrentAssets": 83081840, "totalCurrentAssets": 415744690, "propertyPlantEquipment": 263004985, "otherAssets": 15058941, "totalAssets": 693808616, "accountsPayable": 37111566, "shortLongTermDebt": 24911430, "otherCurrentLiab": 7668151, "longTermDebt": 192975691, "otherLiab": 7014446, "totalCurrentLiabilities": 379937453, "totalLiab": 579927590, "commonStock": 50000000, "retainedEarnings": 10327986, "treasuryStock": 46803040, "capitalSurplus": 6750000, "otherStockholderEquity": 46803040, "totalStockholderEquity": 113881026, "netTangibleAssets": 113881026}], "maxAge": 86400}, "financialData": {"maxAge": 86400, "currentPrice": 75.0, "recommendationKey": "none", "totalCash": 1273503, "totalCashPerShare": 0.122, "ebitda": 159909152, "totalDebt": 603901888, "quickRatio": 0.689, "currentRatio": 1.633, "totalRevenue": 1754260992, "debtToEquity": 136.035, "revenuePerShare": 167.764, "returnOnAssets": 0.07337, "returnOnEquity": 0.18087, "grossProfits": 499166228, "earningsGrowth": 0.056, "revenueGrowth": 0.356, "grossMargins": 0.23793, "ebitdaMargins": 0.09115, "operatingMargins": 0.074200004, "profitMargins": 0.043909997, "financialCurrency": "INR"}}}