{"GENCON.NS": {"assetProfile": {"address1": "201 & 202, Fitwell House", "address2": "2nd Floor Opp Home Town LBS Road, Vikhroli (West)", "city": "Mumbai", "zip": "400083", "country": "India", "phone": "91 22 2578 0272", "website": "http://www.gecpl.com", "industry": "Engineering & Construction", "sector": "Industrials", "longBusinessSummary": "Generic Engineering Construction and Projects Limited engages in the construction of residential buildings, commercial complexes, and other related activities in India. It offers general contracting services for civil and structural works; and internal infrastructure, such as roads, landscaping, etc., as well as provides specialized services for elevators, BMS, etc. The company also provides designing and engineering services for architecture, structural, electrical, mechanical, HVAC, plumbing and sewerage, fire protection, building management, and infrastructure works; and procurement, project management, and construction services. In addition, it offers engineering, procurement, and construction solutions, as well as project management consultancy services. The company was founded in 1967 and is based in Mumbai, India.", "fullTimeEmployees": 184, "companyOfficers": [{"maxAge": 1, "name": "Mr. Manish Ravilal Patel", "age": 49, "title": "MD & Exec. Director", "yearBorn": 1971, "fiscalYear": 2020, "totalPay": 6000000, "exercisedValue": 0, "unexercisedValue": 0}, {"maxAge": 1, "name": "Mr. Tarak Bipinchandra Gor", "age": 42, "title": "CFO & Whole Time Director", "yearBorn": 1978, "fiscalYear": 2020, "totalPay": 3300000, "exercisedValue": 0, "unexercisedValue": 0}, {"maxAge": 1, "name": "Ms. Ami  Shah", "title": "Company Sec. & Compliance Officer", "fiscalYear": 2020, "totalPay": 699000, "exercisedValue": 0, "unexercisedValue": 0}, {"maxAge": 1, "name": "Mr. Jayesh Sheshmal Rawal CA", "age": 47, "title": "Exec. Director", "yearBorn": 1973, "fiscalYear": 2020, "totalPay": 3300000, "exercisedValue": 0, "unexercisedValue": 0}], "compensationAsOfEpochDate": "2020-12-31 05:30:00", "maxAge": 86400}, "cashflowStatementHistory": {"cashflowStatements": [{"maxAge": 1, "endDate": "2020-03-31", "netIncome": 145361000, "depreciation": 54499931, "changeToNetincome": 23414000, "changeToAccountReceivables": -415271000, "changeToLiabilities": -45601000, "totalCashFromOperatingActivities": -237357000, "capitalExpenditures": -355690000, "otherCashflowsFromInvestingActivities": 4583000, "totalCashflowsFromInvestingActivities": -351197000, "dividendsPaid": -2017000, "netBorrowings": 262056000, "otherCashflowsFromFinancingActivities": -46692000, "totalCashFromFinancingActivities": 341597000, "changeInCash": -246957000, "issuanceOfStock": 128250000}, {"maxAge": 1, "endDate": "2019-03-31", "netIncome": 156223000, "depreciation": 40480000, "changeToNetincome": 47063000, "changeToAccountReceivables": -677406000, "changeToLiabilities": 75390000, "totalCashFromOperatingActivities": -358250000, "capitalExpenditures": -93481000, "otherCashflowsFromInvestingActivities": 1174000, "totalCashflowsFromInvestingActivities": -73116000, "dividendsPaid": -2335000, "netBorrowings": 21456000, "otherCashflowsFromFinancingActivities": -33691000, "totalCashFromFinancingActivities": 197130000, "changeInCash": -234236000, "issuanceOfStock": 211700000}, {"maxAge": 1, "endDate": "2018-03-31", "netIncome": 114960000, "depreciation": 23381000, "changeToNetincome": 20998000, "changeToAccountReceivables": -306603000, "changeToLiabilities": 130911000, "totalCashFromOperatingActivities": -16353000, "capitalExpenditures": -102058000, "investments": 66000, "otherCashflowsFromInvestingActivities": 3246000, "totalCashflowsFromInvestingActivities": -89513000, "dividendsPaid": -1978000, "netBorrowings": 21827000, "otherCashflowsFromFinancingActivities": -21639000, "totalCashFromFinancingActivities": 553956000, "changeInCash": 448090000, "issuanceOfStock": 555746000}, {"maxAge": 1, "endDate": "2017-03-31", "netIncome": 16498000, "depreciation": 1187000, "changeToNetincome": 10192000, "changeToAccountReceivables": -195188000, "changeToLiabilities": 87863000, "totalCashFromOperatingActivities": -79448000, "capitalExpenditures": -266000, "investments": 66000, "otherCashflowsFromInvestingActivities": 2442000, "totalCashflowsFromInvestingActivities": 72078000, "dividendsPaid": -1978000, "netBorrowings": 35756000, "otherCashflowsFromFinancingActivities": -7403000, "totalCashFromFinancingActivities": 134321000, "changeInCash": 126951000, "issuanceOfStock": 105968000}], "maxAge": 86400}, "institutionOwnership": {"ownershipList": [], "maxAge": 1}, "majorHoldersBreakdown": {"maxAge": 1, "insidersPercentHeld": 0.71079004, "institutionsPercentHeld": 0.0, "institutionsFloatPercentHeld": 0.0, "institutionsCount": 0}, "balanceSheetHistoryQuarterly": {"balanceSheetStatements": [{"maxAge": 1, "endDate": "2020-12-31", "totalStockholderEquity": 1718347000, "netTangibleAssets": 1718347000}, {"maxAge": 1, "endDate": "2020-09-30", "cash": 105860000, "netReceivables": 766258000, "inventory": 452921000, "otherCurrentAssets": 264800000, "totalCurrentAssets": 1589839000, "propertyPlantEquipment": 621927000, "otherAssets": 356871000, "totalAssets": 2568637000, "accountsPayable": 267751000, "shortLongTermDebt": 978000, "otherCurrentLiab": 50375000, "longTermDebt": 45821000, "otherLiab": 61950000, "totalCurrentLiabilities": 742519000, "totalLiab": 850290000, "commonStock": 210697000, "treasuryStock": 1507650000, "otherStockholderEquity": 1507650000, "totalStockholderEquity": 1718347000, "netTangibleAssets": 1718347000}, {"maxAge": 1, "endDate": "2020-06-30", "totalStockholderEquity": 1772267000, "netTangibleAssets": 1772267000}, {"maxAge": 1, "endDate": "2020-03-31", "cash": 12247000, "shortTermInvestments": 82486000, "netReceivables": 738866000, "inventory": 440309000, "otherCurrentAssets": 281682000, "totalCurrentAssets": 1555590000, "propertyPlantEquipment": 466248700, "goodWill": 172710000, "intangibleAssets": 147300, "otherAssets": 384334000, "totalAssets": 2579030000, "accountsPayable": 309648000, "shortLongTermDebt": 1914000, "otherCurrentLiab": 21967000, "longTermDebt": 1863000, "otherLiab": 56034000, "totalCurrentLiabilities": 748866000, "totalLiab": 806763000, "commonStock": 210697000, "retainedEarnings": 409243000, "treasuryStock": -1000, "capitalSurplus": 1152328000, "otherStockholderEquity": -1000, "totalStockholderEquity": 1772267000, "netTangibleAssets": 1599409700}], "maxAge": 86400}, "indexTrend": {"maxAge": 1, "symbol": "SP5", "peRatio": 19.7411, "pegRatio": 1.34172, "estimates": [{"period": "0q", "growth": 0.549}, {"period": "+1q", "growth": 0.431}, {"period": "0y", "growth": 0.305}, {"period": "+1y", "growth": 0.109}, {"period": "+5y", "growth": 0.120865}, {"period": "-5y"}]}, "defaultKeyStatistics": {"maxAge": 1, "priceHint": 2, "enterpriseValue": 2248398336, "profitMargins": -0.00071000005, "floatShares": 8359084, "sharesOutstanding": 42139300, "heldPercentInsiders": 0.71079004, "heldPercentInstitutions": 0.0, "beta": 0.722657, "category": null, "bookValue": 41.107, "priceToBook": 1.0715936, "fundFamily": null, "legalType": null, "lastFiscalYearEnd": "2020-03-31 05:30:00", "nextFiscalYearEnd": "2022-03-31 05:30:00", "mostRecentQuarter": "2020-12-31 05:30:00", "earningsQuarterlyGrowth": -0.485, "netIncomeToCommon": -890000, "trailingEps": -0.026, "lastSplitFactor": null, "enterpriseToRevenue": 1.798, "enterpriseToEbitda": 23.288}, "summaryProfile": {"address1": "201 & 202, Fitwell House", "address2": "2nd Floor Opp Home Town LBS Road, Vikhroli (West)", "city": "Mumbai", "zip": "400083", "country": "India", "phone": "91 22 2578 0272", "website": "http://www.gecpl.com", "industry": "Engineering & Construction", "sector": "Industrials", "longBusinessSummary": "Generic Engineering Construction and Projects Limited engages in the construction of residential buildings, commercial complexes, and other related activities in India. It offers general contracting services for civil and structural works; and internal infrastructure, such as roads, landscaping, etc., as well as provides specialized services for elevators, BMS, etc. The company also provides designing and engineering services for architecture, structural, electrical, mechanical, HVAC, plumbing and sewerage, fire protection, building management, and infrastructure works; and procurement, project management, and construction services. In addition, it offers engineering, procurement, and construction solutions, as well as project management consultancy services. The company was founded in 1967 and is based in Mumbai, India.", "fullTimeEmployees": 184, "companyOfficers": [], "maxAge": 86400}, "netSharePurchaseActivity": {"maxAge": 1, "period": "6m", "buyInfoCount": 0, "buyInfoShares": 0, "sellInfoCount": 0, "netInfoCount": 0, "netInfoShares": 0, "netPercentInsiderShares": 0.0, "totalInsiderShares": 30400908}, "insiderTransactions": {"transactions": [{"maxAge": 1, "shares": 1800000, "filerUrl": "", "transactionText": "", "filerName": "Generic Engineering & Construction Pvt. Ltd.", "filerRelation": "Promoter", "moneyText": "", "startDate": "2019-09-27", "ownership": "D"}, {"maxAge": 1, "shares": 1800000, "filerUrl": "", "transactionText": "", "filerName": "Generic Engineering & Construction Pvt. Ltd.", "filerRelation": "Promoter", "moneyText": "", "startDate": "2019-03-29", "ownership": "D"}, {"maxAge": 1, "shares": 0, "filerUrl": "", "transactionText": "", "filerName": "Generic Engineering & Construction Pvt. Ltd.", "filerRelation": "Promoter", "moneyText": "", "startDate": "2019-03-29", "ownership": "I"}, {"maxAge": 1, "shares": 650, "filerUrl": "", "transactionText": "", "filerName": "Rawal (Chanda Jayesh)", "filerRelation": "UNREPORTED", "moneyText": "", "startDate": "2018-01-29", "ownership": "D"}, {"maxAge": 1, "shares": 3250, "filerUrl": "", "transactionText": "", "filerName": "Rawal (Jayesh Sheshmal)", "filerRelation": "UNREPORTED", "moneyText": "", "startDate": "2018-01-29", "ownership": "D"}, {"maxAge": 1, "shares": 5000, "filerUrl": "", "transactionText": "", "filerName": "Rawal (Chanda Jayesh)", "filerRelation": "UNREPORTED", "moneyText": "", "startDate": "2018-01-09", "ownership": "D"}, {"maxAge": 1, "shares": 20500, "filerUrl": "", "transactionText": "", "filerName": "Rawal (Jayesh Sheshmal)", "filerRelation": "UNREPORTED", "moneyText": "", "startDate": "2018-01-09", "ownership": "D"}], "maxAge": 1}, "quoteType": {"exchange": "NSI", "quoteType": "EQUITY", "symbol": "GENCON.NS", "underlyingSymbol": "GENCON.NS", "shortName": "Generic Eng Cons Proj Ltd", "longName": "Generic Engineering Construction and Projects Limited", "firstTradeDateEpochUtc": "2021-02-16 09:15:00", "timeZoneFullName": "Asia/Kolkata", "timeZoneShortName": "IST", "uuid": "eb951510-26cb-3eda-be2d-b3cda6143a88", "gmtOffSetMilliseconds": 19800000, "maxAge": 1}, "incomeStatementHistory": {"incomeStatementHistory": [{"maxAge": 1, "endDate": "2020-03-31", "totalRevenue": 2003596000, "costOfRevenue": 1561367000, "grossProfit": 442229000, "researchDevelopment": {}, "sellingGeneralAdministrative": 123215000, "nonRecurring": {}, "otherOperatingExpenses": 22701000, "totalOperatingExpenses": 1762023000, "operatingIncome": 241573000, "totalOtherIncomeExpenseNet": -48576000, "ebit": 241573000, "interestExpense": -28143000, "incomeBeforeTax": 192997000, "incomeTaxExpense": 47636000, "minorityInterest": {}, "netIncomeFromContinuingOps": 145361000, "discontinuedOperations": {}, "extraordinaryItems": {}, "effectOfAccountingCharges": {}, "otherItems": {}, "netIncome": 145361000, "netIncomeApplicableToCommonShares": 145361000}, {"maxAge": 1, "endDate": "2019-03-31", "totalRevenue": 2020081000, "costOfRevenue": 1615445000, "grossProfit": 404636000, "researchDevelopment": {}, "sellingGeneralAdministrative": 90403000, "nonRecurring": {}, "otherOperatingExpenses": 20477000, "totalOperatingExpenses": 1766805000, "operatingIncome": 253276000, "totalOtherIncomeExpenseNet": -26519000, "ebit": 253276000, "interestExpense": -18282000, "incomeBeforeTax": 226757000, "incomeTaxExpense": 70534000, "minorityInterest": {}, "netIncomeFromContinuingOps": 156223000, "discontinuedOperations": {}, "extraordinaryItems": {}, "effectOfAccountingCharges": {}, "otherItems": {}, "netIncome": 156223000, "netIncomeApplicableToCommonShares": 156223000}, {"maxAge": 1, "endDate": "2018-03-31", "totalRevenue": 1383246000, "costOfRevenue": 1095981000, "grossProfit": 287265000, "researchDevelopment": {}, "sellingGeneralAdministrative": 71487000, "nonRecurring": {}, "otherOperatingExpenses": 18952000, "totalOperatingExpenses": 1209801000, "operatingIncome": 173445000, "totalOtherIncomeExpenseNet": -16914000, "ebit": 173445000, "interestExpense": -14981000, "incomeBeforeTax": 156531000, "incomeTaxExpense": 41571000, "minorityInterest": {}, "netIncomeFromContinuingOps": 114960000, "discontinuedOperations": {}, "extraordinaryItems": {}, "effectOfAccountingCharges": {}, "otherItems": {}, "netIncome": 114960000, "netIncomeApplicableToCommonShares": 114960000}, {"maxAge": 1, "endDate": "2017-03-31", "totalRevenue": 379243000, "costOfRevenue": 327935000, "grossProfit": 51308000, "researchDevelopment": {}, "sellingGeneralAdministrative": 17589000, "nonRecurring": {}, "otherOperatingExpenses": 9047000, "totalOperatingExpenses": 355758000, "operatingIncome": 23485000, "totalOtherIncomeExpenseNet": -1021000, "ebit": 23485000, "interestExpense": -5129000, "incomeBeforeTax": 22464000, "incomeTaxExpense": 5966000, "minorityInterest": {}, "netIncomeFromContinuingOps": 16498000, "discontinuedOperations": {}, "extraordinaryItems": {}, "effectOfAccountingCharges": {}, "otherItems": {}, "netIncome": 16498000, "netIncomeApplicableToCommonShares": 16498000}], "maxAge": 86400}, "fundOwnership": {"ownershipList": [], "maxAge": 1}, "summaryDetail": {"maxAge": 1, "priceHint": 2, "previousClose": 44.0, "open": 44.05, "dayLow": 41.1, "dayHigh": 45.75, "regularMarketPreviousClose": 44.0, "regularMarketOpen": 44.05, "regularMarketDayLow": 41.1, "regularMarketDayHigh": 45.75, "payoutRatio": 0.0, "beta": 0.722657, "volume": 796, "regularMarketVolume": 796, "averageVolume": 26073, "averageVolume10days": 2495, "averageDailyVolume10Day": 2495, "bid": 0.0, "ask": 0.0, "marketCap": 1877331712, "fiftyTwoWeekLow": 41.1, "fiftyTwoWeekHigh": 68.0, "priceToSalesTrailing12Months": 1.5010585, "fiftyDayAverage": 52.54531, "twoHundredDayAverage": 52.54531, "currency": "INR", "fromCurrency": null, "lastMarket": null, "algorithm": null, "tradeable": false}, "incomeStatementHistoryQuarterly": {"incomeStatementHistory": [{"maxAge": 1, "endDate": "2020-12-31", "totalRevenue": 362402000, "costOfRevenue": 281210000, "grossProfit": 81192000, "researchDevelopment": {}, "sellingGeneralAdministrative": 24183000, "nonRecurring": {}, "otherOperatingExpenses": 7808000, "totalOperatingExpenses": 333296000, "operatingIncome": 29106000, "totalOtherIncomeExpenseNet": -13541000, "ebit": 29106000, "interestExpense": -13540000, "incomeBeforeTax": 15565000, "incomeTaxExpense": 1023000, "minorityInterest": {}, "netIncomeFromContinuingOps": 14542000, "discontinuedOperations": {}, "extraordinaryItems": {}, "effectOfAccountingCharges": {}, "otherItems": {}, "netIncome": 14542000, "netIncomeApplicableToCommonShares": 14542000}, {"maxAge": 1, "endDate": "2020-09-30", "totalRevenue": 300803000, "costOfRevenue": 230540000, "grossProfit": 70263000, "researchDevelopment": {}, "sellingGeneralAdministrative": 12943000, "nonRecurring": {}, "otherOperatingExpenses": 4855000, "totalOperatingExpenses": 268318000, "operatingIncome": 32485000, "totalOtherIncomeExpenseNet": -13678000, "ebit": 32485000, "interestExpense": -13678000, "incomeBeforeTax": 18807000, "incomeTaxExpense": -422000, "minorityInterest": {}, "netIncomeFromContinuingOps": 19229000, "discontinuedOperations": {}, "extraordinaryItems": {}, "effectOfAccountingCharges": {}, "otherItems": {}, "netIncome": 19229000, "netIncomeApplicableToCommonShares": 19229000}, {"maxAge": 1, "endDate": "2020-06-30", "totalRevenue": 89509000, "costOfRevenue": 75106000, "grossProfit": 14403000, "researchDevelopment": {}, "sellingGeneralAdministrative": 3351000, "nonRecurring": {}, "otherOperatingExpenses": 55619000, "totalOperatingExpenses": 154021000, "operatingIncome": -64512000, "totalOtherIncomeExpenseNet": -15229000, "ebit": -64512000, "interestExpense": -15229000, "incomeBeforeTax": -79741000, "incomeTaxExpense": -6500000, "minorityInterest": {}, "netIncomeFromContinuingOps": -73241000, "discontinuedOperations": {}, "extraordinaryItems": {}, "effectOfAccountingCharges": {}, "otherItems": {}, "netIncome": -73241000, "netIncomeApplicableToCommonShares": -73241000}, {"maxAge": 1, "endDate": "2020-03-31", "totalRevenue": 497960000, "costOfRevenue": 368389000, "grossProfit": 129571000, "researchDevelopment": {}, "sellingGeneralAdministrative": 62146000, "nonRecurring": {}, "otherOperatingExpenses": -48000, "totalOperatingExpenses": 447758000, "operatingIncome": 50202000, "totalOtherIncomeExpenseNet": -11942000, "ebit": 50202000, "interestExpense": -15229000, "incomeBeforeTax": 38260000, "incomeTaxExpense": -321000, "minorityInterest": {}, "netIncomeFromContinuingOps": 38581000, "discontinuedOperations": {}, "extraordinaryItems": {}, "effectOfAccountingCharges": {}, "otherItems": {}, "netIncome": 38581000, "netIncomeApplicableToCommonShares": 38581000}], "maxAge": 86400}, "cashflowStatementHistoryQuarterly": {"cashflowStatements": [{"maxAge": 1, "endDate": "2020-12-31", "netIncome": 14542000, "changeToLiabilities": 0}, {"maxAge": 1, "endDate": "2020-09-30", "netIncome": 19229000, "changeToLiabilities": 0}, {"maxAge": 1, "endDate": "2020-06-30", "netIncome": -73241000, "changeToLiabilities": 0}, {"maxAge": 1, "endDate": "2020-03-31", "netIncome": 38581000, "changeToLiabilities": 0}], "maxAge": 86400}, "insiderHolders": {"holders": [{"maxAge": 1, "name": "Generic Engineering & Construction Pvt. Ltd.", "relation": "Promoter", "url": "", "transactionDescription": "Other", "latestTransDate": "2019-09-27", "positionDirect": 20983600, "positionDirectDate": "2019-09-27"}, {"maxAge": 1, "name": "Rawal (Chanda Jayesh)", "relation": "UNREPORTED", "url": "", "transactionDescription": "Acquisition", "latestTransDate": "2018-01-29", "positionDirect": 19258, "positionDirectDate": "2018-01-29"}, {"maxAge": 1, "name": "Rawal (Jayesh Sheshmal)", "relation": "UNREPORTED", "url": "", "transactionDescription": "Acquisition", "latestTransDate": "2018-01-29", "positionDirect": 49200, "positionDirectDate": "2018-01-29"}], "maxAge": 1}, "calendarEvents": {"maxAge": 1, "earnings": {"earningsDate": []}}, "upgradeDowngradeHistory": {"history": [], "maxAge": 86400}, "price": {"maxAge": 1, "regularMarketChangePercent": 0.0011363463, "regularMarketChange": 0.049999237, "regularMarketTime": "2021-04-30 15:27:51", "priceHint": 2, "regularMarketPrice": 44.05, "regularMarketDayHigh": 45.75, "regularMarketDayLow": 41.1, "regularMarketVolume": 796, "averageDailyVolume10Day": 2495, "averageDailyVolume3Month": 26073, "regularMarketPreviousClose": 44.0, "regularMarketSource": "FREE_REALTIME", "regularMarketOpen": 44.05, "exchange": "NSI", "exchangeName": "NSE", "exchangeDataDelayedBy": 15, "marketState": "CLOSED", "quoteType": "EQUITY", "symbol": "GENCON.NS", "underlyingSymbol": null, "shortName": "Generic Eng Cons Proj Ltd", "longName": "Generic Engineering Construction and Projects Limited", "currency": "INR", "quoteSourceName": "Delayed Quote", "currencySymbol": "\u20b9", "fromCurrency": null, "lastMarket": null, "marketCap": 1877331712}, "balanceSheetHistory": {"balanceSheetStatements": [{"maxAge": 1, "endDate": "2020-03-31", "cash": 12247000, "shortTermInvestments": 82486000, "netReceivables": 738866000, "inventory": 440309000, "otherCurrentAssets": 281682000, "totalCurrentAssets": 1555590000, "propertyPlantEquipment": 466248700, "goodWill": 172710000, "intangibleAssets": 147300, "otherAssets": 384334000, "totalAssets": 2579030000, "accountsPayable": 309648000, "shortLongTermDebt": 1914000, "otherCurrentLiab": 21967000, "longTermDebt": 1863000, "otherLiab": 56034000, "totalCurrentLiabilities": 748866000, "totalLiab": 806763000, "commonStock": 210697000, "retainedEarnings": 409243000, "treasuryStock": -1000, "capitalSurplus": 1152328000, "otherStockholderEquity": -1000, "totalStockholderEquity": 1772267000, "netTangibleAssets": 1599409700}, {"maxAge": 1, "endDate": "2019-03-31", "cash": 276288000, "shortTermInvestments": 65402000, "netReceivables": 750436000, "inventory": 147505000, "otherCurrentAssets": 219630000, "totalCurrentAssets": 1459261000, "longTermInvestments": 6000, "propertyPlantEquipment": 159251600, "goodWill": 172710000, "intangibleAssets": 183400, "otherAssets": 315700000, "totalAssets": 2107112000, "accountsPayable": 367479000, "shortLongTermDebt": 1410000, "otherCurrentLiab": 24467000, "longTermDebt": 1671000, "otherLiab": 49767000, "totalCurrentLiabilities": 547052000, "totalLiab": 598490000, "commonStock": 201697000, "retainedEarnings": 273848000, "treasuryStock": 42749000, "capitalSurplus": 990328000, "otherStockholderEquity": 42749000, "totalStockholderEquity": 1508622000, "netTangibleAssets": 1335728600}, {"maxAge": 1, "endDate": "2018-03-31", "cash": 557871000, "shortTermInvestments": 18056000, "netReceivables": 390815000, "inventory": 164402000, "otherCurrentAssets": 63167000, "totalCurrentAssets": 1194311000, "longTermInvestments": 6000, "propertyPlantEquipment": 105936300, "goodWill": 172710000, "intangibleAssets": 497700, "otherAssets": 156671000, "totalAssets": 1630132000, "accountsPayable": 340889000, "otherCurrentLiab": 8802000, "otherLiab": 9168000, "totalCurrentLiabilities": 474185000, "totalLiab": 483353000, "commonStock": 181802000, "retainedEarnings": 123704000, "treasuryStock": 209042000, "capitalSurplus": 632231000, "otherStockholderEquity": 209042000, "totalStockholderEquity": 1146779000, "netTangibleAssets": 973571300}, {"maxAge": 1, "endDate": "2017-03-31", "cash": 127836000, "netReceivables": 149074000, "inventory": 176571000, "otherCurrentAssets": 6514000, "totalCurrentAssets": 460029000, "longTermInvestments": 8000, "propertyPlantEquipment": 8758900, "goodWill": 191899900, "intangibleAssets": 13200, "otherAssets": 170838000, "deferredLongTermAssetCharges": 57000, "totalAssets": 831547000, "accountsPayable": 214280000, "otherCurrentLiab": 22193000, "otherLiab": 632000, "totalCurrentLiabilities": 354638000, "totalLiab": 355270000, "commonStock": 163562000, "retainedEarnings": 8808000, "capitalSurplus": 303907000, "totalStockholderEquity": 476277000, "netTangibleAssets": 284363900}], "maxAge": 86400}, "financialData": {"maxAge": 86400, "currentPrice": 44.05, "recommendationKey": "none", "totalCash": 105860000, "totalCashPerShare": 2.475, "ebitda": 96548096, "totalDebt": 470214016, "totalRevenue": 1250672000, "debtToEquity": 27.364, "revenuePerShare": 29.659, "grossProfits": 442229000, "earningsGrowth": -0.507, "revenueGrowth": -0.11, "grossMargins": 0.23621, "ebitdaMargins": 0.077199996, "operatingMargins": 0.03362, "profitMargins": -0.00071000005, "financialCurrency": "INR"}}}