{"GENCON.BO": {"cashflowStatementHistory": {"cashflowStatements": [{"maxAge": 1, "endDate": "2020-03-31", "netIncome": 145361000, "depreciation": 54740000, "changeToNetincome": 23414000, "changeToAccountReceivables": -415271000, "changeToLiabilities": -45601000, "totalCashFromOperatingActivities": -237357000, "capitalExpenditures": -355690000, "otherCashflowsFromInvestingActivities": 4583000, "totalCashflowsFromInvestingActivities": -351197000, "dividendsPaid": -2017000, "netBorrowings": 262056000, "otherCashflowsFromFinancingActivities": -46692000, "totalCashFromFinancingActivities": 341597000, "changeInCash": -246957000, "issuanceOfStock": 128250000}, {"maxAge": 1, "endDate": "2019-03-31", "netIncome": 156223000, "depreciation": 40165621, "changeToNetincome": 47063000, "changeToAccountReceivables": -677406000, "changeToLiabilities": 75390000, "totalCashFromOperatingActivities": -358250000, "capitalExpenditures": -93481000, "otherCashflowsFromInvestingActivities": 1174000, "totalCashflowsFromInvestingActivities": -73116000, "dividendsPaid": -2335000, "netBorrowings": 21456000, "otherCashflowsFromFinancingActivities": -33691000, "totalCashFromFinancingActivities": 197130000, "changeInCash": -234237000, "issuanceOfStock": 211700000}, {"maxAge": 1, "endDate": "2018-03-31", "netIncome": 114960000, "depreciation": 23381000, "changeToNetincome": 20998000, "changeToAccountReceivables": -306603000, "changeToLiabilities": 130911000, "totalCashFromOperatingActivities": -16353000, "capitalExpenditures": -102058000, "investments": 66000, "otherCashflowsFromInvestingActivities": 3246000, "totalCashflowsFromInvestingActivities": -89513000, "dividendsPaid": -1978000, "netBorrowings": 21827000, "otherCashflowsFromFinancingActivities": -21639000, "totalCashFromFinancingActivities": 553956000, "changeInCash": 448090000, "issuanceOfStock": 555746000}, {"maxAge": 1, "endDate": "2017-03-31", "netIncome": 16498000, "depreciation": 1187000, "changeToNetincome": 10192000, "changeToAccountReceivables": -195188000, "changeToLiabilities": 87863000, "totalCashFromOperatingActivities": -79448000, "capitalExpenditures": -266000, "investments": 66000, "otherCashflowsFromInvestingActivities": 2442000, "totalCashflowsFromInvestingActivities": 72078000, "dividendsPaid": -1978000, "netBorrowings": 35756000, "otherCashflowsFromFinancingActivities": -7403000, "totalCashFromFinancingActivities": 134321000, "changeInCash": 126951000, "issuanceOfStock": 105968000}], "maxAge": 86400}, "institutionOwnership": {"ownershipList": [], "maxAge": 1}, "balanceSheetHistoryQuarterly": {"balanceSheetStatements": [{"maxAge": 1, "endDate": "2020-06-30", "totalStockholderEquity": 1772267000, "netTangibleAssets": 1772267000}, {"maxAge": 1, "endDate": "2020-03-31", "cash": 94733000, "netReceivables": 738866000, "inventory": 440309000, "otherCurrentAssets": 281683000, "totalCurrentAssets": 1555591000, "propertyPlantEquipment": 639106000, "otherAssets": 384333000, "totalAssets": 2579030000, "accountsPayable": 309648000, "otherCurrentLiab": 37239000, "longTermDebt": 1863000, "otherLiab": 56034000, "totalCurrentLiabilities": 748866000, "totalLiab": 806763000, "commonStock": 210697000, "treasuryStock": 1561570000, "otherStockholderEquity": 1561570000, "totalStockholderEquity": 1772267000, "netTangibleAssets": 1772267000}, {"maxAge": 1, "endDate": "2019-12-31", "totalStockholderEquity": 1714135000, "netTangibleAssets": 1714135000}, {"maxAge": 1, "endDate": "2019-09-30", "cash": 330585000, "netReceivables": 905340000, "inventory": 274330000, "otherCurrentAssets": 337289000, "totalCurrentAssets": 1847544000, "longTermInvestments": 6000, "propertyPlantEquipment": 513706000, "otherAssets": 349303000, "totalAssets": 2710559000, "accountsPayable": 454601000, "otherCurrentLiab": 67721000, "longTermDebt": 1472000, "otherLiab": 58926000, "totalCurrentLiabilities": 936026000, "totalLiab": 996424000, "commonStock": 210697000, "treasuryStock": 1503438000, "otherStockholderEquity": 1503438000, "totalStockholderEquity": 1714135000, "netTangibleAssets": 1714135000}], "maxAge": 86400}, "indexTrend": {"maxAge": 1, "symbol": "SP5", "peRatio": 19.7411, "pegRatio": 1.34172, "estimates": [{"period": "0q", "growth": 0.549}, {"period": "+1q", "growth": 0.431}, {"period": "0y", "growth": 0.305}, {"period": "+1y", "growth": 0.109}, {"period": "+5y", "growth": 0.120865}, {"period": "-5y"}]}, "insiderTransactions": {"transactions": [{"maxAge": 1, "shares": 1800000, "filerUrl": "", "transactionText": "", "filerName": "Generic Engineering & Construction Pvt. Ltd.", "filerRelation": "Promoter", "moneyText": "", "startDate": "2019-09-27", "ownership": "D"}, {"maxAge": 1, "shares": 1800000, "filerUrl": "", "transactionText": "", "filerName": "Generic Engineering & Construction Pvt. Ltd.", "filerRelation": "Promoter", "moneyText": "", "startDate": "2019-03-29", "ownership": "D"}, {"maxAge": 1, "shares": 0, "filerUrl": "", "transactionText": "", "filerName": "Generic Engineering & Construction Pvt. Ltd.", "filerRelation": "Promoter", "moneyText": "", "startDate": "2019-03-29", "ownership": "I"}, {"maxAge": 1, "shares": 650, "filerUrl": "", "transactionText": "", "filerName": "Rawal (Chanda Jayesh)", "filerRelation": "UNREPORTED", "moneyText": "", "startDate": "2018-01-29", "ownership": "D"}, {"maxAge": 1, "shares": 3250, "filerUrl": "", "transactionText": "", "filerName": "Rawal (Jayesh Sheshmal)", "filerRelation": "UNREPORTED", "moneyText": "", "startDate": "2018-01-29", "ownership": "D"}, {"maxAge": 1, "shares": 5000, "filerUrl": "", "transactionText": "", "filerName": "Rawal (Chanda Jayesh)", "filerRelation": "UNREPORTED", "moneyText": "", "startDate": "2018-01-09", "ownership": "D"}, {"maxAge": 1, "shares": 20500, "filerUrl": "", "transactionText": "", "filerName": "Rawal (Jayesh Sheshmal)", "filerRelation": "UNREPORTED", "moneyText": "", "startDate": "2018-01-09", "ownership": "D"}], "maxAge": 1}, "quoteType": {"exchange": "BSE", "quoteType": "EQUITY", "symbol": "GENCON.BO", "underlyingSymbol": "GENCON.BO", "shortName": "Generic Engineering Constructi", "longName": "Generic Engineering Construction and Projects Limited", "firstTradeDateEpochUtc": "2016-02-12 09:15:00", "timeZoneFullName": "Asia/Kolkata", "timeZoneShortName": "IST", "uuid": "4d779e6a-a2b9-394c-8ce6-13e5b38750a3", "gmtOffSetMilliseconds": 19800000, "maxAge": 1}, "incomeStatementHistory": {"incomeStatementHistory": [{"maxAge": 1, "endDate": "2020-03-31", "totalRevenue": 2003596000, "costOfRevenue": 1602667000, "grossProfit": 400929000, "researchDevelopment": {}, "sellingGeneralAdministrative": 81356000, "nonRecurring": {}, "otherOperatingExpenses": 27909000, "totalOperatingExpenses": 1766672000, "operatingIncome": 236924000, "totalOtherIncomeExpenseNet": -43927000, "ebit": 236924000, "interestExpense": -52645000, "incomeBeforeTax": 192997000, "incomeTaxExpense": 47636000, "minorityInterest": {}, "netIncomeFromContinuingOps": 145361000, "discontinuedOperations": {}, "extraordinaryItems": {}, "effectOfAccountingCharges": {}, "otherItems": {}, "netIncome": 145361000, "netIncomeApplicableToCommonShares": 145361000}, {"maxAge": 1, "endDate": "2019-03-31", "totalRevenue": 2020081000, "costOfRevenue": 1615445000, "grossProfit": 404636000, "researchDevelopment": {}, "sellingGeneralAdministrative": 90403000, "nonRecurring": {}, "otherOperatingExpenses": 20477000, "totalOperatingExpenses": 1766805000, "operatingIncome": 253276000, "totalOtherIncomeExpenseNet": -26519000, "ebit": 253276000, "interestExpense": -18282000, "incomeBeforeTax": 226757000, "incomeTaxExpense": 70534000, "minorityInterest": {}, "netIncomeFromContinuingOps": 156223000, "discontinuedOperations": {}, "extraordinaryItems": {}, "effectOfAccountingCharges": {}, "otherItems": {}, "netIncome": 156223000, "netIncomeApplicableToCommonShares": 156223000}, {"maxAge": 1, "endDate": "2018-03-31", "totalRevenue": 1383246000, "costOfRevenue": 1095981000, "grossProfit": 287265000, "researchDevelopment": {}, "sellingGeneralAdministrative": 71487000, "nonRecurring": {}, "otherOperatingExpenses": 18952000, "totalOperatingExpenses": 1209801000, "operatingIncome": 173445000, "totalOtherIncomeExpenseNet": -16914000, "ebit": 173445000, "interestExpense": -14981000, "incomeBeforeTax": 156531000, "incomeTaxExpense": 41571000, "minorityInterest": {}, "netIncomeFromContinuingOps": 114960000, "discontinuedOperations": {}, "extraordinaryItems": {}, "effectOfAccountingCharges": {}, "otherItems": {}, "netIncome": 114960000, "netIncomeApplicableToCommonShares": 114960000}, {"maxAge": 1, "endDate": "2017-03-31", "totalRevenue": 379243000, "costOfRevenue": 327935000, "grossProfit": 51308000, "researchDevelopment": {}, "sellingGeneralAdministrative": 17589000, "nonRecurring": {}, "otherOperatingExpenses": 9047000, "totalOperatingExpenses": 355758000, "operatingIncome": 23485000, "totalOtherIncomeExpenseNet": -1021000, "ebit": 23485000, "interestExpense": -5129000, "incomeBeforeTax": 22464000, "incomeTaxExpense": 5966000, "minorityInterest": {}, "netIncomeFromContinuingOps": 16498000, "discontinuedOperations": {}, "extraordinaryItems": {}, "effectOfAccountingCharges": {}, "otherItems": {}, "netIncome": 16498000, "netIncomeApplicableToCommonShares": 16498000}], "maxAge": 86400}, "fundOwnership": {"ownershipList": [], "maxAge": 1}, "summaryDetail": {"maxAge": 1, "priceHint": 2, "previousClose": 44.5, "open": 44.5, "dayLow": 42.1, "dayHigh": 45.0, "regularMarketPreviousClose": 44.5, "regularMarketOpen": 44.5, "regularMarketDayLow": 42.1, "regularMarketDayHigh": 45.0, "trailingPE": 72.653725, "volume": 306, "regularMarketVolume": 306, "averageVolume": 13462, "averageVolume10days": 42494, "averageDailyVolume10Day": 42494, "bid": 42.75, "ask": 44.85, "bidSize": 0, "askSize": 0, "marketCap": 1730414592, "fiftyTwoWeekLow": 39.0, "fiftyTwoWeekHigh": 77.5, "fiftyDayAverage": 48.55606, "twoHundredDayAverage": 51.958088, "trailingAnnualDividendRate": 0.05, "trailingAnnualDividendYield": 0.0011235955, "currency": "INR", "fromCurrency": null, "lastMarket": null, "algorithm": null, "tradeable": false}, "incomeStatementHistoryQuarterly": {"incomeStatementHistory": [{"maxAge": 1, "endDate": "2020-06-30", "totalRevenue": 89509000, "costOfRevenue": 75106000, "grossProfit": 14403000, "researchDevelopment": {}, "sellingGeneralAdministrative": 3351000, "nonRecurring": {}, "otherOperatingExpenses": 58430000, "totalOperatingExpenses": 156832000, "operatingIncome": -67323000, "totalOtherIncomeExpenseNet": -12418000, "ebit": -67323000, "interestExpense": -15229000, "incomeBeforeTax": -79741000, "incomeTaxExpense": -6500000, "minorityInterest": {}, "netIncomeFromContinuingOps": -73241000, "discontinuedOperations": {}, "extraordinaryItems": {}, "effectOfAccountingCharges": {}, "otherItems": {}, "netIncome": -73241000, "netIncomeApplicableToCommonShares": -73241000}, {"maxAge": 1, "endDate": "2020-03-31", "totalRevenue": 497959000, "costOfRevenue": 409690000, "grossProfit": 88269000, "researchDevelopment": {}, "sellingGeneralAdministrative": 20287000, "nonRecurring": {}, "otherOperatingExpenses": 5160000, "totalOperatingExpenses": 452407000, "operatingIncome": 45552000, "totalOtherIncomeExpenseNet": -7292000, "ebit": 45552000, "interestExpense": -10784000, "incomeBeforeTax": 38260000, "incomeTaxExpense": -321000, "minorityInterest": {}, "netIncomeFromContinuingOps": 38581000, "discontinuedOperations": {}, "extraordinaryItems": {}, "effectOfAccountingCharges": {}, "otherItems": {}, "netIncome": 38581000, "netIncomeApplicableToCommonShares": 38581000}, {"maxAge": 1, "endDate": "2019-12-31", "totalRevenue": 407384000, "costOfRevenue": 302504000, "grossProfit": 104880000, "researchDevelopment": {}, "sellingGeneralAdministrative": 26646000, "nonRecurring": {}, "otherOperatingExpenses": 8646000, "totalOperatingExpenses": 351569000, "operatingIncome": 55815000, "totalOtherIncomeExpenseNet": -15068000, "ebit": 55815000, "interestExpense": -16738000, "incomeBeforeTax": 40747000, "incomeTaxExpense": 12489000, "minorityInterest": {}, "netIncomeFromContinuingOps": 28258000, "discontinuedOperations": {}, "extraordinaryItems": {}, "effectOfAccountingCharges": {}, "otherItems": {}, "netIncome": 28258000, "netIncomeApplicableToCommonShares": 28258000}, {"maxAge": 1, "endDate": "2019-09-30", "totalRevenue": 451128000, "costOfRevenue": 348075000, "grossProfit": 103053000, "researchDevelopment": {}, "sellingGeneralAdministrative": 19097000, "nonRecurring": {}, "otherOperatingExpenses": 7974000, "totalOperatingExpenses": 388118000, "operatingIncome": 63010000, "totalOtherIncomeExpenseNet": -14862000, "ebit": 63010000, "interestExpense": -17365000, "incomeBeforeTax": 48148000, "incomeTaxExpense": 15946000, "minorityInterest": {}, "netIncomeFromContinuingOps": 32202000, "discontinuedOperations": {}, "extraordinaryItems": {}, "effectOfAccountingCharges": {}, "otherItems": {}, "netIncome": 32202000, "netIncomeApplicableToCommonShares": 32202000}], "maxAge": 86400}, "cashflowStatementHistoryQuarterly": {"cashflowStatements": [{"maxAge": 1, "endDate": "2020-06-30", "netIncome": -73241000, "changeToLiabilities": 0}, {"maxAge": 1, "endDate": "2020-03-31", "netIncome": 38581000, "changeToLiabilities": 0}, {"maxAge": 1, "endDate": "2019-12-31", "netIncome": 28258000, "changeToLiabilities": 0}, {"maxAge": 1, "endDate": "2019-09-30", "netIncome": 32202000, "changeToLiabilities": 0}], "maxAge": 86400}, "insiderHolders": {"holders": [{"maxAge": 1, "name": "Generic Engineering & Construction Pvt. Ltd.", "relation": "Promoter", "url": "", "transactionDescription": "Other", "latestTransDate": "2019-09-27", "positionDirect": 20983600, "positionDirectDate": "2019-09-27"}, {"maxAge": 1, "name": "Rawal (Chanda Jayesh)", "relation": "UNREPORTED", "url": "", "transactionDescription": "Acquisition", "latestTransDate": "2018-01-29", "positionDirect": 19258, "positionDirectDate": "2018-01-29"}, {"maxAge": 1, "name": "Rawal (Jayesh Sheshmal)", "relation": "UNREPORTED", "url": "", "transactionDescription": "Acquisition", "latestTransDate": "2018-01-29", "positionDirect": 49200, "positionDirectDate": "2018-01-29"}], "maxAge": 1}, "calendarEvents": {"maxAge": 1, "earnings": {"earningsDate": ["2020-08-31 05:30:S"]}}, "upgradeDowngradeHistory": {"history": [], "maxAge": 86400}, "price": {"maxAge": 1, "regularMarketChangePercent": 0.008988799, "regularMarketChange": 0.40000153, "regularMarketTime": "2021-04-30 12:44:29", "priceHint": 2, "regularMarketPrice": 44.9, "regularMarketDayHigh": 45.0, "regularMarketDayLow": 42.1, "regularMarketVolume": 306, "averageDailyVolume10Day": 42494, "averageDailyVolume3Month": 13462, "regularMarketPreviousClose": 44.5, "regularMarketSource": "FREE_REALTIME", "regularMarketOpen": 44.5, "exchange": "BSE", "exchangeName": "BSE", "exchangeDataDelayedBy": 0, "marketState": "CLOSED", "quoteType": "EQUITY", "symbol": "GENCON.BO", "underlyingSymbol": null, "shortName": "Generic Engineering Constructi", "longName": "Generic Engineering Construction and Projects Limited", "currency": "INR", "quoteSourceName": "Delayed Quote", "currencySymbol": "\u20b9", "fromCurrency": null, "lastMarket": null, "marketCap": 1730414592}, "balanceSheetHistory": {"balanceSheetStatements": [{"maxAge": 1, "endDate": "2020-03-31", "cash": 94733000, "netReceivables": 738866000, "inventory": 440309000, "otherCurrentAssets": 281683000, "totalCurrentAssets": 1555591000, "propertyPlantEquipment": 639106000, "otherAssets": 384333000, "totalAssets": 2579030000, "accountsPayable": 309648000, "otherCurrentLiab": 37239000, "longTermDebt": 1863000, "otherLiab": 56034000, "totalCurrentLiabilities": 748866000, "totalLiab": 806763000, "commonStock": 210697000, "treasuryStock": 1561570000, "otherStockholderEquity": 1561570000, "totalStockholderEquity": 1772267000, "netTangibleAssets": 1772267000}, {"maxAge": 1, "endDate": "2019-03-31", "cash": 276288000, "shortTermInvestments": 65402000, "netReceivables": 750436000, "inventory": 147505000, "otherCurrentAssets": 219630000, "totalCurrentAssets": 1459261000, "longTermInvestments": 6000, "propertyPlantEquipment": 159252000, "goodWill": 172710000, "intangibleAssets": 183000, "otherAssets": 315700000, "totalAssets": 2107112000, "accountsPayable": 367479000, "shortLongTermDebt": 1410000, "otherCurrentLiab": 24467000, "longTermDebt": 1671000, "otherLiab": 49767000, "totalCurrentLiabilities": 547052000, "totalLiab": 598490000, "commonStock": 201697000, "retainedEarnings": 273848000, "treasuryStock": 42749000, "capitalSurplus": 990328000, "otherStockholderEquity": 42749000, "totalStockholderEquity": 1508622000, "netTangibleAssets": 1335729000}, {"maxAge": 1, "endDate": "2018-03-31", "cash": 557871000, "shortTermInvestments": 18056000, "netReceivables": 390815000, "inventory": 164402000, "otherCurrentAssets": 63167000, "totalCurrentAssets": 1194311000, "longTermInvestments": 6000, "propertyPlantEquipment": 105936300, "goodWill": 172710000, "intangibleAssets": 497700, "otherAssets": 156671000, "totalAssets": 1630132000, "accountsPayable": 340889000, "otherCurrentLiab": 8802000, "otherLiab": 9168000, "totalCurrentLiabilities": 474185000, "totalLiab": 483353000, "commonStock": 181802000, "retainedEarnings": 123704000, "treasuryStock": 209042000, "capitalSurplus": 632231000, "otherStockholderEquity": 209042000, "totalStockholderEquity": 1146779000, "netTangibleAssets": 973571300}, {"maxAge": 1, "endDate": "2017-03-31", "cash": 127836000, "netReceivables": 149074000, "inventory": 176571000, "otherCurrentAssets": 6514000, "totalCurrentAssets": 460029000, "longTermInvestments": 8000, "propertyPlantEquipment": 8758900, "goodWill": 191899900, "intangibleAssets": 13200, "otherAssets": 170838000, "deferredLongTermAssetCharges": 57000, "totalAssets": 831547000, "accountsPayable": 214280000, "otherCurrentLiab": 22193000, "otherLiab": 632000, "totalCurrentLiabilities": 354638000, "totalLiab": 355270000, "commonStock": 163562000, "retainedEarnings": 8808000, "capitalSurplus": 303907000, "totalStockholderEquity": 476277000, "netTangibleAssets": 284363900}], "maxAge": 86400}, "financialData": {"maxAge": 86400, "currentPrice": 44.9, "recommendationKey": "none", "grossProfits": 400929000, "financialCurrency": "INR"}}}