{"GENESYS.BO": {"recommendationTrend": {"trend": [{"period": "0m", "strongBuy": 0, "buy": 0, "hold": 0, "sell": 0, "strongSell": 0}, {"period": "-1m", "strongBuy": 0, "buy": 0, "hold": 0, "sell": 0, "strongSell": 0}, {"period": "-2m", "strongBuy": 0, "buy": 0, "hold": 0, "sell": 0, "strongSell": 0}, {"period": "-3m", "strongBuy": 0, "buy": 0, "hold": 0, "sell": 0, "strongSell": 0}], "maxAge": 86400}, "cashflowStatementHistory": {"cashflowStatements": [{"maxAge": 1, "endDate": "2020-03-31", "netIncome": -50855000, "depreciation": 207364000, "changeToNetincome": -103102000, "changeToAccountReceivables": 130713000, "changeToLiabilities": 0, "changeToOperatingActivities": 109549000, "totalCashFromOperatingActivities": 296921000, "capitalExpenditures": -48805000, "investments": -41909000, "otherCashflowsFromInvestingActivities": -65050000, "totalCashflowsFromInvestingActivities": -155621000, "dividendsPaid": -4692000, "netBorrowings": -195450000, "otherCashflowsFromFinancingActivities": 59256000, "totalCashFromFinancingActivities": -140132000, "changeInCash": 1168000, "issuanceOfStock": 754000}, {"maxAge": 1, "endDate": "2019-03-31", "netIncome": -37321000, "depreciation": 187726000, "changeToNetincome": 1648000, "changeToAccountReceivables": -162287000, "changeToLiabilities": 0, "changeToOperatingActivities": -219403000, "totalCashFromOperatingActivities": -229637000, "capitalExpenditures": -106991000, "investments": -41909000, "otherCashflowsFromInvestingActivities": -80350000, "totalCashflowsFromInvestingActivities": -173140000, "dividendsPaid": -4668000, "netBorrowings": 29139000, "otherCashflowsFromFinancingActivities": 37331000, "totalCashFromFinancingActivities": 66097000, "changeInCash": -336680000, "issuanceOfStock": 4295000}, {"maxAge": 1, "endDate": "2018-03-31", "netIncome": 170057370, "depreciation": 142023073, "changeToNetincome": 65491498, "changeToAccountReceivables": -184534322, "changeToLiabilities": 0, "changeToOperatingActivities": -25677592, "totalCashFromOperatingActivities": 167360027, "capitalExpenditures": -518545331, "investments": 89270745, "otherCashflowsFromInvestingActivities": -31501964, "totalCashflowsFromInvestingActivities": -374839931, "dividendsPaid": -4616169, "netBorrowings": -29229543, "otherCashflowsFromFinancingActivities": 56204713, "totalCashFromFinancingActivities": 377626803, "changeInCash": 170146899, "issuanceOfStock": 355267802}, {"maxAge": 1, "endDate": "2017-03-31", "netIncome": 64565759, "depreciation": 125259034, "changeToNetincome": -28146571, "changeToAccountReceivables": -31306086, "changeToLiabilities": 0, "changeToOperatingActivities": -161471101, "totalCashFromOperatingActivities": -29799629, "capitalExpenditures": -102094724, "investments": 89270745, "otherCashflowsFromInvestingActivities": 135998836, "totalCashflowsFromInvestingActivities": 127553233, "dividendsPaid": -4580738, "netBorrowings": -21618695, "otherCashflowsFromFinancingActivities": 59907221, "totalCashFromFinancingActivities": 41248951, "changeInCash": 139002555, "issuanceOfStock": 7541163}], "maxAge": 86400}, "institutionOwnership": {"maxAge": 1, "ownershipList": []}, "balanceSheetHistoryQuarterly": {"balanceSheetStatements": [{"maxAge": 1, "endDate": "2020-06-30", "totalStockholderEquity": 2129069000, "netTangibleAssets": 383356000}, {"maxAge": 1, "endDate": "2020-03-31", "cash": 43518000, "netReceivables": 822022000, "otherCurrentAssets": 296655000, "totalCurrentAssets": 1210020000, "longTermInvestments": 110000000, "propertyPlantEquipment": 282818000, "goodWill": 342203000, "intangibleAssets": 1403511000, "otherAssets": 299669000, "deferredLongTermAssetCharges": 261591000, "totalAssets": 3648221000, "accountsPayable": 161809000, "shortLongTermDebt": 8276000, "otherCurrentLiab": 147097000, "longTermDebt": 12835000, "otherLiab": 67442000, "minorityInterest": 932187000, "totalCurrentLiabilities": 440741000, "totalLiab": 586965000, "commonStock": 155719000, "retainedEarnings": 1591783000, "treasuryStock": -128244000, "capitalSurplus": 509811000, "otherStockholderEquity": -128244000, "totalStockholderEquity": 2129069000, "netTangibleAssets": 383355000}, {"maxAge": 1, "endDate": "2019-12-31", "totalStockholderEquity": 2256073000, "netTangibleAssets": 463831000}, {"maxAge": 1, "endDate": "2019-09-30", "cash": 49443000, "shortTermInvestments": 430939000, "netReceivables": 620782000, "otherCurrentAssets": 239293000, "totalCurrentAssets": 1340457000, "longTermInvestments": 110406000, "propertyPlantEquipment": 312783000, "goodWill": 342203000, "intangibleAssets": 1450039000, "otherAssets": 330074000, "deferredLongTermAssetCharges": 256822000, "totalAssets": 3885962000, "accountsPayable": 159306000, "otherCurrentLiab": 270233000, "longTermDebt": 12316000, "otherLiab": 146165000, "minorityInterest": 906108000, "totalCurrentLiabilities": 565300000, "totalLiab": 723781000, "commonStock": 155667000, "treasuryStock": 2100406000, "otherStockholderEquity": 2100406000, "totalStockholderEquity": 2256073000, "netTangibleAssets": 463831000}], "maxAge": 86400}, "earningsHistory": {"history": [{"maxAge": 1, "epsActual": {}, "epsEstimate": {}, "epsDifference": {}, "surprisePercent": {}, "quarter": {}, "period": "-4q"}, {"maxAge": 1, "epsActual": 2.37, "epsEstimate": 2.92, "epsDifference": -0.55, "surprisePercent": -0.188, "quarter": "2017-09-30", "period": "-3q"}, {"maxAge": 1, "epsActual": 1.35, "epsEstimate": 2.96, "epsDifference": -1.61, "surprisePercent": -0.544, "quarter": "2018-03-31", "period": "-2q"}, {"maxAge": 1, "epsActual": 1.35, "epsEstimate": 2.67, "epsDifference": -1.32, "surprisePercent": -0.49400002, "quarter": "2018-06-30", "period": "-1q"}], "maxAge": 86400}, "indexTrend": {"maxAge": 1, "symbol": "SP5", "peRatio": 19.7411, "pegRatio": 1.34172, "estimates": [{"period": "0q", "growth": 0.549}, {"period": "+1q", "growth": 0.431}, {"period": "0y", "growth": 0.305}, {"period": "+1y", "growth": 0.109}, {"period": "+5y", "growth": 0.120859005}, {"period": "-5y"}]}, "industryTrend": {"maxAge": 1, "symbol": null, "estimates": []}, "insiderTransactions": {"transactions": [{"maxAge": 1, "shares": 1000000, "filerUrl": "", "transactionText": "Gift at price 0.00 per share.", "filerName": "Malik (Sajid Siraj)", "filerRelation": "Executive Chairman", "moneyText": "", "startDate": "2020-09-30", "ownership": "D"}, {"maxAge": 1, "shares": 1000000, "filerUrl": "", "transactionText": "Gift at price 0.00 per share.", "filerName": "Malik (Shazia Limi)", "filerRelation": "Promoter", "moneyText": "", "startDate": "2020-09-30", "ownership": "D"}, {"maxAge": 1, "shares": 9184, "value": 7516, "filerUrl": "", "transactionText": "Acquisition at price 0.82 per share.", "filerName": "Vishwanathan (Ganapathy)", "filerRelation": "Director", "moneyText": "", "startDate": "2020-09-29", "ownership": "D"}, {"maxAge": 1, "shares": 63195, "value": 52281, "filerUrl": "", "transactionText": "Acquisition at price 0.83 per share.", "filerName": "Vishwanathan (Ganapathy)", "filerRelation": "Director", "moneyText": "", "startDate": "2020-09-25", "ownership": "D"}, {"maxAge": 1, "shares": 10334, "value": 8215, "filerUrl": "", "transactionText": "Acquisition at price 0.80 per share.", "filerName": "Vishwanathan (Ganapathy)", "filerRelation": "Director", "moneyText": "", "startDate": "2020-09-23", "ownership": "D"}, {"maxAge": 1, "shares": 15813, "value": 12813, "filerUrl": "", "transactionText": "Acquisition at price 0.81 per share.", "filerName": "Vishwanathan (Ganapathy)", "filerRelation": "Director", "moneyText": "", "startDate": "2020-09-21", "ownership": "D"}, {"maxAge": 1, "shares": 46897, "value": 37451, "filerUrl": "", "transactionText": "Acquisition at price 0.80 per share.", "filerName": "Vishwanathan (Ganapathy)", "filerRelation": "Director", "moneyText": "", "startDate": "2020-09-17", "ownership": "D"}, {"maxAge": 1, "shares": 140244, "value": 109011, "filerUrl": "", "transactionText": "Acquisition at price 0.78 per share.", "filerName": "Vishwanathan (Ganapathy)", "filerRelation": "Director", "moneyText": "", "startDate": "2020-09-15", "ownership": "D"}, {"maxAge": 1, "shares": 56092, "value": 43768, "filerUrl": "", "transactionText": "Acquisition at price 0.78 per share.", "filerName": "Vishwanathan (Ganapathy)", "filerRelation": "Director", "moneyText": "", "startDate": "2020-09-11", "ownership": "D"}, {"maxAge": 1, "shares": 37259, "value": 27396, "filerUrl": "", "transactionText": "Acquisition at price 0.74 per share.", "filerName": "Vishwanathan (Ganapathy)", "filerRelation": "Director", "moneyText": "", "startDate": "2020-09-09", "ownership": "D"}, {"maxAge": 1, "shares": 49853, "value": 35988, "filerUrl": "", "transactionText": "Acquisition at price 0.72 per share.", "filerName": "Vishwanathan (Ganapathy)", "filerRelation": "Director", "moneyText": "", "startDate": "2020-09-04", "ownership": "D"}, {"maxAge": 1, "shares": 119877, "value": 84213, "filerUrl": "", "transactionText": "Acquisition at price 0.70 per share.", "filerName": "Vishwanathan (Ganapathy)", "filerRelation": "Director (Non-Executive)", "moneyText": "", "startDate": "2020-09-01", "ownership": "D"}, {"maxAge": 1, "shares": 71795, "value": 54837, "filerUrl": "", "transactionText": "Acquisition at price 0.76 per share.", "filerName": "Vishwanathan (Ganapathy)", "filerRelation": "Director (Non-Executive)", "moneyText": "", "startDate": "2020-08-28", "ownership": "D"}, {"maxAge": 1, "shares": 0, "filerUrl": "", "transactionText": "", "filerName": "Vishwanathan (Ganapathy)", "filerRelation": "Director (Non-Executive)", "moneyText": "", "startDate": "2020-08-26", "ownership": "I"}, {"maxAge": 1, "shares": 37945, "filerUrl": "", "transactionText": "", "filerName": "Vishwanathan (Ganapathy)", "filerRelation": "Director", "moneyText": "", "startDate": "2020-08-25", "ownership": "D"}, {"maxAge": 1, "shares": 26015, "value": 16847, "filerUrl": "", "transactionText": "Acquisition at price 0.65 per share.", "filerName": "Vishwanathan (Ganapathy)", "filerRelation": "Director (Non-Executive)", "moneyText": "", "startDate": "2020-08-21", "ownership": "D"}, {"maxAge": 1, "shares": 40120, "value": 23718, "filerUrl": "", "transactionText": "Acquisition at price 0.59 per share.", "filerName": "Vishwanathan (Ganapathy)", "filerRelation": "Director (Non-Executive)", "moneyText": "", "startDate": "2020-08-19", "ownership": "D"}, {"maxAge": 1, "shares": 42316, "value": 22744, "filerUrl": "", "transactionText": "Acquisition at price 0.54 per share.", "filerName": "Vishwanathan (Ganapathy)", "filerRelation": "Director (Non-Executive)", "moneyText": "", "startDate": "2020-08-17", "ownership": "D"}, {"maxAge": 1, "shares": 64892, "value": 34405, "filerUrl": "", "transactionText": "Acquisition at price 0.53 per share.", "filerName": "Vishwanathan (Ganapathy)", "filerRelation": "Director", "moneyText": "", "startDate": "2020-08-12", "ownership": "D"}, {"maxAge": 1, "shares": 1057668, "filerUrl": "", "transactionText": "", "filerName": "Vishwanathan (Ganapathy)", "filerRelation": "Director", "moneyText": "", "startDate": "2020-03-31", "ownership": "D"}, {"maxAge": 1, "shares": 8400, "filerUrl": "", "transactionText": "", "filerName": "Shaikh (Shanazir)", "filerRelation": "UNREPORTED", "moneyText": "", "startDate": "2019-02-15", "ownership": "D"}, {"maxAge": 1, "shares": 22415, "filerUrl": "", "transactionText": "", "filerName": "Jacob (Jakes)", "filerRelation": "Divisional Officer", "moneyText": "", "startDate": "2018-12-07", "ownership": "D"}, {"maxAge": 1, "shares": 8400, "filerUrl": "", "transactionText": "", "filerName": "Parthasarthy (Premlatha)", "filerRelation": "UNREPORTED", "moneyText": "", "startDate": "2018-12-07", "ownership": "D"}, {"maxAge": 1, "shares": 8300, "filerUrl": "", "transactionText": "", "filerName": "Vaidyanathan (Sridhar)", "filerRelation": "UNREPORTED", "moneyText": "", "startDate": "2018-12-07", "ownership": "D"}, {"maxAge": 1, "shares": 3200, "filerUrl": "", "transactionText": "", "filerName": "Vij (Deven)", "filerRelation": "UNREPORTED", "moneyText": "", "startDate": "2018-12-07", "ownership": "D"}], "maxAge": 1}, "quoteType": {"exchange": "BSE", "quoteType": "EQUITY", "symbol": "GENESYS.BO", "underlyingSymbol": "GENESYS.BO", "shortName": "GENESYS INTERNATIONAL CORPORAT", "longName": "Genesys International Corporation Limited", "firstTradeDateEpochUtc": "2000-08-16 09:15:00", "timeZoneFullName": "Asia/Kolkata", "timeZoneShortName": "IST", "uuid": "adc2dd7a-07f1-38a5-9190-994f1ed0432c", "messageBoardId": null, "gmtOffSetMilliseconds": 19800000, "maxAge": 1}, "incomeStatementHistory": {"incomeStatementHistory": [{"maxAge": 1, "endDate": "2020-03-31", "totalRevenue": 1117809000, "costOfRevenue": 799115000, "grossProfit": 318694000, "researchDevelopment": {}, "sellingGeneralAdministrative": 10596000, "nonRecurring": {}, "otherOperatingExpenses": 178593000, "totalOperatingExpenses": 1198920000, "operatingIncome": -81111000, "totalOtherIncomeExpenseNet": 14853000, "ebit": -81111000, "interestExpense": -25334000, "incomeBeforeTax": -66258000, "incomeTaxExpense": -15403000, "minorityInterest": 932187000, "netIncomeFromContinuingOps": -50855000, "discontinuedOperations": {}, "extraordinaryItems": {}, "effectOfAccountingCharges": {}, "otherItems": {}, "netIncome": -50855000, "netIncomeApplicableToCommonShares": 18913000}, {"maxAge": 1, "endDate": "2019-03-31", "totalRevenue": 1147309000, "costOfRevenue": 795851000, "grossProfit": 351458000, "researchDevelopment": {}, "sellingGeneralAdministrative": 15821000, "nonRecurring": {}, "otherOperatingExpenses": 147948000, "totalOperatingExpenses": 1147346000, "operatingIncome": -37000, "totalOtherIncomeExpenseNet": 3742000, "ebit": -37000, "interestExpense": -25703000, "incomeBeforeTax": 3705000, "incomeTaxExpense": 41026000, "minorityInterest": 917365000, "netIncomeFromContinuingOps": -37321000, "discontinuedOperations": {}, "extraordinaryItems": {}, "effectOfAccountingCharges": {}, "otherItems": {}, "netIncome": -37321000, "netIncomeApplicableToCommonShares": 53699000}, {"maxAge": 1, "endDate": "2018-03-31", "totalRevenue": 1137673553, "costOfRevenue": 624962771, "grossProfit": 512710782, "researchDevelopment": {}, "sellingGeneralAdministrative": 12375640, "nonRecurring": {}, "otherOperatingExpenses": 141065758, "totalOperatingExpenses": 920427242, "operatingIncome": 217246311, "totalOtherIncomeExpenseNet": 17803241, "ebit": 217246311, "interestExpense": -21673975, "incomeBeforeTax": 235049552, "incomeTaxExpense": 64992182, "minorityInterest": 945351143, "netIncomeFromContinuingOps": 170057370, "discontinuedOperations": {}, "extraordinaryItems": {}, "effectOfAccountingCharges": {}, "otherItems": {}, "netIncome": 170057370, "netIncomeApplicableToCommonShares": 274980893}, {"maxAge": 1, "endDate": "2017-03-31", "totalRevenue": 646146630, "costOfRevenue": 357360694, "grossProfit": 288785936, "researchDevelopment": {}, "sellingGeneralAdministrative": 11294404, "nonRecurring": {}, "otherOperatingExpenses": 110620527, "totalOperatingExpenses": 605833995, "operatingIncome": 40312635, "totalOtherIncomeExpenseNet": 5590131, "ebit": 40312635, "interestExpense": -17862251, "incomeBeforeTax": 45902766, "incomeTaxExpense": -18662993, "minorityInterest": 972395978, "netIncomeFromContinuingOps": 64565759, "discontinuedOperations": {}, "extraordinaryItems": {}, "effectOfAccountingCharges": {}, "otherItems": {}, "netIncome": 64565759, "netIncomeApplicableToCommonShares": 156635116}], "maxAge": 86400}, "fundOwnership": {"maxAge": 1, "ownershipList": []}, "summaryDetail": {"maxAge": 1, "priceHint": 2, "previousClose": 103.95, "open": 107.0, "dayLow": 103.25, "dayHigh": 109.1, "regularMarketPreviousClose": 103.95, "regularMarketOpen": 107.0, "regularMarketDayLow": 103.25, "regularMarketDayHigh": 109.1, "forwardPE": 7.714079, "volume": 5547, "regularMarketVolume": 5547, "averageVolume": 5985, "averageVolume10days": 4023, "averageDailyVolume10Day": 4023, "bid": 106.5, "ask": 106.3, "bidSize": 0, "askSize": 0, "marketCap": 3310575360, "fiftyTwoWeekLow": 21.1, "fiftyTwoWeekHigh": 109.1, "fiftyDayAverage": 71.15714, "twoHundredDayAverage": 56.823357, "trailingAnnualDividendRate": 0.125, "trailingAnnualDividendYield": 0.0012025012, "currency": "INR", "fromCurrency": null, "toCurrency": null, "lastMarket": null, "algorithm": null, "tradeable": false}, "sectorTrend": {"maxAge": 1, "symbol": null, "estimates": []}, "incomeStatementHistoryQuarterly": {"incomeStatementHistory": [{"maxAge": 1, "endDate": "2020-06-30", "totalRevenue": 36055000, "costOfRevenue": 162892000, "grossProfit": -126837000, "researchDevelopment": {}, "sellingGeneralAdministrative": {}, "nonRecurring": {}, "otherOperatingExpenses": 116084000, "totalOperatingExpenses": 324725000, "operatingIncome": -288670000, "totalOtherIncomeExpenseNet": 1410000, "ebit": -288670000, "interestExpense": -5655000, "incomeBeforeTax": -287260000, "incomeTaxExpense": 3608000, "minorityInterest": {}, "netIncomeFromContinuingOps": -290868000, "discontinuedOperations": {}, "extraordinaryItems": {}, "effectOfAccountingCharges": {}, "otherItems": {}, "netIncome": -272565000, "netIncomeApplicableToCommonShares": -272565000}, {"maxAge": 1, "endDate": "2020-03-31", "totalRevenue": 190996000, "costOfRevenue": 190637000, "grossProfit": 359000, "researchDevelopment": {}, "sellingGeneralAdministrative": 10596000, "nonRecurring": {}, "otherOperatingExpenses": 42919000, "totalOperatingExpenses": 297021000, "operatingIncome": -106025000, "totalOtherIncomeExpenseNet": 19173000, "ebit": -106025000, "interestExpense": -2479000, "incomeBeforeTax": -86852000, "incomeTaxExpense": 813000, "minorityInterest": 932187000, "netIncomeFromContinuingOps": -87665000, "discontinuedOperations": {}, "extraordinaryItems": {}, "effectOfAccountingCharges": {}, "otherItems": {}, "netIncome": -139836000, "netIncomeApplicableToCommonShares": -70068000}, {"maxAge": 1, "endDate": "2019-12-31", "totalRevenue": 280318000, "costOfRevenue": 201430000, "grossProfit": 78888000, "researchDevelopment": {}, "sellingGeneralAdministrative": 10596000, "nonRecurring": {}, "otherOperatingExpenses": 45370000, "totalOperatingExpenses": 298615000, "operatingIncome": -18297000, "totalOtherIncomeExpenseNet": -1311000, "ebit": -18297000, "interestExpense": -7878000, "incomeBeforeTax": -19608000, "incomeTaxExpense": -12751000, "minorityInterest": 932187000, "netIncomeFromContinuingOps": -6857000, "discontinuedOperations": {}, "extraordinaryItems": {}, "effectOfAccountingCharges": {}, "otherItems": {}, "netIncome": 10700000, "netIncomeApplicableToCommonShares": 10700000}, {"maxAge": 1, "endDate": "2019-09-30", "totalRevenue": 276405000, "costOfRevenue": 175205000, "grossProfit": 101200000, "researchDevelopment": {}, "sellingGeneralAdministrative": 10596000, "nonRecurring": {}, "otherOperatingExpenses": 51125000, "totalOperatingExpenses": 279451000, "operatingIncome": -3046000, "totalOtherIncomeExpenseNet": 1740000, "ebit": -3046000, "interestExpense": -7030000, "incomeBeforeTax": -1306000, "incomeTaxExpense": -8019000, "minorityInterest": 906108000, "netIncomeFromContinuingOps": 6713000, "discontinuedOperations": {}, "extraordinaryItems": {}, "effectOfAccountingCharges": {}, "otherItems": {}, "netIncome": 24158000, "netIncomeApplicableToCommonShares": 24158000}], "maxAge": 86400}, "cashflowStatementHistoryQuarterly": {"cashflowStatements": [{"maxAge": 1, "endDate": "2020-06-30", "netIncome": -272565000, "changeToLiabilities": 0}, {"maxAge": 1, "endDate": "2020-03-31", "netIncome": -139836000, "changeToLiabilities": 0}, {"maxAge": 1, "endDate": "2019-12-31", "netIncome": 10700000, "changeToLiabilities": 0}, {"maxAge": 1, "endDate": "2019-09-30", "netIncome": 24158000, "changeToLiabilities": 0}], "maxAge": 86400}, "insiderHolders": {"holders": [{"maxAge": 1, "name": "Jacob (Jakes)", "relation": "Divisional Officer", "url": "", "transactionDescription": "Other", "latestTransDate": "2018-12-07", "positionDirect": 132668, "positionDirectDate": "2018-12-07"}, {"maxAge": 1, "name": "Malik (Sajid Siraj)", "relation": "Executive Chairman", "url": "", "transactionDescription": "Gift", "latestTransDate": "2020-09-30", "positionDirect": 510581, "positionDirectDate": "2020-09-30"}, {"maxAge": 1, "name": "Malik (Shazia Limi)", "relation": "Promoter", "url": "", "transactionDescription": "Gift", "latestTransDate": "2020-09-30", "positionDirect": 1010000, "positionDirectDate": "2020-09-30"}, {"maxAge": 1, "name": "Parthasarthy (Premlatha)", "relation": "UNREPORTED", "url": "", "transactionDescription": "Other", "latestTransDate": "2018-12-07", "positionDirect": 16995, "positionDirectDate": "2018-12-07"}, {"maxAge": 1, "name": "Shaikh (Shanazir)", "relation": "UNREPORTED", "url": "", "transactionDescription": "Other", "latestTransDate": "2019-02-15", "positionDirect": 16700, "positionDirectDate": "2019-02-15"}, {"maxAge": 1, "name": "Vaidyanathan (Sridhar)", "relation": "UNREPORTED", "url": "", "transactionDescription": "Other", "latestTransDate": "2018-12-07", "positionDirect": 8666, "positionDirectDate": "2018-12-07"}, {"maxAge": 1, "name": "Vij (Deven)", "relation": "UNREPORTED", "url": "", "transactionDescription": "Other", "latestTransDate": "2018-12-07", "positionDirect": 11500, "positionDirectDate": "2018-12-07"}, {"maxAge": 1, "name": "Vishwanathan (Ganapathy)", "relation": "Director", "url": "", "transactionDescription": "Acquisition", "latestTransDate": "2020-09-29", "positionDirect": 1914685, "positionDirectDate": "2020-09-29"}], "maxAge": 1}, "earnings": {"maxAge": 86400, "earningsChart": {"quarterly": [{"date": "3Q2017", "actual": 2.37, "estimate": 2.92}, {"date": "1Q2018", "actual": 1.35, "estimate": 2.96}, {"date": "2Q2018", "actual": 1.35, "estimate": 2.67}], "currentQuarterEstimateDate": "3Q", "currentQuarterEstimateYear": 2018, "earningsDate": ["2020-07-31 05:30:S"]}, "financialsChart": {"yearly": [{"date": 2017, "revenue": 646146630, "earnings": 64565759}, {"date": 2018, "revenue": 1137673553, "earnings": 170057370}, {"date": 2019, "revenue": 1147309000, "earnings": -37321000}, {"date": 2020, "revenue": 1117809000, "earnings": -50855000}], "quarterly": [{"date": "3Q2019", "revenue": 276405000, "earnings": 24158000}, {"date": "4Q2019", "revenue": 280318000, "earnings": 10700000}, {"date": "1Q2020", "revenue": 190996000, "earnings": -139836000}, {"date": "2Q2020", "revenue": 36055000, "earnings": -272565000}]}, "financialCurrency": "INR"}, "calendarEvents": {"maxAge": 1, "earnings": {"earningsDate": ["2020-07-31 05:30:S"]}}, "price": {"maxAge": 1, "regularMarketChangePercent": 0.022607083, "regularMarketChange": 2.350006, "regularMarketTime": "2021-04-30 15:40:50", "priceHint": 2, "regularMarketPrice": 106.3, "regularMarketDayHigh": 109.1, "regularMarketDayLow": 103.25, "regularMarketVolume": 5547, "averageDailyVolume10Day": 4023, "averageDailyVolume3Month": 5985, "regularMarketPreviousClose": 103.95, "regularMarketSource": "FREE_REALTIME", "regularMarketOpen": 107.0, "exchange": "BSE", "exchangeName": "BSE", "exchangeDataDelayedBy": 0, "marketState": "CLOSED", "quoteType": "EQUITY", "symbol": "GENESYS.BO", "underlyingSymbol": null, "shortName": "GENESYS INTERNATIONAL CORPORAT", "longName": "Genesys International Corporation Limited", "currency": "INR", "quoteSourceName": "Delayed Quote", "currencySymbol": "\u20b9", "fromCurrency": null, "toCurrency": null, "lastMarket": null, "marketCap": 3310575360}, "balanceSheetHistory": {"balanceSheetStatements": [{"maxAge": 1, "endDate": "2020-03-31", "cash": 43518000, "netReceivables": 822022000, "otherCurrentAssets": 296655000, "totalCurrentAssets": 1210020000, "longTermInvestments": 110000000, "propertyPlantEquipment": 282818000, "goodWill": 342203000, "intangibleAssets": 1403511000, "otherAssets": 299669000, "deferredLongTermAssetCharges": 261591000, "totalAssets": 3648221000, "accountsPayable": 161809000, "shortLongTermDebt": 8276000, "otherCurrentLiab": 147097000, "longTermDebt": 12835000, "otherLiab": 67442000, "minorityInterest": 932187000, "totalCurrentLiabilities": 440741000, "totalLiab": 586965000, "commonStock": 155719000, "retainedEarnings": 1591783000, "treasuryStock": -128244000, "capitalSurplus": 509811000, "otherStockholderEquity": -128244000, "totalStockholderEquity": 2129069000, "netTangibleAssets": 383355000}, {"maxAge": 1, "endDate": "2019-03-31", "cash": 42350000, "netReceivables": 995479000, "otherCurrentAssets": 290432000, "totalCurrentAssets": 1334397000, "longTermInvestments": 110406000, "propertyPlantEquipment": 239587000, "goodWill": 342203000, "intangibleAssets": 1495272000, "otherAssets": 312604000, "deferredLongTermAssetCharges": 237936000, "totalAssets": 3834469000, "accountsPayable": 152543000, "shortLongTermDebt": 2958000, "otherCurrentLiab": 186239000, "longTermDebt": 5200000, "otherLiab": 52423000, "minorityInterest": 917365000, "totalCurrentLiabilities": 614796000, "totalLiab": 678265000, "commonStock": 155562000, "retainedEarnings": 1652386000, "treasuryStock": -76708000, "capitalSurplus": 507599000, "otherStockholderEquity": -76708000, "totalStockholderEquity": 2238839000, "netTangibleAssets": 401364000}, {"maxAge": 1, "endDate": "2018-03-31", "cash": 379030166, "netReceivables": 799999141, "otherCurrentAssets": 99682022, "totalCurrentAssets": 1282345066, "longTermInvestments": 110405584, "propertyPlantEquipment": 251153923, "goodWill": 342202649, "intangibleAssets": 1577223531, "otherAssets": 284534856, "deferredLongTermAssetCharges": 245494337, "totalAssets": 3847865609, "accountsPayable": 95608530, "shortLongTermDebt": 6064451, "otherCurrentLiab": 247574593, "longTermDebt": 2163126, "otherLiab": 43561543, "minorityInterest": 945351143, "totalCurrentLiabilities": 595484223, "totalLiab": 654290255, "commonStock": 154747560, "retainedEarnings": 1792918480, "treasuryStock": -195571870, "capitalSurplus": 496130041, "otherStockholderEquity": -195571870, "totalStockholderEquity": 2248224211, "netTangibleAssets": 328798031}, {"maxAge": 1, "endDate": "2017-03-31", "cash": 208883267, "netReceivables": 633031397, "otherCurrentAssets": 94886023, "totalCurrentAssets": 939246881, "longTermInvestments": 245247350, "propertyPlantEquipment": 160452436, "intangibleAssets": 1633795726, "otherAssets": 262238118, "deferredLongTermAssetCharges": 223981381, "totalAssets": 3240980511, "accountsPayable": 92632941, "shortLongTermDebt": 7428609, "otherCurrentLiab": 221421559, "longTermDebt": 7570141, "otherLiab": 46566409, "minorityInterest": 972395978, "totalCurrentLiabilities": 544912410, "totalLiab": 600313549, "commonStock": 153041060, "retainedEarnings": 1525029855, "treasuryStock": -134973984, "capitalSurplus": 125174053, "otherStockholderEquity": -134973984, "totalStockholderEquity": 1668270984, "netTangibleAssets": 34475258}], "maxAge": 86400}, "earningsTrend": {"trend": [{"maxAge": 1, "period": "0q", "endDate": "2018-09-30", "growth": {}, "earningsEstimate": {"avg": 0.0, "low": 0.0, "high": 0.0, "yearAgoEps": {}, "numberOfAnalysts": 0, "growth": {}}, "revenueEstimate": {"avg": 0, "low": 0, "high": 0, "numberOfAnalysts": 0, "yearAgoRevenue": 293032000, "growth": {}}, "epsTrend": {"current": 0.0, "7daysAgo": 0.0, "30daysAgo": 0.0, "60daysAgo": 0.0, "90daysAgo": 0.0}, "epsRevisions": {"upLast7days": 0, "upLast30days": 0, "downLast30days": 0, "downLast90days": {}}}, {"maxAge": 1, "period": "+1q", "endDate": "2018-12-31", "growth": {}, "earningsEstimate": {"avg": 0.0, "low": 0.0, "high": 0.0, "yearAgoEps": 2.37, "numberOfAnalysts": 0, "growth": {}}, "revenueEstimate": {"avg": 0, "low": 0, "high": 0, "numberOfAnalysts": 0, "yearAgoRevenue": {}, "growth": {}}, "epsTrend": {"current": 0.0, "7daysAgo": 0.0, "30daysAgo": 0.0, "60daysAgo": 0.0, "90daysAgo": 0.0}, "epsRevisions": {"upLast7days": 0, "upLast30days": 0, "downLast30days": 0, "downLast90days": {}}}, {"maxAge": 1, "period": "0y", "endDate": "2019-03-31", "growth": {}, "earningsEstimate": {"avg": 0.0, "low": 0.0, "high": 0.0, "yearAgoEps": {}, "numberOfAnalysts": 0, "growth": {}}, "revenueEstimate": {"avg": 1414760000, "low": 1414760000, "high": 1414760000, "numberOfAnalysts": 1, "yearAgoRevenue": 1137670000, "growth": 0.244}, "epsTrend": {"current": 0.0, "7daysAgo": 11.74, "30daysAgo": 11.74, "60daysAgo": 11.74, "90daysAgo": 11.74}, "epsRevisions": {"upLast7days": 0, "upLast30days": 0, "downLast30days": 0, "downLast90days": {}}}, {"maxAge": 1, "period": "+1y", "endDate": "2020-03-31", "growth": {}, "earningsEstimate": {"avg": 0.0, "low": 0.0, "high": 0.0, "yearAgoEps": {}, "numberOfAnalysts": 0, "growth": {}}, "revenueEstimate": {"avg": 1641120000, "low": 1641120000, "high": 1641120000, "numberOfAnalysts": 1, "yearAgoRevenue": 1414760000, "growth": 0.16}, "epsTrend": {"current": 0.0, "7daysAgo": 13.78, "30daysAgo": 13.78, "60daysAgo": 13.78, "90daysAgo": 13.78}, "epsRevisions": {"upLast7days": 0, "upLast30days": 0, "downLast30days": 0, "downLast90days": {}}}, {"maxAge": 1, "period": "+5y", "endDate": null, "growth": {}, "earningsEstimate": {"avg": {}, "low": {}, "high": {}, "yearAgoEps": {}, "numberOfAnalysts": {}, "growth": {}}, "revenueEstimate": {"avg": {}, "low": {}, "high": {}, "numberOfAnalysts": {}, "yearAgoRevenue": {}, "growth": {}}, "epsTrend": {"current": {}, "7daysAgo": {}, "30daysAgo": {}, "60daysAgo": {}, "90daysAgo": {}}, "epsRevisions": {"upLast7days": {}, "upLast30days": {}, "downLast30days": {}, "downLast90days": {}}}, {"maxAge": 1, "period": "-5y", "endDate": null, "growth": {}, "earningsEstimate": {"avg": {}, "low": {}, "high": {}, "yearAgoEps": {}, "numberOfAnalysts": {}, "growth": {}}, "revenueEstimate": {"avg": {}, "low": {}, "high": {}, "numberOfAnalysts": {}, "yearAgoRevenue": {}, "growth": {}}, "epsTrend": {"current": {}, "7daysAgo": {}, "30daysAgo": {}, "60daysAgo": {}, "90daysAgo": {}}, "epsRevisions": {"upLast7days": {}, "upLast30days": {}, "downLast30days": {}, "downLast90days": {}}}], "maxAge": 1}, "financialData": {"maxAge": 86400, "currentPrice": 106.3, "recommendationKey": "none", "grossProfits": 318694000, "financialCurrency": "INR"}}}