{"GENNEX.BO": {"cashflowStatementHistory": {"cashflowStatements": [{"maxAge": 1, "endDate": "2020-03-31", "netIncome": 18563339, "depreciation": 10049711, "changeToNetincome": 13626212, "changeToAccountReceivables": 41181617, "changeToLiabilities": 22622961, "changeToInventory": -21102076, "changeToOperatingActivities": -101654237, "totalCashFromOperatingActivities": -16712473, "capitalExpenditures": -2945344, "otherCashflowsFromInvestingActivities": 793043, "totalCashflowsFromInvestingActivities": -2152301, "netBorrowings": 4061711, "otherCashflowsFromFinancingActivities": -7535759, "totalCashFromFinancingActivities": -3474048, "changeInCash": -22338822}, {"maxAge": 1, "endDate": "2019-03-31", "netIncome": 22207528, "depreciation": 9847416, "changeToNetincome": 12015042, "changeToAccountReceivables": 613660, "changeToLiabilities": -32790985, "changeToInventory": -29884646, "changeToOperatingActivities": 36747757, "totalCashFromOperatingActivities": 18755772, "capitalExpenditures": -10415299, "otherCashflowsFromInvestingActivities": 471949, "totalCashflowsFromInvestingActivities": -9943350, "netBorrowings": 20407710, "otherCashflowsFromFinancingActivities": -7937827, "totalCashFromFinancingActivities": 12469883, "changeInCash": 21282305}, {"maxAge": 1, "endDate": "2018-03-31", "netIncome": 8357665, "depreciation": 9218000, "changeToNetincome": 2423335, "changeToAccountReceivables": -1636000, "changeToLiabilities": 21948000, "changeToInventory": 5518000, "changeToOperatingActivities": -14241000, "totalCashFromOperatingActivities": 31588000, "capitalExpenditures": -7620000, "otherCashflowsFromInvestingActivities": 850000, "totalCashflowsFromInvestingActivities": -6670000, "netBorrowings": -13719000, "otherCashflowsFromFinancingActivities": -7311000, "totalCashFromFinancingActivities": -21030000, "changeInCash": 3888000}, {"maxAge": 1, "endDate": "2017-03-31", "netIncome": 27043250, "depreciation": 8394000, "changeToNetincome": 3725750, "changeToAccountReceivables": -33362000, "changeToLiabilities": 34592000, "changeToInventory": 516000, "changeToOperatingActivities": -41996000, "totalCashFromOperatingActivities": -1087000, "capitalExpenditures": -10014000, "otherCashflowsFromInvestingActivities": 286000, "totalCashflowsFromInvestingActivities": -9728000, "netBorrowings": 15686000, "otherCashflowsFromFinancingActivities": -7054000, "totalCashFromFinancingActivities": 8632000, "changeInCash": -2183000}], "maxAge": 86400}, "institutionOwnership": {"maxAge": 1, "ownershipList": []}, "balanceSheetHistoryQuarterly": {"balanceSheetStatements": [{"maxAge": 1, "endDate": "2020-06-30", "totalStockholderEquity": 356715518, "netTangibleAssets": 356715518}, {"maxAge": 1, "endDate": "2020-03-31", "cash": 2708369, "netReceivables": 109735733, "inventory": 74373126, "otherCurrentAssets": 162051515, "totalCurrentAssets": 349681759, "longTermInvestments": 68274876, "propertyPlantEquipment": 149276825, "otherAssets": 2203697, "totalAssets": 569437157, "accountsPayable": 81320389, "shortLongTermDebt": 394727, "otherCurrentLiab": 74205519, "longTermDebt": 154902, "otherLiab": 3989378, "totalCurrentLiabilities": 208577359, "totalLiab": 212721639, "commonStock": 126503000, "retainedEarnings": 160962518, "treasuryStock": 9250000, "capitalSurplus": 60000000, "otherStockholderEquity": 9250000, "totalStockholderEquity": 356715518, "netTangibleAssets": 356715518}, {"maxAge": 1, "endDate": "2019-12-31", "totalStockholderEquity": 353237000, "netTangibleAssets": 353237000}, {"maxAge": 1, "endDate": "2019-09-30", "cash": 6864000, "netReceivables": 233965000, "inventory": 82311000, "totalCurrentAssets": 323140000, "longTermInvestments": 69806000, "propertyPlantEquipment": 153819000, "otherAssets": 2274000, "totalAssets": 549039000, "accountsPayable": 90767000, "otherCurrentLiab": 34811000, "otherLiab": 6151000, "totalCurrentLiabilities": 189651000, "totalLiab": 195802000, "commonStock": 126503000, "treasuryStock": 226734000, "otherStockholderEquity": 226734000, "totalStockholderEquity": 353237000, "netTangibleAssets": 353237000}], "maxAge": 86400}, "indexTrend": {"maxAge": 1, "symbol": "SP5", "peRatio": 19.7411, "pegRatio": 1.34172, "estimates": [{"period": "0q", "growth": 0.549}, {"period": "+1q", "growth": 0.431}, {"period": "0y", "growth": 0.305}, {"period": "+1y", "growth": 0.109}, {"period": "+5y", "growth": 0.120859005}, {"period": "-5y"}]}, "insiderTransactions": {"transactions": [{"maxAge": 1, "shares": 4208998, "filerUrl": "", "transactionText": "", "filerName": "Premier Corporate & Finvest Pvt Ltd", "filerRelation": "Institution- Corporation", "moneyText": "", "startDate": "2018-11-01", "ownership": "D"}, {"maxAge": 1, "shares": 15300, "filerUrl": "", "transactionText": "", "filerName": "Baid (Monika)", "filerRelation": "UNREPORTED", "moneyText": "", "startDate": "2018-10-25", "ownership": "D"}], "maxAge": 1}, "quoteType": {"exchange": "BSE", "quoteType": "EQUITY", "symbol": "GENNEX.BO", "underlyingSymbol": "GENNEX.BO", "shortName": "GENNEX LABORATORIES LTD.", "longName": "Gennex Laboratories Limited", "firstTradeDateEpochUtc": "2001-04-26 09:15:00", "timeZoneFullName": "Asia/Kolkata", "timeZoneShortName": "IST", "uuid": "b15a4ccb-3cfa-31a5-a61d-cdc1949cebb4", "messageBoardId": null, "gmtOffSetMilliseconds": 19800000, "maxAge": 1}, "incomeStatementHistory": {"incomeStatementHistory": [{"maxAge": 1, "endDate": "2020-03-31", "totalRevenue": 562314380, "costOfRevenue": 339643870, "grossProfit": 222670510, "researchDevelopment": {}, "sellingGeneralAdministrative": 71382007, "nonRecurring": {}, "otherOperatingExpenses": 112164794, "totalOperatingExpenses": 533240382, "operatingIncome": 29073998, "totalOtherIncomeExpenseNet": -3587955, "ebit": 29073998, "interestExpense": -7535759, "incomeBeforeTax": 25486043, "incomeTaxExpense": 6922704, "minorityInterest": {}, "netIncomeFromContinuingOps": 18563339, "discontinuedOperations": {}, "extraordinaryItems": {}, "effectOfAccountingCharges": {}, "otherItems": {}, "netIncome": 18563339, "netIncomeApplicableToCommonShares": 18563339}, {"maxAge": 1, "endDate": "2019-03-31", "totalRevenue": 563372939, "costOfRevenue": 332360171, "grossProfit": 231012768, "researchDevelopment": {}, "sellingGeneralAdministrative": 63479987, "nonRecurring": {}, "otherOperatingExpenses": 120097193, "totalOperatingExpenses": 525784767, "operatingIncome": 37588172, "totalOtherIncomeExpenseNet": -7316259, "ebit": 37588172, "interestExpense": -7937827, "incomeBeforeTax": 30271913, "incomeTaxExpense": 8064385, "minorityInterest": {}, "netIncomeFromContinuingOps": 22207528, "discontinuedOperations": {}, "extraordinaryItems": {}, "effectOfAccountingCharges": {}, "otherItems": {}, "netIncome": 22207528, "netIncomeApplicableToCommonShares": 22207528}, {"maxAge": 1, "endDate": "2018-03-31", "totalRevenue": 443382334, "costOfRevenue": 270133366, "grossProfit": 173248968, "researchDevelopment": {}, "sellingGeneralAdministrative": 57429983, "nonRecurring": {}, "otherOperatingExpenses": 85365657, "totalOperatingExpenses": 422147455, "operatingIncome": 21234879, "totalOtherIncomeExpenseNet": -6701605, "ebit": 21234879, "interestExpense": -7311380, "incomeBeforeTax": 14533274, "incomeTaxExpense": 6175609, "minorityInterest": {}, "netIncomeFromContinuingOps": 8357665, "discontinuedOperations": {}, "extraordinaryItems": {}, "effectOfAccountingCharges": {}, "otherItems": {}, "netIncome": 8357665, "netIncomeApplicableToCommonShares": 8357665}, {"maxAge": 1, "endDate": "2017-03-31", "totalRevenue": 419072703, "costOfRevenue": 241787611, "grossProfit": 177285092, "researchDevelopment": {}, "sellingGeneralAdministrative": 51284890, "nonRecurring": {}, "otherOperatingExpenses": 79409145, "totalOperatingExpenses": 380875933, "operatingIncome": 38196770, "totalOtherIncomeExpenseNet": -7188733, "ebit": 38196770, "interestExpense": -3961526, "incomeBeforeTax": 31008037, "incomeTaxExpense": 3964787, "minorityInterest": {}, "netIncomeFromContinuingOps": 27043250, "discontinuedOperations": {}, "extraordinaryItems": {}, "effectOfAccountingCharges": {}, "otherItems": {}, "netIncome": 27043250, "netIncomeApplicableToCommonShares": 27043250}], "maxAge": 86400}, "fundOwnership": {"maxAge": 1, "ownershipList": []}, "summaryDetail": {"maxAge": 1, "priceHint": 2, "previousClose": 6.59, "open": 6.69, "dayLow": 6.46, "dayHigh": 6.89, "regularMarketPreviousClose": 6.59, "regularMarketOpen": 6.69, "regularMarketDayLow": 6.46, "regularMarketDayHigh": 6.89, "trailingPE": 57.787613, "volume": 3361233, "regularMarketVolume": 3361233, "averageVolume": 570899, "averageVolume10days": 336616, "averageDailyVolume10Day": 336616, "bid": 0.0, "ask": 6.53, "bidSize": 0, "askSize": 0, "marketCap": 826064640, "fiftyTwoWeekLow": 1.32, "fiftyTwoWeekHigh": 6.89, "fiftyDayAverage": 4.9477143, "twoHundredDayAverage": 4.3643064, "currency": "INR", "fromCurrency": null, "toCurrency": null, "lastMarket": null, "algorithm": null, "tradeable": false}, "incomeStatementHistoryQuarterly": {"incomeStatementHistory": [{"maxAge": 1, "endDate": "2020-06-30", "totalRevenue": 131940000, "costOfRevenue": 84925000, "grossProfit": 47015000, "researchDevelopment": {}, "sellingGeneralAdministrative": 15510000, "nonRecurring": {}, "otherOperatingExpenses": 22601000, "totalOperatingExpenses": 125234000, "operatingIncome": 6706000, "totalOtherIncomeExpenseNet": -1602000, "ebit": 6706000, "interestExpense": -1602000, "incomeBeforeTax": 5104000, "incomeTaxExpense": 1420000, "minorityInterest": {}, "netIncomeFromContinuingOps": 3684000, "discontinuedOperations": {}, "extraordinaryItems": {}, "effectOfAccountingCharges": {}, "otherItems": {}, "netIncome": 3684000, "netIncomeApplicableToCommonShares": 3684000}, {"maxAge": 1, "endDate": "2020-03-31", "totalRevenue": 112965380, "costOfRevenue": 79170870, "grossProfit": 33794510, "researchDevelopment": {}, "sellingGeneralAdministrative": 18729007, "nonRecurring": {}, "otherOperatingExpenses": 10541794, "totalOperatingExpenses": 110344382, "operatingIncome": 2620998, "totalOtherIncomeExpenseNet": 1727045, "ebit": 2620998, "interestExpense": -1537759, "incomeBeforeTax": 4348043, "incomeTaxExpense": 922704, "minorityInterest": {}, "netIncomeFromContinuingOps": 3425339, "discontinuedOperations": {}, "extraordinaryItems": {}, "effectOfAccountingCharges": {}, "otherItems": {}, "netIncome": 3425339, "netIncomeApplicableToCommonShares": 3425339}, {"maxAge": 1, "endDate": "2019-12-31", "totalRevenue": 149074000, "costOfRevenue": 90190000, "grossProfit": 58884000, "researchDevelopment": {}, "sellingGeneralAdministrative": 19319000, "nonRecurring": {}, "otherOperatingExpenses": 31436000, "totalOperatingExpenses": 143996000, "operatingIncome": 5078000, "totalOtherIncomeExpenseNet": -1800000, "ebit": 5078000, "interestExpense": -1691000, "incomeBeforeTax": 3278000, "incomeTaxExpense": 1400000, "minorityInterest": {}, "netIncomeFromContinuingOps": 1878000, "discontinuedOperations": {}, "extraordinaryItems": {}, "effectOfAccountingCharges": {}, "otherItems": {}, "netIncome": 1878000, "netIncomeApplicableToCommonShares": 1878000}, {"maxAge": 1, "endDate": "2019-09-30", "totalRevenue": 135984000, "costOfRevenue": 77031000, "grossProfit": 58953000, "researchDevelopment": {}, "sellingGeneralAdministrative": 16321000, "nonRecurring": {}, "otherOperatingExpenses": 31669000, "totalOperatingExpenses": 127825000, "operatingIncome": 8159000, "totalOtherIncomeExpenseNet": -973000, "ebit": 8159000, "interestExpense": -1765000, "incomeBeforeTax": 7186000, "incomeTaxExpense": 1900000, "minorityInterest": {}, "netIncomeFromContinuingOps": 5286000, "discontinuedOperations": {}, "extraordinaryItems": {}, "effectOfAccountingCharges": {}, "otherItems": {}, "netIncome": 5286000, "netIncomeApplicableToCommonShares": 5286000}], "maxAge": 86400}, "cashflowStatementHistoryQuarterly": {"cashflowStatements": [{"maxAge": 1, "endDate": "2020-06-30", "netIncome": 3684000, "changeToLiabilities": 0}, {"maxAge": 1, "endDate": "2020-03-31", "netIncome": 3425339, "changeToLiabilities": 0}, {"maxAge": 1, "endDate": "2019-12-31", "netIncome": 1878000, "changeToLiabilities": 0}, {"maxAge": 1, "endDate": "2019-09-30", "netIncome": 5286000, "changeToLiabilities": 0}], "maxAge": 86400}, "insiderHolders": {"holders": [{"maxAge": 1, "name": "Baid (Monika)", "relation": "UNREPORTED", "url": "", "transactionDescription": "Sale", "latestTransDate": "2018-10-25", "positionDirect": 0, "positionDirectDate": "2018-10-25"}, {"maxAge": 1, "name": "Premier Corporate & Finvest Pvt Ltd", "relation": "Institution- Corporation", "url": "", "transactionDescription": "Sale", "latestTransDate": "2018-11-01", "positionDirect": 0, "positionDirectDate": "2018-11-01"}], "maxAge": 1}, "calendarEvents": {"maxAge": 1, "earnings": {"earningsDate": ["2020-11-09 05:30:S", "2020-11-13 05:30:S"]}}, "price": {"maxAge": 1, "regularMarketChangePercent": -0.009104695, "regularMarketChange": -0.059999943, "regularMarketTime": "2021-04-30 15:59:24", "priceHint": 2, "regularMarketPrice": 6.53, "regularMarketDayHigh": 6.89, "regularMarketDayLow": 6.46, "regularMarketVolume": 3361233, "averageDailyVolume10Day": 336616, "averageDailyVolume3Month": 570899, "regularMarketPreviousClose": 6.59, "regularMarketSource": "FREE_REALTIME", "regularMarketOpen": 6.69, "exchange": "BSE", "exchangeName": "BSE", "exchangeDataDelayedBy": 0, "marketState": "CLOSED", "quoteType": "EQUITY", "symbol": "GENNEX.BO", "underlyingSymbol": null, "shortName": "GENNEX LABORATORIES LTD.", "longName": "Gennex Laboratories Limited", "currency": "INR", "quoteSourceName": "Delayed Quote", "currencySymbol": "\u20b9", "fromCurrency": null, "toCurrency": null, "lastMarket": null, "marketCap": 826064640}, "balanceSheetHistory": {"balanceSheetStatements": [{"maxAge": 1, "endDate": "2020-03-31", "cash": 2708369, "netReceivables": 109735733, "inventory": 74373126, "otherCurrentAssets": 162051515, "totalCurrentAssets": 349681759, "longTermInvestments": 68274876, "propertyPlantEquipment": 149276825, "otherAssets": 2203697, "totalAssets": 569437157, "accountsPayable": 81320389, "shortLongTermDebt": 394727, "otherCurrentLiab": 74205519, "longTermDebt": 154902, "otherLiab": 3989378, "totalCurrentLiabilities": 208577359, "totalLiab": 212721639, "commonStock": 126503000, "retainedEarnings": 160962518, "treasuryStock": 9250000, "capitalSurplus": 60000000, "otherStockholderEquity": 9250000, "totalStockholderEquity": 356715518, "netTangibleAssets": 356715518}, {"maxAge": 1, "endDate": "2019-03-31", "cash": 2411254, "netReceivables": 151303913, "inventory": 53271050, "otherCurrentAssets": 82001981, "totalCurrentAssets": 290445885, "longTermInvestments": 68274876, "propertyPlantEquipment": 156381192, "otherAssets": 2203697, "totalAssets": 517305650, "accountsPayable": 81543720, "shortLongTermDebt": 2990946, "otherCurrentLiab": 44083241, "longTermDebt": 549333, "otherLiab": 5601086, "totalCurrentLiabilities": 173003052, "totalLiab": 179153471, "commonStock": 126503000, "retainedEarnings": 142399179, "treasuryStock": 9250000, "capitalSurplus": 60000000, "otherStockholderEquity": 9250000, "totalStockholderEquity": 338152179, "netTangibleAssets": 338152179}, {"maxAge": 1, "endDate": "2018-03-31", "cash": 1174931, "netReceivables": 157831666, "inventory": 23386404, "otherCurrentAssets": 93623229, "totalCurrentAssets": 276619632, "longTermInvestments": 70005284, "propertyPlantEquipment": 155813309, "otherAssets": 2221494, "totalAssets": 504659719, "accountsPayable": 121644060, "shortLongTermDebt": 713893, "otherCurrentLiab": 32456857, "longTermDebt": 4312440, "otherLiab": 6051921, "totalCurrentLiabilities": 176620299, "totalLiab": 186984660, "commonStock": 126503000, "retainedEarnings": 121922059, "treasuryStock": 9250000, "capitalSurplus": 60000000, "otherStockholderEquity": 9250000, "totalStockholderEquity": 317675059, "netTangibleAssets": 317675059}, {"maxAge": 1, "endDate": "2017-03-31", "cash": 2203491, "netReceivables": 130557427, "inventory": 28904416, "otherCurrentAssets": 100085586, "totalCurrentAssets": 262429680, "longTermInvestments": 70055527, "propertyPlantEquipment": 157411391, "otherAssets": 2214334, "totalAssets": 492110932, "accountsPayable": 94572340, "shortLongTermDebt": 1213324, "otherCurrentLiab": 37707795, "longTermDebt": 1855933, "otherLiab": 9488842, "totalCurrentLiabilities": 171398520, "totalLiab": 182743295, "commonStock": 126503000, "retainedEarnings": 113614637, "treasuryStock": 9250000, "capitalSurplus": 60000000, "otherStockholderEquity": 9250000, "totalStockholderEquity": 309367637, "netTangibleAssets": 309367637}], "maxAge": 86400}, "financialData": {"maxAge": 86400, "currentPrice": 6.53, "recommendationKey": "none", "grossProfits": 222670510, "financialCurrency": "INR"}}}