{"GENUSPOWER.BO": {"recommendationTrend": {"trend": [{"period": "0m", "strongBuy": 0, "buy": 0, "hold": 0, "sell": 0, "strongSell": 0}, {"period": "-1m", "strongBuy": 0, "buy": 0, "hold": 0, "sell": 0, "strongSell": 0}, {"period": "-2m", "strongBuy": 0, "buy": 0, "hold": 0, "sell": 0, "strongSell": 0}, {"period": "-3m", "strongBuy": 0, "buy": 0, "hold": 0, "sell": 0, "strongSell": 0}], "maxAge": 86400}, "cashflowStatementHistory": {"cashflowStatements": [{"maxAge": 1, "endDate": "2020-03-31", "netIncome": 726125000, "depreciation": 215251000, "changeToNetincome": 814797000, "changeToAccountReceivables": -738399000, "changeToLiabilities": -387070000, "changeToInventory": 555381000, "changeToOperatingActivities": 143669000, "totalCashFromOperatingActivities": 1335977000, "capitalExpenditures": -210008000, "investments": 164427000, "otherCashflowsFromInvestingActivities": -87554000, "totalCashflowsFromInvestingActivities": -128194000, "dividendsPaid": -160076000, "netBorrowings": -484483000, "otherCashflowsFromFinancingActivities": -277828000, "totalCashFromFinancingActivities": -922387000, "changeInCash": 285396000}, {"maxAge": 1, "endDate": "2019-03-31", "netIncome": 479858000, "depreciation": 188065000, "changeToNetincome": 576337000, "changeToAccountReceivables": -933818000, "changeToLiabilities": -89936000, "changeToInventory": -111022000, "changeToOperatingActivities": 389643000, "totalCashFromOperatingActivities": 505048000, "capitalExpenditures": -299032000, "investments": -214440000, "otherCashflowsFromInvestingActivities": 26107000, "totalCashflowsFromInvestingActivities": -487049000, "dividendsPaid": -113168000, "netBorrowings": 231440000, "otherCashflowsFromFinancingActivities": -337321000, "totalCashFromFinancingActivities": -218616000, "changeInCash": -200617000, "issuanceOfStock": 433000}, {"maxAge": 1, "endDate": "2018-03-31", "netIncome": 845208000, "depreciation": 165038000, "changeToNetincome": -72998000, "changeToAccountReceivables": -1732845000, "changeToLiabilities": 1613518000, "changeToInventory": -795957000, "changeToOperatingActivities": 35670000, "totalCashFromOperatingActivities": 64010000, "capitalExpenditures": -260211000, "investments": 156131000, "otherCashflowsFromInvestingActivities": 52221000, "totalCashflowsFromInvestingActivities": -51432000, "dividendsPaid": -107061000, "netBorrowings": 101087000, "otherCashflowsFromFinancingActivities": -228595000, "totalCashFromFinancingActivities": -233573000, "changeInCash": -220995000, "issuanceOfStock": 996000}, {"maxAge": 1, "endDate": "2017-03-31", "netIncome": 645097000, "depreciation": 149296000, "changeToNetincome": 85946000, "changeToAccountReceivables": 806658000, "changeToLiabilities": -136533000, "changeToInventory": 15282000, "changeToOperatingActivities": -809000, "totalCashFromOperatingActivities": 1569097000, "capitalExpenditures": -350899000, "investments": -867647000, "otherCashflowsFromInvestingActivities": 62043000, "totalCashflowsFromInvestingActivities": -1154274000, "dividendsPaid": -107526000, "netBorrowings": -411934000, "otherCashflowsFromFinancingActivities": -223250000, "totalCashFromFinancingActivities": -739929000, "changeInCash": -325106000, "issuanceOfStock": 2781000}], "maxAge": 86400}, "institutionOwnership": {"ownershipList": [], "maxAge": 1}, "balanceSheetHistoryQuarterly": {"balanceSheetStatements": [{"maxAge": 1, "endDate": "2020-06-30", "totalStockholderEquity": 8378603000, "netTangibleAssets": 8365272000}, {"maxAge": 1, "endDate": "2020-03-31", "cash": 715920000, "netReceivables": 6385244000, "inventory": 1512037000, "otherCurrentAssets": 613148000, "totalCurrentAssets": 10422966000, "longTermInvestments": 896928000, "propertyPlantEquipment": 1727440000, "intangibleAssets": 13331000, "otherAssets": 858406000, "deferredLongTermAssetCharges": 198960000, "totalAssets": 13919071000, "accountsPayable": 2004081000, "shortLongTermDebt": 85021000, "otherCurrentLiab": 353964000, "longTermDebt": 232861000, "otherLiab": 504656000, "totalCurrentLiabilities": 4800055000, "totalLiab": 5540468000, "commonStock": 257359000, "retainedEarnings": 7229405000, "treasuryStock": 75497000, "capitalSurplus": 816342000, "otherStockholderEquity": 103041000, "totalStockholderEquity": 8378603000, "netTangibleAssets": 8365272000}, {"maxAge": 1, "endDate": "2019-12-31", "totalStockholderEquity": 8098010000, "netTangibleAssets": 8087376000}, {"maxAge": 1, "endDate": "2019-09-30", "cash": 328599000, "shortTermInvestments": 1289947000, "netReceivables": 6656840000, "inventory": 1723652000, "otherCurrentAssets": 262342000, "totalCurrentAssets": 10261380000, "longTermInvestments": 1006809000, "propertyPlantEquipment": 1764851000, "intangibleAssets": 10634000, "otherAssets": 773908000, "deferredLongTermAssetCharges": 291988000, "totalAssets": 13817582000, "accountsPayable": 2278182000, "otherCurrentLiab": 546691000, "longTermDebt": 220890000, "otherLiab": 395423000, "totalCurrentLiabilities": 5098877000, "totalLiab": 5719572000, "commonStock": 229815000, "treasuryStock": 7868195000, "otherStockholderEquity": 7868195000, "totalStockholderEquity": 8098010000, "netTangibleAssets": 8087376000}], "maxAge": 86400}, "earningsHistory": {"history": [{"maxAge": 1, "epsActual": {}, "epsEstimate": {}, "epsDifference": {}, "surprisePercent": {}, "quarter": {}, "period": "-4q"}, {"maxAge": 1, "epsActual": 0.68, "epsEstimate": 0.91, "epsDifference": -0.23, "surprisePercent": -0.253, "quarter": "2016-06-30", "period": "-3q"}, {"maxAge": 1, "epsActual": 0.51, "epsEstimate": 0.64, "epsDifference": -0.13, "surprisePercent": -0.203, "quarter": "2016-09-30", "period": "-2q"}, {"maxAge": 1, "epsActual": 0.5, "epsEstimate": 0.47, "epsDifference": 0.03, "surprisePercent": 0.064, "quarter": "2017-12-31", "period": "-1q"}], "maxAge": 86400}, "indexTrend": {"maxAge": 1, "symbol": "SP5", "peRatio": 19.7411, "pegRatio": 1.34172, "estimates": [{"period": "0q", "growth": 0.549}, {"period": "+1q", "growth": 0.431}, {"period": "0y", "growth": 0.305}, {"period": "+1y", "growth": 0.109}, {"period": "+5y", "growth": 0.120865}, {"period": "-5y"}]}, "industryTrend": {"maxAge": 1, "symbol": null, "estimates": []}, "insiderTransactions": {"transactions": [{"maxAge": 1, "shares": 1395498, "filerUrl": "", "transactionText": "Sale at price 0.00 per share.", "filerName": "Todi (Amrit Lal) HUF", "filerRelation": "Promoter", "moneyText": "", "startDate": "2020-06-29", "ownership": "D"}, {"maxAge": 1, "shares": 713605, "filerUrl": "", "transactionText": "Sale at price 0.00 per share.", "filerName": "Todi (Rubal)", "filerRelation": "Promoter", "moneyText": "", "startDate": "2020-06-29", "ownership": "D"}, {"maxAge": 1, "shares": 1395498, "filerUrl": "", "transactionText": "Purchase at price 0.00 per share.", "filerName": "Todi (Seema)", "filerRelation": "Promoter", "moneyText": "", "startDate": "2020-06-29", "ownership": "D"}, {"maxAge": 1, "shares": 713605, "filerUrl": "", "transactionText": "Purchase at price 0.00 per share.", "filerName": "Todi (Sharda)", "filerRelation": "Promoter", "moneyText": "", "startDate": "2020-06-29", "ownership": "D"}, {"maxAge": 1, "shares": 1490000, "filerUrl": "", "transactionText": "", "filerName": "Agarwal (Ishwar Chand)", "filerRelation": "Promoter", "moneyText": "", "startDate": "2020-06-26", "ownership": "D"}, {"maxAge": 1, "shares": 1490000, "filerUrl": "", "transactionText": "", "filerName": "Todi (Seema)", "filerRelation": "Promoter", "moneyText": "", "startDate": "2020-06-26", "ownership": "D"}, {"maxAge": 1, "shares": 3750210, "filerUrl": "", "transactionText": "", "filerName": "CRG Trading & Finvest Pvt Ltd", "filerRelation": "Promoter", "moneyText": "", "startDate": "2020-02-19", "ownership": "D"}, {"maxAge": 1, "shares": 4205000, "filerUrl": "", "transactionText": "", "filerName": "Genus International Commodities, Ltd.", "filerRelation": "Promoter", "moneyText": "", "startDate": "2020-02-19", "ownership": "D"}, {"maxAge": 1, "shares": 41728527, "filerUrl": "", "transactionText": "", "filerName": "Hi-Print Electromack Pvt. Ltd.", "filerRelation": "Promoter", "moneyText": "", "startDate": "2020-02-19", "ownership": "D"}, {"maxAge": 1, "shares": 9961560, "filerUrl": "", "transactionText": "", "filerName": "Kailash Industries Ltd", "filerRelation": "Promoter", "moneyText": "", "startDate": "2020-02-19", "ownership": "D"}, {"maxAge": 1, "shares": 75000, "filerUrl": "", "transactionText": "", "filerName": "Kailash Vidyut & Ispat, Ltd.", "filerRelation": "Promoter", "moneyText": "", "startDate": "2020-02-19", "ownership": "D"}, {"maxAge": 1, "shares": 23736757, "filerUrl": "", "transactionText": "", "filerName": "Vivekshil Dealers Pvt Ltd", "filerRelation": "Promoter", "moneyText": "", "startDate": "2020-02-19", "ownership": "D"}, {"maxAge": 1, "shares": 1520000, "filerUrl": "", "transactionText": "", "filerName": "Agarwal (Baldev Kumar) HUF", "filerRelation": "UNREPORTED", "moneyText": "", "startDate": "2019-07-24", "ownership": "D"}, {"maxAge": 1, "shares": 759400, "filerUrl": "", "transactionText": "", "filerName": "Todi (Anand)", "filerRelation": "Promoter", "moneyText": "", "startDate": "2019-05-28", "ownership": "D"}, {"maxAge": 1, "shares": 759400, "filerUrl": "", "transactionText": "", "filerName": "Todi (Phoos Raj) HUF", "filerRelation": "Promoter", "moneyText": "", "startDate": "2019-05-28", "ownership": "D"}, {"maxAge": 1, "shares": 5548356, "filerUrl": "", "transactionText": "", "filerName": "Agarwal (Kailash Chandra)", "filerRelation": "Promoter", "moneyText": "", "startDate": "2019-05-16", "ownership": "D"}, {"maxAge": 1, "shares": 374040, "filerUrl": "", "transactionText": "", "filerName": "Todi (Anand)", "filerRelation": "Promoter", "moneyText": "", "startDate": "2019-05-15", "ownership": "D"}, {"maxAge": 1, "shares": 374040, "filerUrl": "", "transactionText": "", "filerName": "Todi (Manju Devi)", "filerRelation": "Promoter", "moneyText": "", "startDate": "2019-05-15", "ownership": "D"}], "maxAge": 1}, "quoteType": {"exchange": "BSE", "quoteType": "EQUITY", "symbol": "GENUSPOWER.BO", "underlyingSymbol": "GENUSPOWER.BO", "shortName": "GENUS POWER INFRASTRUCTURES LT", "longName": "Genus Power Infrastructures Limited", "firstTradeDateEpochUtc": "2002-01-01 09:15:00", "timeZoneFullName": "Asia/Kolkata", "timeZoneShortName": "IST", "uuid": "7799b0e8-0776-3209-a829-8814e3b1d9c7", "gmtOffSetMilliseconds": 19800000, "maxAge": 1}, "incomeStatementHistory": {"incomeStatementHistory": [{"maxAge": 1, "endDate": "2020-03-31", "totalRevenue": 10603985000, "costOfRevenue": 6712271000, "grossProfit": 3891714000, "researchDevelopment": {}, "sellingGeneralAdministrative": 1100844000, "nonRecurring": {}, "otherOperatingExpenses": 1084561000, "totalOperatingExpenses": 9224526000, "operatingIncome": 1379459000, "totalOtherIncomeExpenseNet": -220182000, "ebit": 1379459000, "interestExpense": -241948000, "incomeBeforeTax": 1159277000, "incomeTaxExpense": 433152000, "minorityInterest": {}, "netIncomeFromContinuingOps": 726125000, "discontinuedOperations": {}, "extraordinaryItems": {}, "effectOfAccountingCharges": {}, "otherItems": {}, "netIncome": 726125000, "netIncomeApplicableToCommonShares": 726125000}, {"maxAge": 1, "endDate": "2019-03-31", "totalRevenue": 10554666000, "costOfRevenue": 7246608000, "grossProfit": 3308058000, "researchDevelopment": {}, "sellingGeneralAdministrative": 1003313000, "nonRecurring": {}, "otherOperatingExpenses": 912473000, "totalOperatingExpenses": 9596975000, "operatingIncome": 957691000, "totalOtherIncomeExpenseNet": -276191000, "ebit": 957691000, "interestExpense": -251116000, "incomeBeforeTax": 681500000, "incomeTaxExpense": 201642000, "minorityInterest": {}, "netIncomeFromContinuingOps": 479858000, "discontinuedOperations": {}, "extraordinaryItems": {}, "effectOfAccountingCharges": {}, "otherItems": {}, "netIncome": 479858000, "netIncomeApplicableToCommonShares": 479858000}, {"maxAge": 1, "endDate": "2018-03-31", "totalRevenue": 8350512000, "costOfRevenue": 5810255000, "grossProfit": 2540257000, "researchDevelopment": {}, "sellingGeneralAdministrative": 876749000, "nonRecurring": {}, "otherOperatingExpenses": 722764000, "totalOperatingExpenses": 7579368000, "operatingIncome": 771144000, "totalOtherIncomeExpenseNet": 309546000, "ebit": 771144000, "interestExpense": -166942000, "incomeBeforeTax": 1080690000, "incomeTaxExpense": 235482000, "minorityInterest": {}, "netIncomeFromContinuingOps": 845208000, "discontinuedOperations": {}, "extraordinaryItems": {}, "effectOfAccountingCharges": {}, "otherItems": {}, "netIncome": 845208000, "netIncomeApplicableToCommonShares": 845208000}, {"maxAge": 1, "endDate": "2017-03-31", "totalRevenue": 6423742000, "costOfRevenue": 4138586000, "grossProfit": 2285156000, "researchDevelopment": {}, "sellingGeneralAdministrative": 794232000, "nonRecurring": {}, "otherOperatingExpenses": 626292000, "totalOperatingExpenses": 5710841000, "operatingIncome": 712901000, "totalOtherIncomeExpenseNet": 56819000, "ebit": 712901000, "interestExpense": -180323000, "incomeBeforeTax": 769720000, "incomeTaxExpense": 124623000, "minorityInterest": {}, "netIncomeFromContinuingOps": 645097000, "discontinuedOperations": {}, "extraordinaryItems": {}, "effectOfAccountingCharges": {}, "otherItems": {}, "netIncome": 645097000, "netIncomeApplicableToCommonShares": 645097000}], "maxAge": 86400}, "fundOwnership": {"ownershipList": [], "maxAge": 1}, "summaryDetail": {"maxAge": 1, "priceHint": 2, "previousClose": 47.25, "open": 47.05, "dayLow": 46.0, "dayHigh": 47.9, "regularMarketPreviousClose": 47.25, "regularMarketOpen": 47.05, "regularMarketDayLow": 46.0, "regularMarketDayHigh": 47.9, "trailingPE": 14.9239235, "forwardPE": 10.267261, "volume": 9633, "regularMarketVolume": 9633, "averageVolume": 40652, "averageVolume10days": 47881, "averageDailyVolume10Day": 47881, "bid": 46.0, "ask": 46.8, "bidSize": 0, "askSize": 0, "marketCap": 11864250368, "fiftyTwoWeekLow": 12.65, "fiftyTwoWeekHigh": 47.9, "fiftyDayAverage": 36.736362, "twoHundredDayAverage": 29.469486, "trailingAnnualDividendRate": 0.41, "trailingAnnualDividendYield": 0.008677249, "currency": "INR", "fromCurrency": null, "lastMarket": null, "algorithm": null, "tradeable": false}, "sectorTrend": {"maxAge": 1, "symbol": null, "estimates": []}, "incomeStatementHistoryQuarterly": {"incomeStatementHistory": [{"maxAge": 1, "endDate": "2020-06-30", "totalRevenue": 840200000, "costOfRevenue": 540427000, "grossProfit": 299773000, "researchDevelopment": {}, "sellingGeneralAdministrative": 206530000, "nonRecurring": {}, "otherOperatingExpenses": 110426000, "totalOperatingExpenses": 911178000, "operatingIncome": -70978000, "totalOtherIncomeExpenseNet": 161162000, "ebit": -70978000, "interestExpense": -67894000, "incomeBeforeTax": 90184000, "incomeTaxExpense": -18037000, "minorityInterest": {}, "netIncomeFromContinuingOps": 108221000, "discontinuedOperations": {}, "extraordinaryItems": {}, "effectOfAccountingCharges": {}, "otherItems": {}, "netIncome": 108221000, "netIncomeApplicableToCommonShares": 108221000}, {"maxAge": 1, "endDate": "2020-03-31", "totalRevenue": 2482889000, "costOfRevenue": 1589100000, "grossProfit": 893789000, "researchDevelopment": {}, "sellingGeneralAdministrative": 294957000, "nonRecurring": {}, "otherOperatingExpenses": 123833000, "totalOperatingExpenses": 2169775000, "operatingIncome": 313114000, "totalOtherIncomeExpenseNet": -68971000, "ebit": 313114000, "interestExpense": -67894000, "incomeBeforeTax": 244143000, "incomeTaxExpense": 105125000, "minorityInterest": {}, "netIncomeFromContinuingOps": 139018000, "discontinuedOperations": {}, "extraordinaryItems": {}, "effectOfAccountingCharges": {}, "otherItems": {}, "netIncome": 139018000, "netIncomeApplicableToCommonShares": 139018000}, {"maxAge": 1, "endDate": "2019-12-31", "totalRevenue": 2680337000, "costOfRevenue": 1643496000, "grossProfit": 1036841000, "researchDevelopment": {}, "sellingGeneralAdministrative": 261670000, "nonRecurring": {}, "otherOperatingExpenses": 373980000, "totalOperatingExpenses": 2334341000, "operatingIncome": 345996000, "totalOtherIncomeExpenseNet": -36946000, "ebit": 345996000, "interestExpense": -82473000, "incomeBeforeTax": 309050000, "incomeTaxExpense": 140750000, "minorityInterest": {}, "netIncomeFromContinuingOps": 168300000, "discontinuedOperations": {}, "extraordinaryItems": {}, "effectOfAccountingCharges": {}, "otherItems": {}, "netIncome": 168300000, "netIncomeApplicableToCommonShares": 168300000}, {"maxAge": 1, "endDate": "2019-09-30", "totalRevenue": 2754381000, "costOfRevenue": 1728430000, "grossProfit": 1025951000, "researchDevelopment": {}, "sellingGeneralAdministrative": 286469000, "nonRecurring": {}, "otherOperatingExpenses": 235555000, "totalOperatingExpenses": 2305231000, "operatingIncome": 449150000, "totalOtherIncomeExpenseNet": -64150000, "ebit": 449150000, "interestExpense": -90085000, "incomeBeforeTax": 385000000, "incomeTaxExpense": 89981000, "minorityInterest": {}, "netIncomeFromContinuingOps": 295019000, "discontinuedOperations": {}, "extraordinaryItems": {}, "effectOfAccountingCharges": {}, "otherItems": {}, "netIncome": 295019000, "netIncomeApplicableToCommonShares": 295019000}], "maxAge": 86400}, "cashflowStatementHistoryQuarterly": {"cashflowStatements": [{"maxAge": 1, "endDate": "2020-06-30", "netIncome": 108221000, "changeToLiabilities": 0}, {"maxAge": 1, "endDate": "2020-03-31", "netIncome": 139018000, "changeToLiabilities": 0}, {"maxAge": 1, "endDate": "2019-12-31", "netIncome": 168300000, "changeToLiabilities": 0}, {"maxAge": 1, "endDate": "2019-09-30", "netIncome": 295019000, "changeToLiabilities": 0}], "maxAge": 86400}, "insiderHolders": {"holders": [{"maxAge": 1, "name": "Agarwal (Ishwar Chand)", "relation": "Promoter", "url": "", "transactionDescription": "Acquisition", "latestTransDate": "2020-06-26", "positionDirect": 8935801, "positionDirectDate": "2020-06-26"}, {"maxAge": 1, "name": "CRG Trading & Finvest Pvt Ltd", "relation": "Promoter", "url": "", "transactionDescription": "Other", "latestTransDate": "2020-02-19", "positionDirect": 0, "positionDirectDate": "2020-02-19"}, {"maxAge": 1, "name": "Genus International Commodities, Ltd.", "relation": "Promoter", "url": "", "transactionDescription": "Other", "latestTransDate": "2020-02-19", "positionDirect": 0, "positionDirectDate": "2020-02-19"}, {"maxAge": 1, "name": "Hi-Print Electromack Pvt. Ltd.", "relation": "Promoter", "url": "", "transactionDescription": "Other", "latestTransDate": "2020-02-19", "positionDirect": 47302827, "positionDirectDate": "2020-02-19"}, {"maxAge": 1, "name": "Kailash Industries Ltd", "relation": "Promoter", "url": "", "transactionDescription": "Other", "latestTransDate": "2020-02-19", "positionDirect": 0, "positionDirectDate": "2020-02-19"}, {"maxAge": 1, "name": "Kailash Vidyut & Ispat, Ltd.", "relation": "Promoter", "url": "", "transactionDescription": "Other", "latestTransDate": "2020-02-19", "positionDirect": 0, "positionDirectDate": "2020-02-19"}, {"maxAge": 1, "name": "Todi (Amrit Lal) HUF", "relation": "Promoter", "url": "", "transactionDescription": "Sale", "latestTransDate": "2020-06-29", "positionDirect": 309002, "positionDirectDate": "2020-06-29"}, {"maxAge": 1, "name": "Todi (Rubal)", "relation": "Promoter", "url": "", "transactionDescription": "Sale", "latestTransDate": "2020-06-29", "positionDirect": 190795, "positionDirectDate": "2020-06-29"}, {"maxAge": 1, "name": "Todi (Seema)", "relation": "Promoter", "url": "", "transactionDescription": "Purchase", "latestTransDate": "2020-06-29", "positionDirect": 3706098, "positionDirectDate": "2020-06-29"}, {"maxAge": 1, "name": "Todi (Sharda)", "relation": "Promoter", "url": "", "transactionDescription": "Purchase", "latestTransDate": "2020-06-29", "positionDirect": 2096605, "positionDirectDate": "2020-06-29"}], "maxAge": 1}, "earnings": {"maxAge": 86400, "earningsChart": {"quarterly": [{"date": "2Q2016", "actual": 0.68, "estimate": 0.91}, {"date": "3Q2016", "actual": 0.51, "estimate": 0.64}, {"date": "4Q2017", "actual": 0.5, "estimate": 0.47}], "currentQuarterEstimateDate": "1Q", "currentQuarterEstimateYear": 2018, "earningsDate": []}, "financialsChart": {"yearly": [{"date": 2017, "revenue": 6423742000, "earnings": 645097000}, {"date": 2018, "revenue": 8350512000, "earnings": 845208000}, {"date": 2019, "revenue": 10554666000, "earnings": 479858000}, {"date": 2020, "revenue": 10603985000, "earnings": 726125000}], "quarterly": [{"date": "3Q2019", "revenue": 2754381000, "earnings": 295019000}, {"date": "4Q2019", "revenue": 2680337000, "earnings": 168300000}, {"date": "1Q2020", "revenue": 2482889000, "earnings": 139018000}, {"date": "2Q2020", "revenue": 840200000, "earnings": 108221000}]}, "financialCurrency": "INR"}, "calendarEvents": {"maxAge": 1, "earnings": {"earningsDate": [], "revenueLow": 2374000000, "revenueHigh": 2374000000}}, "upgradeDowngradeHistory": {"history": [], "maxAge": 86400}, "price": {"maxAge": 1, "regularMarketChangePercent": -0.024338657, "regularMarketChange": -1.1500015, "regularMarketTime": "2021-04-30 15:26:39", "priceHint": 2, "regularMarketPrice": 46.1, "regularMarketDayHigh": 47.9, "regularMarketDayLow": 46.0, "regularMarketVolume": 9633, "averageDailyVolume10Day": 47881, "averageDailyVolume3Month": 40652, "regularMarketPreviousClose": 47.25, "regularMarketSource": "FREE_REALTIME", "regularMarketOpen": 47.05, "exchange": "BSE", "exchangeName": "BSE", "exchangeDataDelayedBy": 0, "marketState": "CLOSED", "quoteType": "EQUITY", "symbol": "GENUSPOWER.BO", "underlyingSymbol": null, "shortName": "GENUS POWER INFRASTRUCTURES LT", "longName": "Genus Power Infrastructures Limited", "currency": "INR", "quoteSourceName": "Delayed Quote", "currencySymbol": "\u20b9", "fromCurrency": null, "lastMarket": null, "marketCap": 11864250368}, "balanceSheetHistory": {"balanceSheetStatements": [{"maxAge": 1, "endDate": "2020-03-31", "cash": 715920000, "netReceivables": 6385244000, "inventory": 1512037000, "otherCurrentAssets": 613148000, "totalCurrentAssets": 10422966000, "longTermInvestments": 896928000, "propertyPlantEquipment": 1727440000, "intangibleAssets": 13331000, "otherAssets": 858406000, "deferredLongTermAssetCharges": 198960000, "totalAssets": 13919071000, "accountsPayable": 2004081000, "shortLongTermDebt": 85021000, "otherCurrentLiab": 353964000, "longTermDebt": 232861000, "otherLiab": 504656000, "totalCurrentLiabilities": 4800055000, "totalLiab": 5540468000, "commonStock": 257359000, "retainedEarnings": 7229405000, "treasuryStock": 75497000, "capitalSurplus": 816342000, "otherStockholderEquity": 103041000, "totalStockholderEquity": 8378603000, "netTangibleAssets": 8365272000}, {"maxAge": 1, "endDate": "2019-03-31", "cash": 148396000, "netReceivables": 5818115000, "inventory": 2067418000, "otherCurrentAssets": 496008000, "totalCurrentAssets": 10145504000, "longTermInvestments": 827251000, "propertyPlantEquipment": 1785016000, "intangibleAssets": 11140000, "otherAssets": 993588000, "deferredLongTermAssetCharges": 372497000, "totalAssets": 13762499000, "accountsPayable": 2352381000, "shortLongTermDebt": 84819000, "otherCurrentLiab": 374651000, "longTermDebt": 250586000, "otherLiab": 352661000, "totalCurrentLiabilities": 5317940000, "totalLiab": 5921187000, "commonStock": 257359000, "retainedEarnings": 6671424000, "treasuryStock": 96187000, "capitalSurplus": 816342000, "otherStockholderEquity": 123731000, "totalStockholderEquity": 7841312000, "netTangibleAssets": 7830172000}, {"maxAge": 1, "endDate": "2018-03-31", "cash": 217873000, "netReceivables": 5250288000, "inventory": 1956396000, "otherCurrentAssets": 514308000, "totalCurrentAssets": 9788467000, "longTermInvestments": 511608000, "propertyPlantEquipment": 1673559000, "intangibleAssets": 12287000, "otherAssets": 1211713000, "deferredLongTermAssetCharges": 367195000, "totalAssets": 13197634000, "accountsPayable": 2497004000, "shortLongTermDebt": 19400000, "otherCurrentLiab": 529291000, "longTermDebt": 162643000, "otherLiab": 234250000, "totalCurrentLiabilities": 5335479000, "totalLiab": 5732372000, "commonStock": 257229000, "retainedEarnings": 6301951000, "treasuryStock": 90712000, "capitalSurplus": 815370000, "otherStockholderEquity": 118256000, "totalStockholderEquity": 7465262000, "netTangibleAssets": 7452975000}, {"maxAge": 1, "endDate": "2017-03-31", "cash": 349653000, "netReceivables": 3422987000, "inventory": 1160439000, "otherCurrentAssets": 449001000, "totalCurrentAssets": 6984566000, "longTermInvestments": 450029000, "propertyPlantEquipment": 1619650000, "intangibleAssets": 15691000, "otherAssets": 1395935000, "deferredLongTermAssetCharges": 459256000, "totalAssets": 10465871000, "accountsPayable": 942112000, "shortLongTermDebt": 6817000, "otherCurrentLiab": 375740000, "longTermDebt": 10503000, "otherLiab": 193282000, "totalCurrentLiabilities": 3566725000, "totalLiab": 3770510000, "commonStock": 257183000, "retainedEarnings": 5555524000, "treasuryStock": 67565000, "capitalSurplus": 815089000, "otherStockholderEquity": 95109000, "totalStockholderEquity": 6695361000, "netTangibleAssets": 6679670000}], "maxAge": 86400}, "earningsTrend": {"trend": [{"maxAge": 1, "period": "0q", "endDate": "2018-03-31", "growth": {}, "earningsEstimate": {"avg": 0.0, "low": 0.0, "high": 0.0, "yearAgoEps": {}, "numberOfAnalysts": 0, "growth": {}}, "revenueEstimate": {"avg": 0, "low": 2374000000, "high": 2374000000, "numberOfAnalysts": 1, "yearAgoRevenue": {}, "growth": {}}, "epsTrend": {"current": 0.0, "7daysAgo": 0.91, "30daysAgo": 0.91, "60daysAgo": 0.91, "90daysAgo": 0.91}, "epsRevisions": {"upLast7days": 0, "upLast30days": 0, "downLast30days": 0, "downLast90days": {}}}, {"maxAge": 1, "period": "+1q", "endDate": "2018-06-30", "growth": {}, "earningsEstimate": {"avg": 0.0, "low": 0.0, "high": 0.0, "yearAgoEps": 0.68, "numberOfAnalysts": 0, "growth": {}}, "revenueEstimate": {"avg": 0, "low": 1814000000, "high": 2211000000, "numberOfAnalysts": 2, "yearAgoRevenue": {}, "growth": {}}, "epsTrend": {"current": 0.0, "7daysAgo": 0.68, "30daysAgo": 0.68, "60daysAgo": 0.68, "90daysAgo": 0.68}, "epsRevisions": {"upLast7days": 0, "upLast30days": 0, "downLast30days": 0, "downLast90days": {}}}, {"maxAge": 1, "period": "0y", "endDate": "2018-03-31", "growth": {}, "earningsEstimate": {"avg": 0.0, "low": 0.0, "high": 0.0, "yearAgoEps": {}, "numberOfAnalysts": 0, "growth": {}}, "revenueEstimate": {"avg": 8350510000, "low": 7949970000, "high": 7949970000, "numberOfAnalysts": 1, "yearAgoRevenue": {}, "growth": {}}, "epsTrend": {"current": 0.0, "7daysAgo": 2.12, "30daysAgo": 2.12, "60daysAgo": 2.12, "90daysAgo": 2.12}, "epsRevisions": {"upLast7days": 0, "upLast30days": 0, "downLast30days": 0, "downLast90days": {}}}, {"maxAge": 1, "period": "+1y", "endDate": "2019-03-31", "growth": {}, "earningsEstimate": {"avg": 0.0, "low": 0.0, "high": 0.0, "yearAgoEps": {}, "numberOfAnalysts": 0, "growth": {}}, "revenueEstimate": {"avg": 11085600000, "low": 10992000000, "high": 11179200000, "numberOfAnalysts": 2, "yearAgoRevenue": 8350510000, "growth": 0.32799998}, "epsTrend": {"current": 0.0, "7daysAgo": 2.8, "30daysAgo": 2.8, "60daysAgo": 2.8, "90daysAgo": 2.8}, "epsRevisions": {"upLast7days": 0, "upLast30days": 0, "downLast30days": 0, "downLast90days": {}}}, {"maxAge": 1, "period": "+5y", "endDate": null, "growth": {}, "earningsEstimate": {"avg": {}, "low": {}, "high": {}, "yearAgoEps": {}, "numberOfAnalysts": {}, "growth": {}}, "revenueEstimate": {"avg": {}, "low": {}, "high": {}, "numberOfAnalysts": {}, "yearAgoRevenue": {}, "growth": {}}, "epsTrend": {"current": {}, "7daysAgo": {}, "30daysAgo": {}, "60daysAgo": {}, "90daysAgo": {}}, "epsRevisions": {"upLast7days": {}, "upLast30days": {}, "downLast30days": {}, "downLast90days": {}}}, {"maxAge": 1, "period": "-5y", "endDate": null, "growth": {}, "earningsEstimate": {"avg": {}, "low": {}, "high": {}, "yearAgoEps": {}, "numberOfAnalysts": {}, "growth": {}}, "revenueEstimate": {"avg": {}, "low": {}, "high": {}, "numberOfAnalysts": {}, "yearAgoRevenue": {}, "growth": {}}, "epsTrend": {"current": {}, "7daysAgo": {}, "30daysAgo": {}, "60daysAgo": {}, "90daysAgo": {}}, "epsRevisions": {"upLast7days": {}, "upLast30days": {}, "downLast30days": {}, "downLast90days": {}}}], "maxAge": 1}, "financialData": {"maxAge": 86400, "currentPrice": 46.1, "targetHighPrice": 85.0, "targetLowPrice": 23.0, "targetMeanPrice": 58.5, "targetMedianPrice": 63.0, "recommendationKey": "none", "numberOfAnalystOpinions": 4, "grossProfits": 3891714000, "financialCurrency": "INR"}}}