{"GENUSPAPER.NS": {"assetProfile": {"address1": "D-116, Okhla Industrial Area", "address2": "Phase-I", "city": "New Delhi", "zip": "110020", "country": "India", "phone": "91 11 4711 4800", "fax": "91 11 4711 4833", "website": "http://www.genuspaper.com", "industry": "Paper & Paper Products", "sector": "Basic Materials", "longBusinessSummary": "Genus Paper & Boards Limited manufactures and sells kraft paper in India. The company operates through two segments, Kraft Paper Business and Strategic Investment Activity. It also invests in shares and securities, and loans. The company was incorporated in 2012 and is based in New Delhi, India.", "fullTimeEmployees": 435, "companyOfficers": [{"maxAge": 1, "name": "Mr. Kailash Chandra Agarwal", "age": 49, "title": "MD, CEO & Exec. Director", "yearBorn": 1971, "fiscalYear": 2020, "totalPay": 7320000, "exercisedValue": 0, "unexercisedValue": 0}, {"maxAge": 1, "name": "Mr. Sanjay Kumar Agarwal", "age": 45, "title": "Chief Financial Officer", "yearBorn": 1975, "fiscalYear": 2020, "totalPay": 1747000, "exercisedValue": 0, "unexercisedValue": 0}, {"maxAge": 1, "name": "Mr. Anuj  Ahluwalia", "title": "Company Sec. & Compliance Officer", "fiscalYear": 2020, "totalPay": 600000, "exercisedValue": 0, "unexercisedValue": 0}, {"maxAge": 1, "name": "Mr. Surya Prakash Sinha", "age": 70, "title": "GM of the Human Resource Department & Exec. Non Independent Director", "yearBorn": 1950, "fiscalYear": 2020, "totalPay": 720000, "exercisedValue": 0, "unexercisedValue": 0}, {"maxAge": 1, "name": "Mr. Himanshu  Agarwal", "age": 39, "title": "Whole Time Director", "yearBorn": 1981, "fiscalYear": 2020, "totalPay": 6720000, "exercisedValue": 0, "unexercisedValue": 0}, {"maxAge": 1, "name": "Mr. Akhilesh Kumar Maheshwari", "age": 56, "title": "Exec. Additional Whole-Time Director", "yearBorn": 1964, "exercisedValue": 0, "unexercisedValue": 0}], "compensationAsOfEpochDate": "2020-12-31 05:30:00", "maxAge": 86400}, "recommendationTrend": {"trend": [{"period": "0m", "strongBuy": 0, "buy": 0, "hold": 0, "sell": 0, "strongSell": 0}, {"period": "-1m", "strongBuy": 0, "buy": 0, "hold": 0, "sell": 0, "strongSell": 0}, {"period": "-2m", "strongBuy": 0, "buy": 0, "hold": 0, "sell": 0, "strongSell": 0}, {"period": "-3m", "strongBuy": 0, "buy": 0, "hold": 0, "sell": 0, "strongSell": 0}], "maxAge": 86400}, "cashflowStatementHistory": {"cashflowStatements": [{"maxAge": 1, "endDate": "2020-03-31", "netIncome": 89111000, "depreciation": 133150000, "changeToNetincome": 22572000, "changeToAccountReceivables": -101804000, "changeToLiabilities": 73286000, "changeToInventory": -208309000, "changeToOperatingActivities": 80760000, "totalCashFromOperatingActivities": 88766000, "capitalExpenditures": -100894000, "otherCashflowsFromInvestingActivities": 22490000, "totalCashflowsFromInvestingActivities": -75324000, "netBorrowings": -99963000, "otherCashflowsFromFinancingActivities": -55505000, "totalCashFromFinancingActivities": -155468000, "changeInCash": -142026000}, {"maxAge": 1, "endDate": "2019-03-31", "netIncome": 78292000, "depreciation": 130325000, "changeToNetincome": 29793000, "changeToAccountReceivables": 293832000, "changeToLiabilities": -302688000, "changeToInventory": 79276000, "changeToOperatingActivities": 332734000, "totalCashFromOperatingActivities": 641564000, "capitalExpenditures": -51115000, "investments": -266937000, "otherCashflowsFromInvestingActivities": -2690000, "totalCashflowsFromInvestingActivities": -318094000, "netBorrowings": -156775000, "otherCashflowsFromFinancingActivities": -76758000, "totalCashFromFinancingActivities": -233533000, "changeInCash": 89937000}, {"maxAge": 1, "endDate": "2018-03-31", "netIncome": 149398000, "depreciation": 129221000, "changeToNetincome": 57508000, "changeToAccountReceivables": -129002000, "changeToLiabilities": 4356000, "changeToInventory": -74698000, "changeToOperatingActivities": -35042000, "totalCashFromOperatingActivities": 101741000, "capitalExpenditures": -47893000, "investments": -313492000, "otherCashflowsFromInvestingActivities": 48395000, "totalCashflowsFromInvestingActivities": -309935000, "netBorrowings": 124113000, "otherCashflowsFromFinancingActivities": -60768000, "totalCashFromFinancingActivities": 63345000, "changeInCash": -144849000}, {"maxAge": 1, "endDate": "2017-03-31", "netIncome": 70408000, "depreciation": 124047000, "changeToNetincome": 2304000, "changeToAccountReceivables": -107926000, "changeToLiabilities": 129434000, "changeToInventory": 80255000, "changeToOperatingActivities": -135816000, "totalCashFromOperatingActivities": 162706000, "capitalExpenditures": -31993000, "investments": 37256000, "otherCashflowsFromInvestingActivities": 45875000, "totalCashflowsFromInvestingActivities": 51138000, "netBorrowings": -139413000, "otherCashflowsFromFinancingActivities": -59179000, "totalCashFromFinancingActivities": -198592000, "changeInCash": 15252000}], "maxAge": 86400}, "indexTrend": {"maxAge": 1, "symbol": "SP5", "peRatio": 19.7411, "pegRatio": 1.34172, "estimates": [{"period": "0q", "growth": 0.549}, {"period": "+1q", "growth": 0.431}, {"period": "0y", "growth": 0.305}, {"period": "+1y", "growth": 0.109}, {"period": "+5y", "growth": 0.120865}, {"period": "-5y"}]}, "defaultKeyStatistics": {"maxAge": 1, "priceHint": 2, "enterpriseValue": 2292707584, "forwardPE": 9.358975, "profitMargins": 0.01349, "floatShares": 57626220, "sharesOutstanding": 257126000, "heldPercentInsiders": 0.69991994, "heldPercentInstitutions": 0.0, "beta": 1.492462, "category": null, "bookValue": 13.889, "priceToBook": 0.5255958, "fundFamily": null, "legalType": null, "lastFiscalYearEnd": "2020-03-31 05:30:00", "nextFiscalYearEnd": "2022-03-31 05:30:00", "mostRecentQuarter": "2020-12-31 05:30:00", "earningsQuarterlyGrowth": 23.942, "netIncomeToCommon": 34865000, "trailingEps": 0.134, "forwardEps": 0.78, "lastSplitFactor": null, "enterpriseToRevenue": 0.887, "enterpriseToEbitda": 9.352}, "industryTrend": {"maxAge": 1, "symbol": null, "estimates": []}, "quoteType": {"exchange": "NSI", "quoteType": "EQUITY", "symbol": "GENUSPAPER.NS", "underlyingSymbol": "GENUSPAPER.NS", "shortName": "GENUS PAPER AND BO", "longName": "Genus Paper & Boards Limited", "firstTradeDateEpochUtc": "2015-02-16 09:15:00", "timeZoneFullName": "Asia/Kolkata", "timeZoneShortName": "IST", "uuid": "febf2b6b-8a81-3ffd-b3c4-bf10366ae348", "gmtOffSetMilliseconds": 19800000, "maxAge": 1}, "incomeStatementHistory": {"incomeStatementHistory": [{"maxAge": 1, "endDate": "2020-03-31", "totalRevenue": 2539327000, "costOfRevenue": 1604148000, "grossProfit": 935179000, "researchDevelopment": {}, "sellingGeneralAdministrative": 129950000, "nonRecurring": {}, "otherOperatingExpenses": 533547000, "totalOperatingExpenses": 2400795000, "operatingIncome": 138532000, "totalOtherIncomeExpenseNet": -52737000, "ebit": 138532000, "interestExpense": -43425000, "incomeBeforeTax": 85795000, "incomeTaxExpense": -3316000, "minorityInterest": {}, "netIncomeFromContinuingOps": 89111000, "discontinuedOperations": {}, "extraordinaryItems": {}, "effectOfAccountingCharges": {}, "otherItems": {}, "netIncome": 89111000, "netIncomeApplicableToCommonShares": 89111000}, {"maxAge": 1, "endDate": "2019-03-31", "totalRevenue": 4314373000, "costOfRevenue": 2919804000, "grossProfit": 1394569000, "researchDevelopment": {}, "sellingGeneralAdministrative": 157035000, "nonRecurring": {}, "otherOperatingExpenses": 934991000, "totalOperatingExpenses": 4142155000, "operatingIncome": 172218000, "totalOtherIncomeExpenseNet": -54742000, "ebit": 172218000, "interestExpense": -75459000, "incomeBeforeTax": 117476000, "incomeTaxExpense": 39184000, "minorityInterest": {}, "netIncomeFromContinuingOps": 78292000, "discontinuedOperations": {}, "extraordinaryItems": {}, "effectOfAccountingCharges": {}, "otherItems": {}, "netIncome": 78292000, "netIncomeApplicableToCommonShares": 78292000}, {"maxAge": 1, "endDate": "2018-03-31", "totalRevenue": 3455724000, "costOfRevenue": 2356020000, "grossProfit": 1099704000, "researchDevelopment": {}, "sellingGeneralAdministrative": 129987000, "nonRecurring": {}, "otherOperatingExpenses": 607775000, "totalOperatingExpenses": 3223003000, "operatingIncome": 232721000, "totalOtherIncomeExpenseNet": -7227000, "ebit": 232721000, "interestExpense": -39866000, "incomeBeforeTax": 225494000, "incomeTaxExpense": 76096000, "minorityInterest": {}, "netIncomeFromContinuingOps": 149398000, "discontinuedOperations": {}, "extraordinaryItems": {}, "effectOfAccountingCharges": {}, "otherItems": {}, "netIncome": 149398000, "netIncomeApplicableToCommonShares": 149398000}, {"maxAge": 1, "endDate": "2017-03-31", "totalRevenue": 3056871000, "costOfRevenue": 2217684000, "grossProfit": 839187000, "researchDevelopment": {}, "sellingGeneralAdministrative": 108217000, "nonRecurring": {}, "otherOperatingExpenses": 513530000, "totalOperatingExpenses": 2963478000, "operatingIncome": 93393000, "totalOtherIncomeExpenseNet": 1246000, "ebit": 93393000, "interestExpense": -47217000, "incomeBeforeTax": 94639000, "incomeTaxExpense": 24231000, "minorityInterest": {}, "netIncomeFromContinuingOps": 70408000, "discontinuedOperations": {}, "extraordinaryItems": {}, "effectOfAccountingCharges": {}, "otherItems": {}, "netIncome": 70408000, "netIncomeApplicableToCommonShares": 70408000}], "maxAge": 86400}, "fundOwnership": {"ownershipList": [], "maxAge": 1}, "summaryDetail": {"maxAge": 1, "priceHint": 2, "previousClose": 7.4, "open": 7.45, "dayLow": 7.25, "dayHigh": 7.45, "regularMarketPreviousClose": 7.4, "regularMarketOpen": 7.45, "regularMarketDayLow": 7.25, "regularMarketDayHigh": 7.45, "payoutRatio": 0.0, "beta": 1.492462, "trailingPE": 54.47761, "forwardPE": 9.358975, "volume": 158030, "regularMarketVolume": 158030, "averageVolume": 289563, "averageVolume10days": 147667, "averageDailyVolume10Day": 147667, "bid": 0.0, "ask": 0.0, "bidSize": 0, "askSize": 0, "marketCap": 1871946368, "fiftyTwoWeekLow": 3.15, "fiftyTwoWeekHigh": 8.9, "priceToSalesTrailing12Months": 0.7242407, "fiftyDayAverage": 7.3235292, "twoHundredDayAverage": 6.202482, "currency": "INR", "fromCurrency": null, "lastMarket": null, "algorithm": null, "tradeable": false}, "insiderHolders": {"holders": [{"maxAge": 1, "name": "Agarwal (Anju)", "relation": "Promoter", "url": "", "transactionDescription": "Acquisition", "latestTransDate": "2020-11-14", "positionDirect": 152942, "positionDirectDate": "2020-11-14"}, {"maxAge": 1, "name": "Agarwal (Himanshu)", "relation": "Promoter", "url": "", "transactionDescription": "Other", "latestTransDate": "2020-11-11", "positionDirect": 7103530, "positionDirectDate": "2020-11-11"}, {"maxAge": 1, "name": "Agarwal (Ishwar Chand)", "relation": "UNREPORTED", "url": "", "transactionDescription": "Other", "latestTransDate": "2020-06-26", "positionDirect": 8194447, "positionDirectDate": "2020-06-26"}, {"maxAge": 1, "name": "Agarwal (Simple)", "relation": "Promoter", "url": "", "transactionDescription": "Acquisition", "latestTransDate": "2020-11-14", "positionDirect": 762020, "positionDirectDate": "2020-11-14"}, {"maxAge": 1, "name": "CRG Trading And Finvest P Ltd", "relation": "Promoter", "url": "", "transactionDescription": "Other", "latestTransDate": "2020-02-19", "positionDirect": 0, "positionDirectDate": "2020-02-19"}, {"maxAge": 1, "name": "Todi (Amrit Lal) HUF", "relation": "Promoter", "url": "", "transactionDescription": "Other", "latestTransDate": "2020-06-29", "positionDirect": 320586, "positionDirectDate": "2020-06-29"}, {"maxAge": 1, "name": "Todi (Rubal)", "relation": "Promoter", "url": "", "transactionDescription": "Other", "latestTransDate": "2020-06-29", "positionDirect": 115505, "positionDirectDate": "2020-06-29"}, {"maxAge": 1, "name": "Todi (Seema)", "relation": "Promoter", "url": "", "transactionDescription": "Other", "latestTransDate": "2020-11-11", "positionDirect": 5129795, "positionDirectDate": "2020-11-11"}, {"maxAge": 1, "name": "Todi (Sharda)", "relation": "Promoter", "url": "", "transactionDescription": "Other", "latestTransDate": "2020-11-11", "positionDirect": 2306220, "positionDirectDate": "2020-11-11"}, {"maxAge": 1, "name": "Vivekshil Dealers Pvt Ltd", "relation": "Promoter", "url": "", "transactionDescription": "Other", "latestTransDate": "2020-02-19", "positionDirect": 0, "positionDirectDate": "2020-02-19"}], "maxAge": 1}, "calendarEvents": {"maxAge": 1, "earnings": {"earningsDate": [], "earningsAverage": 0.12, "earningsLow": 0.12, "earningsHigh": 0.12, "revenueAverage": 910500000, "revenueLow": 910500000, "revenueHigh": 910500000}}, "upgradeDowngradeHistory": {"history": [], "maxAge": 86400}, "price": {"maxAge": 1, "regularMarketChangePercent": -0.013513501, "regularMarketChange": -0.099999905, "regularMarketTime": "2021-04-30 15:28:56", "priceHint": 2, "regularMarketPrice": 7.3, "regularMarketDayHigh": 7.45, "regularMarketDayLow": 7.25, "regularMarketVolume": 158030, "averageDailyVolume10Day": 147667, "averageDailyVolume3Month": 289563, "regularMarketPreviousClose": 7.4, "regularMarketSource": "FREE_REALTIME", "regularMarketOpen": 7.45, "exchange": "NSI", "exchangeName": "NSE", "exchangeDataDelayedBy": 15, "marketState": "CLOSED", "quoteType": "EQUITY", "symbol": "GENUSPAPER.NS", "underlyingSymbol": null, "shortName": "GENUS PAPER AND BO", "longName": "Genus Paper & Boards Limited", "currency": "INR", "quoteSourceName": "Delayed Quote", "currencySymbol": "\u20b9", "fromCurrency": null, "lastMarket": null, "marketCap": 1871946368}, "balanceSheetHistory": {"balanceSheetStatements": [{"maxAge": 1, "endDate": "2020-03-31", "cash": 25910000, "netReceivables": 578781000, "inventory": 473255000, "otherCurrentAssets": 143367000, "totalCurrentAssets": 1221313000, "longTermInvestments": 888440000, "propertyPlantEquipment": 2088896000, "otherAssets": 465105000, "totalAssets": 4663754000, "accountsPayable": 296125000, "shortLongTermDebt": 84948000, "otherCurrentLiab": 37318000, "longTermDebt": 37842000, "otherLiab": 176309000, "totalCurrentLiabilities": 856609000, "totalLiab": 1070760000, "commonStock": 257126000, "retainedEarnings": 869994000, "treasuryStock": 2465874000, "otherStockholderEquity": 2465874000, "totalStockholderEquity": 3592994000, "netTangibleAssets": 3592994000}, {"maxAge": 1, "endDate": "2019-03-31", "cash": 77371000, "netReceivables": 475369000, "inventory": 264945000, "otherCurrentAssets": 187986000, "totalCurrentAssets": 1005671000, "longTermInvestments": 959184000, "propertyPlantEquipment": 2124262000, "otherAssets": 519835000, "totalAssets": 4608952000, "accountsPayable": 222839000, "shortLongTermDebt": 130526000, "otherCurrentLiab": 25816000, "longTermDebt": 92227000, "otherLiab": 236025000, "totalCurrentLiabilities": 735636000, "totalLiab": 1063888000, "commonStock": 257126000, "retainedEarnings": 822064000, "treasuryStock": 2465874000, "otherStockholderEquity": 2465874000, "totalStockholderEquity": 3545064000, "netTangibleAssets": 3545064000}, {"maxAge": 1, "endDate": "2018-03-31", "cash": 4958000, "netReceivables": 772020000, "inventory": 344221000, "otherCurrentAssets": 162603000, "totalCurrentAssets": 1283802000, "longTermInvestments": 752057000, "propertyPlantEquipment": 2210230000, "otherAssets": 891300000, "totalAssets": 5137389000, "accountsPayable": 525527000, "shortLongTermDebt": 165807000, "otherCurrentLiab": 73817000, "longTermDebt": 213721000, "otherLiab": 241462000, "totalCurrentLiabilities": 1134019000, "totalLiab": 1589202000, "commonStock": 257126000, "retainedEarnings": 825187000, "treasuryStock": 2465874000, "otherStockholderEquity": 2465874000, "totalStockholderEquity": 3548187000, "netTangibleAssets": 3548187000}, {"maxAge": 1, "endDate": "2017-03-31", "cash": 47297000, "netReceivables": 642873000, "inventory": 269523000, "otherCurrentAssets": 142883000, "totalCurrentAssets": 1102576000, "longTermInvestments": 424135000, "propertyPlantEquipment": 2291842000, "otherAssets": 873676000, "totalAssets": 4692229000, "accountsPayable": 521171000, "shortLongTermDebt": 105255000, "otherCurrentLiab": 14180000, "longTermDebt": 150160000, "otherLiab": 219933000, "totalCurrentLiabilities": 926629000, "totalLiab": 1296722000, "commonStock": 257126000, "retainedEarnings": 672507000, "treasuryStock": 2465874000, "otherStockholderEquity": 2465874000, "totalStockholderEquity": 3395507000, "netTangibleAssets": 3395507000}], "maxAge": 86400}, "earningsTrend": {"trend": [{"maxAge": 1, "period": "0q", "endDate": "2018-06-30", "growth": {}, "earningsEstimate": {"avg": 0.12, "low": 0.12, "high": 0.12, "yearAgoEps": {}, "numberOfAnalysts": 1, "growth": {}}, "revenueEstimate": {"avg": 910500000, "low": 910500000, "high": 910500000, "numberOfAnalysts": 1, "yearAgoRevenue": {}, "growth": {}}, "epsTrend": {"current": 0.12, "7daysAgo": 0.12, "30daysAgo": 0.12, "60daysAgo": 0.0, "90daysAgo": 0.0}, "epsRevisions": {"upLast7days": 0, "upLast30days": 0, "downLast30days": 0, "downLast90days": {}}}, {"maxAge": 1, "period": "+1q", "endDate": "2018-09-30", "growth": {}, "earningsEstimate": {"avg": 0.0, "low": 0.0, "high": 0.0, "yearAgoEps": {}, "numberOfAnalysts": 0, "growth": {}}, "revenueEstimate": {"avg": 0, "low": 0, "high": 0, "numberOfAnalysts": 0, "yearAgoRevenue": {}, "growth": {}}, "epsTrend": {"current": 0.0, "7daysAgo": 0.0, "30daysAgo": 0.0, "60daysAgo": 0.0, "90daysAgo": 0.0}, "epsRevisions": {"upLast7days": 0, "upLast30days": 0, "downLast30days": 0, "downLast90days": {}}}, {"maxAge": 1, "period": "0y", "endDate": "2019-03-31", "growth": 0.172, "earningsEstimate": {"avg": 0.68, "low": 0.68, "high": 0.68, "yearAgoEps": 0.58, "numberOfAnalysts": 1, "growth": 0.172}, "revenueEstimate": {"avg": 3938500000, "low": 3938500000, "high": 3938500000, "numberOfAnalysts": 1, "yearAgoRevenue": 3502130000, "growth": 0.125}, "epsTrend": {"current": 0.68, "7daysAgo": 0.68, "30daysAgo": 0.68, "60daysAgo": 0.74, "90daysAgo": 0.0}, "epsRevisions": {"upLast7days": 0, "upLast30days": 0, "downLast30days": 0, "downLast90days": {}}}, {"maxAge": 1, "period": "+1y", "endDate": "2020-03-31", "growth": 0.147, "earningsEstimate": {"avg": 0.78, "low": 0.78, "high": 0.78, "yearAgoEps": 0.68, "numberOfAnalysts": 1, "growth": 0.147}, "revenueEstimate": {"avg": 4450500000, "low": 4450500000, "high": 4450500000, "numberOfAnalysts": 1, "yearAgoRevenue": 3938500000, "growth": 0.13}, "epsTrend": {"current": 0.78, "7daysAgo": 0.78, "30daysAgo": 0.78, "60daysAgo": 0.0, "90daysAgo": 0.0}, "epsRevisions": {"upLast7days": 0, "upLast30days": 0, "downLast30days": 0, "downLast90days": {}}}, {"maxAge": 1, "period": "+5y", "endDate": null, "growth": {}, "earningsEstimate": {"avg": {}, "low": {}, "high": {}, "yearAgoEps": {}, "numberOfAnalysts": {}, "growth": {}}, "revenueEstimate": {"avg": {}, "low": {}, "high": {}, "numberOfAnalysts": {}, "yearAgoRevenue": {}, "growth": {}}, "epsTrend": {"current": {}, "7daysAgo": {}, "30daysAgo": {}, "60daysAgo": {}, "90daysAgo": {}}, "epsRevisions": {"upLast7days": {}, "upLast30days": {}, "downLast30days": {}, "downLast90days": {}}}, {"maxAge": 1, "period": "-5y", "endDate": null, "growth": {}, "earningsEstimate": {"avg": {}, "low": {}, "high": {}, "yearAgoEps": {}, "numberOfAnalysts": {}, "growth": {}}, "revenueEstimate": {"avg": {}, "low": {}, "high": {}, "numberOfAnalysts": {}, "yearAgoRevenue": {}, "growth": {}}, "epsTrend": {"current": {}, "7daysAgo": {}, "30daysAgo": {}, "60daysAgo": {}, "90daysAgo": {}}, "epsRevisions": {"upLast7days": {}, "upLast30days": {}, "downLast30days": {}, "downLast90days": {}}}], "maxAge": 1}, "institutionOwnership": {"ownershipList": [], "maxAge": 1}, "majorHoldersBreakdown": {"maxAge": 1, "insidersPercentHeld": 0.69991994, "institutionsPercentHeld": 0.0, "institutionsFloatPercentHeld": 0.0, "institutionsCount": 0}, "balanceSheetHistoryQuarterly": {"balanceSheetStatements": [{"maxAge": 1, "endDate": "2020-12-31", "totalStockholderEquity": 3576759000, "netTangibleAssets": 3576759000}, {"maxAge": 1, "endDate": "2020-09-30", "cash": 7722000, "netReceivables": 487576000, "inventory": 356741000, "otherCurrentAssets": 114362000, "totalCurrentAssets": 966401000, "longTermInvestments": 888215000, "propertyPlantEquipment": 2035560000, "otherAssets": 472023000, "totalAssets": 4362199000, "accountsPayable": 182786000, "shortLongTermDebt": 148708000, "otherCurrentLiab": 970000, "longTermDebt": 20941000, "otherLiab": 174933000, "totalCurrentLiabilities": 589566000, "totalLiab": 785440000, "commonStock": 257126000, "treasuryStock": 3319633000, "otherStockholderEquity": 3319633000, "totalStockholderEquity": 3576759000, "netTangibleAssets": 3576759000}, {"maxAge": 1, "endDate": "2020-06-30", "totalStockholderEquity": 3592994000, "netTangibleAssets": 3592994000}, {"maxAge": 1, "endDate": "2020-03-31", "cash": 25910000, "netReceivables": 578781000, "inventory": 473255000, "otherCurrentAssets": 143367000, "totalCurrentAssets": 1221313000, "longTermInvestments": 888440000, "propertyPlantEquipment": 2088896000, "otherAssets": 465105000, "totalAssets": 4663754000, "accountsPayable": 296125000, "shortLongTermDebt": 84948000, "otherCurrentLiab": 37318000, "longTermDebt": 37842000, "otherLiab": 176309000, "totalCurrentLiabilities": 856609000, "totalLiab": 1070760000, "commonStock": 257126000, "retainedEarnings": 869994000, "treasuryStock": 2465874000, "otherStockholderEquity": 2465874000, "totalStockholderEquity": 3592994000, "netTangibleAssets": 3592994000}], "maxAge": 86400}, "earningsHistory": {"history": [{"maxAge": 1, "epsActual": {}, "epsEstimate": {}, "epsDifference": {}, "surprisePercent": {}, "quarter": {}, "period": "-4q"}, {"maxAge": 1, "epsActual": {}, "epsEstimate": {}, "epsDifference": {}, "surprisePercent": {}, "quarter": {}, "period": "-3q"}, {"maxAge": 1, "epsActual": {}, "epsEstimate": {}, "epsDifference": {}, "surprisePercent": {}, "quarter": {}, "period": "-2q"}, {"maxAge": 1, "epsActual": 0.14, "epsEstimate": 0.19, "epsDifference": -0.05, "surprisePercent": -0.26299998, "quarter": "2018-03-31", "period": "-1q"}], "maxAge": 86400}, "summaryProfile": {"address1": "D-116, Okhla Industrial Area", "address2": "Phase-I", "city": "New Delhi", "zip": "110020", "country": "India", "phone": "91 11 4711 4800", "fax": "91 11 4711 4833", "website": "http://www.genuspaper.com", "industry": "Paper & Paper Products", "sector": "Basic Materials", "longBusinessSummary": "Genus Paper & Boards Limited manufactures and sells kraft paper in India. The company operates through two segments, Kraft Paper Business and Strategic Investment Activity. It also invests in shares and securities, and loans. The company was incorporated in 2012 and is based in New Delhi, India.", "fullTimeEmployees": 435, "companyOfficers": [], "maxAge": 86400}, "netSharePurchaseActivity": {"maxAge": 1, "period": "6m", "buyInfoCount": 0, "buyInfoShares": 0, "sellInfoCount": 0, "netInfoCount": 0, "netInfoShares": 0, "netPercentInsiderShares": 0.0, "totalInsiderShares": 181773584}, "insiderTransactions": {"transactions": [{"maxAge": 1, "shares": 101, "value": 6, "filerUrl": "", "transactionText": "Acquisition at price 0.07 per share.", "filerName": "Agarwal (Anju)", "filerRelation": "Promoter", "moneyText": "", "startDate": "2020-11-14", "ownership": "D"}, {"maxAge": 1, "shares": 11000, "value": 738, "filerUrl": "", "transactionText": "Acquisition at price 0.07 per share.", "filerName": "Agarwal (Simple)", "filerRelation": "Promoter", "moneyText": "", "startDate": "2020-11-14", "ownership": "D"}, {"maxAge": 1, "shares": 790281, "filerUrl": "", "transactionText": "Other at price 0.00 per share.", "filerName": "Todi (Seema)", "filerRelation": "Promoter", "moneyText": "", "startDate": "2020-11-11", "ownership": "D"}, {"maxAge": 1, "shares": 134325, "filerUrl": "", "transactionText": "Other at price 0.00 per share.", "filerName": "Todi (Sharda)", "filerRelation": "Promoter", "moneyText": "", "startDate": "2020-11-11", "ownership": "D"}, {"maxAge": 1, "shares": 924606, "filerUrl": "", "transactionText": "Other at price 0.00 per share.", "filerName": "Agarwal (Himanshu)", "filerRelation": "Promoter", "moneyText": "", "startDate": "2020-11-11", "ownership": "D"}, {"maxAge": 1, "shares": 1383914, "filerUrl": "", "transactionText": "Other at price 0.00 per share.", "filerName": "Todi (Seema)", "filerRelation": "Promoter", "moneyText": "", "startDate": "2020-06-29", "ownership": "D"}, {"maxAge": 1, "shares": 1383914, "filerUrl": "", "transactionText": "Other at price 0.00 per share.", "filerName": "Todi (Amrit Lal) HUF", "filerRelation": "Promoter", "moneyText": "", "startDate": "2020-06-29", "ownership": "D"}, {"maxAge": 1, "shares": 788895, "filerUrl": "", "transactionText": "Other at price 0.00 per share.", "filerName": "Todi (Rubal)", "filerRelation": "Promoter", "moneyText": "", "startDate": "2020-06-29", "ownership": "D"}, {"maxAge": 1, "shares": 788895, "filerUrl": "", "transactionText": "Other at price 0.00 per share.", "filerName": "Todi (Sharda)", "filerRelation": "Promoter", "moneyText": "", "startDate": "2020-06-29", "ownership": "D"}, {"maxAge": 1, "shares": 2135000, "filerUrl": "", "transactionText": "Other at price 0.00 per share.", "filerName": "Agarwal (Ishwar Chand)", "filerRelation": "UNREPORTED", "moneyText": "", "startDate": "2020-06-26", "ownership": "D"}, {"maxAge": 1, "shares": 2135000, "filerUrl": "", "transactionText": "Other at price 0.00 per share.", "filerName": "Todi (Seema)", "filerRelation": "UNREPORTED", "moneyText": "", "startDate": "2020-06-26", "ownership": "D"}, {"maxAge": 1, "shares": 3750210, "filerUrl": "", "transactionText": "", "filerName": "CRG Trading And Finvest P Ltd", "filerRelation": "Promoter", "moneyText": "", "startDate": "2020-02-19", "ownership": "D"}, {"maxAge": 1, "shares": 23736757, "filerUrl": "", "transactionText": "", "filerName": "Vivekshil Dealers Pvt Ltd", "filerRelation": "Promoter", "moneyText": "", "startDate": "2020-02-19", "ownership": "D"}, {"maxAge": 1, "shares": 75000, "filerUrl": "", "transactionText": "", "filerName": "Kailash Vidyut & Ispat, Ltd.", "filerRelation": "Promoter", "moneyText": "", "startDate": "2020-02-19", "ownership": "D"}, {"maxAge": 1, "shares": 4205000, "filerUrl": "", "transactionText": "", "filerName": "Genus International Commodities, Ltd.", "filerRelation": "Promoter", "moneyText": "", "startDate": "2020-02-19", "ownership": "D"}, {"maxAge": 1, "shares": 41728527, "filerUrl": "", "transactionText": "", "filerName": "Hi-Print Electromack Pvt. Ltd.", "filerRelation": "Promoter", "moneyText": "", "startDate": "2020-02-19", "ownership": "D"}, {"maxAge": 1, "shares": 9961560, "filerUrl": "", "transactionText": "", "filerName": "Kailash Industries Ltd", "filerRelation": "Promoter", "moneyText": "", "startDate": "2020-02-19", "ownership": "D"}, {"maxAge": 1, "shares": 5000, "filerUrl": "", "transactionText": "", "filerName": "Todi (Aditya)", "filerRelation": "UNREPORTED", "moneyText": "", "startDate": "2020-02-05", "ownership": "D"}, {"maxAge": 1, "shares": 1520000, "filerUrl": "", "transactionText": "", "filerName": "Agarwal (Baldev Kumar) HUF", "filerRelation": "UNREPORTED", "moneyText": "", "startDate": "2019-07-24", "ownership": "D"}, {"maxAge": 1, "shares": 1520000, "filerUrl": "", "transactionText": "", "filerName": "Agarwal (Himanshu)", "filerRelation": "Promoter", "moneyText": "", "startDate": "2019-07-24", "ownership": "D"}, {"maxAge": 1, "shares": 759400, "filerUrl": "", "transactionText": "", "filerName": "Todi (Phoos raj) HUF", "filerRelation": "Promoter", "moneyText": "", "startDate": "2019-06-03", "ownership": "D"}, {"maxAge": 1, "shares": 759400, "filerUrl": "", "transactionText": "", "filerName": "Todi (Phoos raj) HUF", "filerRelation": "Promoter", "moneyText": "", "startDate": "2019-06-03", "ownership": "D"}, {"maxAge": 1, "shares": 0, "filerUrl": "", "transactionText": "", "filerName": "Todi (Anand)", "filerRelation": "Promoter", "moneyText": "", "startDate": "2019-06-03", "ownership": "I"}, {"maxAge": 1, "shares": 759400, "filerUrl": "", "transactionText": "", "filerName": "Todi (Anand)", "filerRelation": "Promoter", "moneyText": "", "startDate": "2019-06-03", "ownership": "D"}, {"maxAge": 1, "shares": 374040, "filerUrl": "", "transactionText": "", "filerName": "Todi (Manju Devi)", "filerRelation": "Promoter", "moneyText": "", "startDate": "2019-05-15", "ownership": "D"}, {"maxAge": 1, "shares": 374040, "filerUrl": "", "transactionText": "", "filerName": "Todi (Anand)", "filerRelation": "Promoter", "moneyText": "", "startDate": "2019-05-15", "ownership": "D"}, {"maxAge": 1, "shares": 1200000, "filerUrl": "", "transactionText": "", "filerName": "Agarwal (Jitendra)", "filerRelation": "Promoter", "moneyText": "", "startDate": "2018-01-04", "ownership": "D"}, {"maxAge": 1, "shares": 4140000, "filerUrl": "", "transactionText": "", "filerName": "Todi (Manju Devi)", "filerRelation": "Promoter", "moneyText": "", "startDate": "2018-01-04", "ownership": "D"}, {"maxAge": 1, "shares": 2100000, "filerUrl": "", "transactionText": "", "filerName": "Agarwal (Amit Kumar)", "filerRelation": "Promoter", "moneyText": "", "startDate": "2018-01-04", "ownership": "D"}, {"maxAge": 1, "shares": 1181680, "filerUrl": "", "transactionText": "", "filerName": "Agarwal (Monisha)", "filerRelation": "Promoter", "moneyText": "", "startDate": "2017-12-04", "ownership": "D"}, {"maxAge": 1, "shares": 1181680, "filerUrl": "", "transactionText": "", "filerName": "Todi (Bajrang Lal)", "filerRelation": "Promoter", "moneyText": "", "startDate": "2017-12-04", "ownership": "D"}, {"maxAge": 1, "shares": 436000, "filerUrl": "", "transactionText": "", "filerName": "Todi (Nishu)", "filerRelation": "Promoter", "moneyText": "", "startDate": "2016-12-20", "ownership": "D"}, {"maxAge": 1, "shares": 436000, "filerUrl": "", "transactionText": "", "filerName": "Todi (Varun)", "filerRelation": "Promoter", "moneyText": "", "startDate": "2016-12-20", "ownership": "D"}, {"maxAge": 1, "shares": 4206300, "filerUrl": "", "transactionText": "", "filerName": "Agarwal (Himanshu)", "filerRelation": "Promoter", "moneyText": "", "startDate": "2016-04-11", "ownership": "D"}], "maxAge": 1}, "sectorTrend": {"maxAge": 1, "symbol": null, "estimates": []}, "incomeStatementHistoryQuarterly": {"incomeStatementHistory": [{"maxAge": 1, "endDate": "2020-12-31", "totalRevenue": 806793000, "costOfRevenue": 526125000, "grossProfit": 280668000, "researchDevelopment": {}, "sellingGeneralAdministrative": 34087000, "nonRecurring": {}, "otherOperatingExpenses": 153103000, "totalOperatingExpenses": 745192000, "operatingIncome": 61601000, "totalOtherIncomeExpenseNet": -8147000, "ebit": 61601000, "interestExpense": -8147000, "incomeBeforeTax": 53454000, "incomeTaxExpense": 11901000, "minorityInterest": {}, "netIncomeFromContinuingOps": 41553000, "discontinuedOperations": {}, "extraordinaryItems": {}, "effectOfAccountingCharges": {}, "otherItems": {}, "netIncome": 41553000, "netIncomeApplicableToCommonShares": 41553000}, {"maxAge": 1, "endDate": "2020-09-30", "totalRevenue": 801114000, "costOfRevenue": 523268000, "grossProfit": 277846000, "researchDevelopment": {}, "sellingGeneralAdministrative": 32526000, "nonRecurring": {}, "otherOperatingExpenses": 162655000, "totalOperatingExpenses": 749665000, "operatingIncome": 51449000, "totalOtherIncomeExpenseNet": -13684000, "ebit": 51449000, "interestExpense": -13683000, "incomeBeforeTax": 37765000, "incomeTaxExpense": -863000, "minorityInterest": {}, "netIncomeFromContinuingOps": 38628000, "discontinuedOperations": {}, "extraordinaryItems": {}, "effectOfAccountingCharges": {}, "otherItems": {}, "netIncome": 38628000, "netIncomeApplicableToCommonShares": 38628000}, {"maxAge": 1, "endDate": "2020-06-30", "totalRevenue": 313530000, "costOfRevenue": 230728000, "grossProfit": 82802000, "researchDevelopment": {}, "sellingGeneralAdministrative": 19421000, "nonRecurring": {}, "otherOperatingExpenses": 74482000, "totalOperatingExpenses": 356977000, "operatingIncome": -43447000, "totalOtherIncomeExpenseNet": -12680000, "ebit": -43447000, "interestExpense": -12681000, "incomeBeforeTax": -56127000, "incomeTaxExpense": -1265000, "minorityInterest": {}, "netIncomeFromContinuingOps": -54862000, "discontinuedOperations": {}, "extraordinaryItems": {}, "effectOfAccountingCharges": {}, "otherItems": {}, "netIncome": -54862000, "netIncomeApplicableToCommonShares": -54862000}, {"maxAge": 1, "endDate": "2020-03-31", "totalRevenue": 663265000, "costOfRevenue": 445317000, "grossProfit": 217948000, "researchDevelopment": {}, "sellingGeneralAdministrative": 37360000, "nonRecurring": {}, "otherOperatingExpenses": 110308000, "totalOperatingExpenses": 622968000, "operatingIncome": 40297000, "totalOtherIncomeExpenseNet": -28097000, "ebit": 40297000, "interestExpense": -15962000, "incomeBeforeTax": 12200000, "incomeTaxExpense": 2654000, "minorityInterest": {}, "netIncomeFromContinuingOps": 9546000, "discontinuedOperations": {}, "extraordinaryItems": {}, "effectOfAccountingCharges": {}, "otherItems": {}, "netIncome": 9546000, "netIncomeApplicableToCommonShares": 9546000}], "maxAge": 86400}, "cashflowStatementHistoryQuarterly": {"cashflowStatements": [{"maxAge": 1, "endDate": "2020-12-31", "netIncome": 41553000, "changeToLiabilities": 0}, {"maxAge": 1, "endDate": "2020-09-30", "netIncome": 38628000, "changeToLiabilities": 0}, {"maxAge": 1, "endDate": "2020-06-30", "netIncome": -54862000, "changeToLiabilities": 0}, {"maxAge": 1, "endDate": "2020-03-31", "netIncome": 9546000, "changeToLiabilities": 0}], "maxAge": 86400}, "earnings": {"maxAge": 86400, "earningsChart": {"quarterly": [{"date": "1Q2018", "actual": 0.14, "estimate": 0.19}], "currentQuarterEstimate": 0.12, "currentQuarterEstimateDate": "2Q", "currentQuarterEstimateYear": 2018, "earningsDate": []}, "financialsChart": {"yearly": [{"date": 2017, "revenue": 3056871000, "earnings": 70408000}, {"date": 2018, "revenue": 3455724000, "earnings": 149398000}, {"date": 2019, "revenue": 4314373000, "earnings": 78292000}, {"date": 2020, "revenue": 2539327000, "earnings": 89111000}], "quarterly": [{"date": "1Q2020", "revenue": 663265000, "earnings": 9546000}, {"date": "2Q2020", "revenue": 313530000, "earnings": -54862000}, {"date": "3Q2020", "revenue": 801114000, "earnings": 38628000}, {"date": "4Q2020", "revenue": 806793000, "earnings": 41553000}]}, "financialCurrency": "INR"}, "financialData": {"maxAge": 86400, "currentPrice": 7.3, "recommendationMean": 2.0, "recommendationKey": "buy", "totalCash": 7722000, "totalCashPerShare": 0.03, "ebitda": 245168752, "totalDebt": 404574016, "totalRevenue": 2584701952, "debtToEquity": 11.311, "revenuePerShare": 9.964, "grossProfits": 935179000, "earningsGrowth": 23.65, "revenueGrowth": 0.978, "grossMargins": 0.33244, "ebitdaMargins": 0.094849996, "operatingMargins": 0.042519998, "profitMargins": 0.01349, "financialCurrency": "INR"}}}