{"GEPIL.BO": {"recommendationTrend": {"trend": [{"period": "0m", "strongBuy": 0, "buy": 0, "hold": 0, "sell": 0, "strongSell": 0}, {"period": "-1m", "strongBuy": 0, "buy": 0, "hold": 0, "sell": 0, "strongSell": 0}, {"period": "-2m", "strongBuy": 0, "buy": 0, "hold": 0, "sell": 0, "strongSell": 0}, {"period": "-3m", "strongBuy": 0, "buy": 0, "hold": 0, "sell": 0, "strongSell": 0}], "maxAge": 86400}, "cashflowStatementHistory": {"cashflowStatements": [{"maxAge": 1, "endDate": "2020-03-31", "netIncome": 846000000, "depreciation": 664300000, "changeToNetincome": -472000000, "changeToAccountReceivables": -3531100000, "changeToLiabilities": 1810600000, "changeToInventory": -497300000, "changeToOperatingActivities": -4454800000, "totalCashFromOperatingActivities": -5633900000, "capitalExpenditures": -96000000, "investments": 7150000000, "otherCashflowsFromInvestingActivities": 1033900000, "totalCashflowsFromInvestingActivities": 9167500000, "dividendsPaid": -486300000, "netBorrowings": -243200000, "otherCashflowsFromFinancingActivities": -135200000, "totalCashFromFinancingActivities": -864700000, "changeInCash": 2668900000}, {"maxAge": 1, "endDate": "2019-03-31", "netIncome": 754000000, "depreciation": 311800000, "changeToNetincome": -100100000, "changeToAccountReceivables": -680800000, "changeToLiabilities": -1029800000, "changeToInventory": -619400000, "changeToOperatingActivities": -1048300000, "totalCashFromOperatingActivities": -2410200000, "capitalExpenditures": -73000000, "investments": 1680000000, "otherCashflowsFromInvestingActivities": 132800000, "totalCashflowsFromInvestingActivities": 2229200000, "dividendsPaid": -201700000, "netBorrowings": -243200000, "otherCashflowsFromFinancingActivities": -192300000, "totalCashFromFinancingActivities": -394000000, "changeInCash": -574900000}, {"maxAge": 1, "endDate": "2018-03-31", "netIncome": 266100000, "depreciation": 505400000, "changeToNetincome": -953300000, "changeToAccountReceivables": -563300000, "changeToLiabilities": -1404200000, "changeToInventory": -1116400000, "changeToOperatingActivities": 3743900000, "totalCashFromOperatingActivities": 480800000, "capitalExpenditures": -144000000, "investments": -8830000000, "otherCashflowsFromInvestingActivities": 1855700000, "totalCashflowsFromInvestingActivities": -6998500000, "dividendsPaid": -201700000, "netBorrowings": -243200000, "otherCashflowsFromFinancingActivities": -75600000, "totalCashFromFinancingActivities": -277300000, "changeInCash": -6795000000}, {"maxAge": 1, "endDate": "2017-03-31", "netIncome": -24600000, "depreciation": 595500000, "changeToNetincome": 754100000, "changeToAccountReceivables": 1517900000, "changeToLiabilities": 6226000000, "changeToInventory": 91500000, "changeToOperatingActivities": -4864500000, "totalCashFromOperatingActivities": 4298300000, "capitalExpenditures": -242800000, "investments": -1000000000, "otherCashflowsFromInvestingActivities": 328500000, "totalCashflowsFromInvestingActivities": -914100000, "dividendsPaid": -201700000, "netBorrowings": -243200000, "otherCashflowsFromFinancingActivities": -17200000, "totalCashFromFinancingActivities": -17200000, "changeInCash": 3367000000}], "maxAge": 86400}, "institutionOwnership": {"ownershipList": [], "maxAge": 1}, "balanceSheetHistoryQuarterly": {"balanceSheetStatements": [{"maxAge": 1, "endDate": "2020-06-30", "totalStockholderEquity": 9167100000, "netTangibleAssets": 9164500000}, {"maxAge": 1, "endDate": "2020-03-31", "cash": 3779600000, "netReceivables": 18584700000, "inventory": 2301500000, "otherCurrentAssets": 3198300000, "totalCurrentAssets": 27881200000, "longTermInvestments": 26700000, "propertyPlantEquipment": 3108800000, "intangibleAssets": 2600000, "otherAssets": 2676200000, "deferredLongTermAssetCharges": 1213300000, "totalAssets": 33695500000, "accountsPayable": 8776500000, "otherCurrentLiab": 12612600000, "otherLiab": 1088500000, "totalCurrentLiabilities": 22320400000, "totalLiab": 24528400000, "commonStock": 672300000, "retainedEarnings": 8494800000, "totalStockholderEquity": 9167100000, "netTangibleAssets": 9164500000}, {"maxAge": 1, "endDate": "2019-12-31"}, {"maxAge": 1, "endDate": "2019-09-30"}], "maxAge": 86400}, "earningsHistory": {"history": [{"maxAge": 1, "epsActual": {}, "epsEstimate": {}, "epsDifference": {}, "surprisePercent": {}, "quarter": {}, "period": "-4q"}, {"maxAge": 1, "epsActual": {}, "epsEstimate": {}, "epsDifference": {}, "surprisePercent": {}, "quarter": {}, "period": "-3q"}, {"maxAge": 1, "epsActual": {}, "epsEstimate": {}, "epsDifference": {}, "surprisePercent": {}, "quarter": {}, "period": "-2q"}, {"maxAge": 1, "epsActual": {}, "epsEstimate": {}, "epsDifference": {}, "surprisePercent": {}, "quarter": {}, "period": "-1q"}], "maxAge": 86400}, "indexTrend": {"maxAge": 1, "symbol": "SP5", "peRatio": 19.7411, "pegRatio": 1.34172, "estimates": [{"period": "0q", "growth": 0.549}, {"period": "+1q", "growth": 0.431}, {"period": "0y", "growth": 0.305}, {"period": "+1y", "growth": 0.109}, {"period": "+5y", "growth": 0.120865}, {"period": "-5y"}]}, "industryTrend": {"maxAge": 1, "symbol": null, "estimates": []}, "insiderTransactions": {"transactions": [{"maxAge": 1, "shares": 13789, "filerUrl": "", "transactionText": "", "filerName": "Alstom Finance B V", "filerRelation": "Promoter", "moneyText": "", "startDate": "2017-05-02", "ownership": "D"}, {"maxAge": 1, "shares": 13789, "filerUrl": "", "transactionText": "", "filerName": "GE Energy Europe B.V.", "filerRelation": "Promoter", "moneyText": "", "startDate": "2017-05-02", "ownership": "D"}, {"maxAge": 1, "shares": 184, "filerUrl": "", "transactionText": "", "filerName": "Basu (Rathindra Nath)", "filerRelation": "Director", "moneyText": "", "startDate": "2014-04-01", "ownership": "D"}, {"maxAge": 1, "shares": 1326025, "filerUrl": "", "transactionText": "", "filerName": "Lorelec", "filerRelation": "Promoter", "moneyText": "", "startDate": "2013-02-25", "ownership": "D"}, {"maxAge": 1, "shares": 10185, "filerUrl": "", "transactionText": "", "filerName": "Thiagarajan (Arun K)", "filerRelation": "Director (Independent)", "moneyText": "", "startDate": "2010-07-08", "ownership": "D"}], "maxAge": 1}, "quoteType": {"exchange": "BSE", "quoteType": "EQUITY", "symbol": "GEPIL.BO", "underlyingSymbol": "GEPIL.BO", "shortName": "GE Power India Ltd", "longName": "GE Power India Limited", "firstTradeDateEpochUtc": "2000-03-21 09:15:00", "timeZoneFullName": "Asia/Kolkata", "timeZoneShortName": "IST", "uuid": "ed0efccd-6faf-37d1-990f-a3f03629c4e2", "gmtOffSetMilliseconds": 19800000, "maxAge": 1}, "incomeStatementHistory": {"incomeStatementHistory": [{"maxAge": 1, "endDate": "2020-03-31", "totalRevenue": 24458600000, "costOfRevenue": 17227000000, "grossProfit": 7231600000, "researchDevelopment": {}, "sellingGeneralAdministrative": 3803300000, "nonRecurring": {}, "otherOperatingExpenses": 1808400000, "totalOperatingExpenses": 23606800000, "operatingIncome": 851800000, "totalOtherIncomeExpenseNet": 880800000, "ebit": 851800000, "interestExpense": -484600000, "incomeBeforeTax": 1732600000, "incomeTaxExpense": 886600000, "minorityInterest": {}, "netIncomeFromContinuingOps": 846000000, "discontinuedOperations": {}, "extraordinaryItems": {}, "effectOfAccountingCharges": {}, "otherItems": {}, "netIncome": 846000000, "netIncomeApplicableToCommonShares": 846000000}, {"maxAge": 1, "endDate": "2019-03-31", "totalRevenue": 19028200000, "costOfRevenue": 11456000000, "grossProfit": 7572200000, "researchDevelopment": {}, "sellingGeneralAdministrative": 3719200000, "nonRecurring": {}, "otherOperatingExpenses": 1880400000, "totalOperatingExpenses": 17557800000, "operatingIncome": 1470400000, "totalOtherIncomeExpenseNet": -8100000, "ebit": 1470400000, "interestExpense": -408200000, "incomeBeforeTax": 1462300000, "incomeTaxExpense": 708300000, "minorityInterest": {}, "netIncomeFromContinuingOps": 754000000, "discontinuedOperations": {}, "extraordinaryItems": {}, "effectOfAccountingCharges": {}, "otherItems": {}, "netIncome": 754000000, "netIncomeApplicableToCommonShares": 754000000}, {"maxAge": 1, "endDate": "2018-03-31", "totalRevenue": 13379700000, "costOfRevenue": 5681500000, "grossProfit": 7698200000, "researchDevelopment": {}, "sellingGeneralAdministrative": 4356600000, "nonRecurring": {}, "otherOperatingExpenses": 1674800000, "totalOperatingExpenses": 12398300000, "operatingIncome": 981400000, "totalOtherIncomeExpenseNet": -558200000, "ebit": 981400000, "interestExpense": -237300000, "incomeBeforeTax": 423200000, "incomeTaxExpense": 157100000, "minorityInterest": {}, "netIncomeFromContinuingOps": 266100000, "discontinuedOperations": {}, "extraordinaryItems": {}, "effectOfAccountingCharges": {}, "otherItems": {}, "netIncome": 266100000, "netIncomeApplicableToCommonShares": 266100000}, {"maxAge": 1, "endDate": "2017-03-31", "totalRevenue": 19934800000, "costOfRevenue": 10980900000, "grossProfit": 8953900000, "researchDevelopment": {}, "sellingGeneralAdministrative": 5165100000, "nonRecurring": {}, "otherOperatingExpenses": 2768900000, "totalOperatingExpenses": 20022300000, "operatingIncome": -87500000, "totalOtherIncomeExpenseNet": 344500000, "ebit": -87500000, "interestExpense": -507100000, "incomeBeforeTax": 257000000, "incomeTaxExpense": 281600000, "minorityInterest": {}, "netIncomeFromContinuingOps": -24600000, "discontinuedOperations": {}, "extraordinaryItems": {}, "effectOfAccountingCharges": {}, "otherItems": {}, "netIncome": -24600000, "netIncomeApplicableToCommonShares": -24600000}], "maxAge": 86400}, "fundOwnership": {"ownershipList": [{"maxAge": 1, "reportDate": "2020-07-31", "organization": "Vanguard International Stock Index-Emerging Markets Stk", "pctHeld": 0.0028, "position": 188532, "value": 91315474}, {"maxAge": 1, "reportDate": "2020-07-31", "organization": "Vanguard International Stock Index-Total Intl Stock Indx", "pctHeld": 0.0023999999, "position": 162293, "value": 78606614}, {"maxAge": 1, "reportDate": "2020-07-31", "organization": "Vanguard Intl Equity Index Fds-FTSE All World ex U.S.Small Cap Index", "pctHeld": 0.0007, "position": 47220, "value": 22871007}, {"maxAge": 1, "reportDate": "2020-08-31", "organization": "iShares MSCI India Small Cap ETF", "pctHeld": 0.0005, "position": 36400, "value": 17286360}, {"maxAge": 1, "reportDate": "2020-07-31", "organization": "Vanguard Intl Equity Index - Total World Stock Index Fd", "pctHeld": 0.0002, "position": 13265, "value": 6424902}, {"maxAge": 1, "reportDate": "2020-07-31", "organization": "DFA Emerging Markets Core Equity Portfolio", "pctHeld": 0.0002, "position": 11172, "value": 5411158}, {"maxAge": 1, "reportDate": "2020-06-30", "organization": "College Retirement Equities Fund-Stock Account", "pctHeld": 0.0001, "position": 3363, "value": 1505615}], "maxAge": 1}, "summaryDetail": {"maxAge": 1, "priceHint": 2, "previousClose": 263.1, "open": 263.0, "dayLow": 259.0, "dayHigh": 265.15, "regularMarketPreviousClose": 263.1, "regularMarketOpen": 263.0, "regularMarketDayLow": 259.0, "regularMarketDayHigh": 265.15, "trailingPE": 23.1517, "forwardPE": 10.26087, "volume": 4054, "regularMarketVolume": 4054, "averageVolume": 33505, "averageVolume10days": 7087, "averageDailyVolume10Day": 7087, "bid": 259.3, "ask": 261.8, "bidSize": 0, "askSize": 0, "marketCap": 17452261376, "fiftyTwoWeekLow": 177.35, "fiftyTwoWeekHigh": 820.9, "fiftyDayAverage": 283.5697, "twoHundredDayAverage": 368.78568, "trailingAnnualDividendRate": 2.0, "trailingAnnualDividendYield": 0.0076016723, "currency": "INR", "fromCurrency": null, "lastMarket": null, "algorithm": null, "tradeable": false}, "sectorTrend": {"maxAge": 1, "symbol": null, "estimates": []}, "incomeStatementHistoryQuarterly": {"incomeStatementHistory": [{"maxAge": 1, "endDate": "2020-06-30", "totalRevenue": 4320100000, "costOfRevenue": 3012500000, "grossProfit": 1307600000, "researchDevelopment": {}, "sellingGeneralAdministrative": 932400000, "nonRecurring": {}, "otherOperatingExpenses": 510600000, "totalOperatingExpenses": 4605400000, "operatingIncome": -285300000, "totalOtherIncomeExpenseNet": 58700000, "ebit": -285300000, "interestExpense": -85400000, "incomeBeforeTax": -226600000, "incomeTaxExpense": -46400000, "minorityInterest": {}, "netIncomeFromContinuingOps": -180200000, "discontinuedOperations": {}, "extraordinaryItems": {}, "effectOfAccountingCharges": {}, "otherItems": {}, "netIncome": -180200000, "netIncomeApplicableToCommonShares": -180200000}, {"maxAge": 1, "endDate": "2020-03-31", "totalRevenue": 7326800000, "costOfRevenue": 5860200000, "grossProfit": 1466600000, "researchDevelopment": {}, "sellingGeneralAdministrative": 1127000000, "nonRecurring": {}, "otherOperatingExpenses": -144100000, "totalOperatingExpenses": 7095400000, "operatingIncome": 231400000, "totalOtherIncomeExpenseNet": 21900000, "ebit": 231400000, "interestExpense": -174800000, "incomeBeforeTax": 253300000, "incomeTaxExpense": 104600000, "minorityInterest": {}, "netIncomeFromContinuingOps": 148700000, "discontinuedOperations": {}, "extraordinaryItems": {}, "effectOfAccountingCharges": {}, "otherItems": {}, "netIncome": 148700000, "netIncomeApplicableToCommonShares": 148700000}, {"maxAge": 1, "endDate": "2019-12-31", "totalRevenue": 7652700000, "costOfRevenue": 5218500000, "grossProfit": 2434200000, "researchDevelopment": {}, "sellingGeneralAdministrative": 902500000, "nonRecurring": {}, "otherOperatingExpenses": 756700000, "totalOperatingExpenses": 7114000000, "operatingIncome": 538700000, "totalOtherIncomeExpenseNet": 684100000, "ebit": 538700000, "interestExpense": -75200000, "incomeBeforeTax": 1222800000, "incomeTaxExpense": 214700000, "minorityInterest": {}, "netIncomeFromContinuingOps": 1008100000, "discontinuedOperations": {}, "extraordinaryItems": {}, "effectOfAccountingCharges": {}, "otherItems": {}, "netIncome": 1008100000, "netIncomeApplicableToCommonShares": 1008100000}, {"maxAge": 1, "endDate": "2019-09-30", "totalRevenue": 5192500000, "costOfRevenue": 2937500000, "grossProfit": 2255000000, "researchDevelopment": {}, "sellingGeneralAdministrative": 1032600000, "nonRecurring": {}, "otherOperatingExpenses": 610500000, "totalOperatingExpenses": 4719100000, "operatingIncome": 473400000, "totalOtherIncomeExpenseNet": -93900000, "ebit": 473400000, "interestExpense": -119500000, "incomeBeforeTax": 379500000, "incomeTaxExpense": 602700000, "minorityInterest": {}, "netIncomeFromContinuingOps": -223200000, "discontinuedOperations": {}, "extraordinaryItems": {}, "effectOfAccountingCharges": {}, "otherItems": {}, "netIncome": -223200000, "netIncomeApplicableToCommonShares": -223200000}], "maxAge": 86400}, "cashflowStatementHistoryQuarterly": {"cashflowStatements": [{"maxAge": 1, "endDate": "2020-06-30", "netIncome": -180200000, "changeToLiabilities": 0}, {"maxAge": 1, "endDate": "2020-03-31", "netIncome": 148700000, "changeToLiabilities": 0}, {"maxAge": 1, "endDate": "2019-12-31", "netIncome": 1008100000, "changeToLiabilities": 0}, {"maxAge": 1, "endDate": "2019-09-30", "netIncome": -223200000, "changeToLiabilities": 0}], "maxAge": 86400}, "insiderHolders": {"holders": [{"maxAge": 1, "name": "Alstom Finance B V", "relation": "Promoter", "url": "", "transactionDescription": "Other", "latestTransDate": "2017-05-02", "positionDirect": 46102083, "positionDirectDate": "2017-05-02"}, {"maxAge": 1, "name": "Basu (Rathindra Nath)", "relation": "Director", "url": "", "transactionDescription": "Other", "latestTransDate": "2014-04-01", "positionDirect": 184, "positionDirectDate": "2014-04-01"}, {"maxAge": 1, "name": "GE Energy Europe B.V.", "relation": "Promoter", "url": "", "transactionDescription": "Other", "latestTransDate": "2017-05-02", "positionDirect": 0, "positionDirectDate": "2017-05-02"}, {"maxAge": 1, "name": "Lorelec", "relation": "Promoter", "url": "", "transactionDescription": "Sale", "latestTransDate": "2013-02-25", "positionDirect": 0, "positionDirectDate": "2013-02-25"}, {"maxAge": 1, "name": "Thiagarajan (Arun K)", "relation": "Director (Independent)", "url": "", "transactionDescription": "Acquisition", "latestTransDate": "2010-07-08", "positionDirect": 13415, "positionDirectDate": "2010-07-08"}], "maxAge": 1}, "earnings": {"maxAge": 86400, "earningsChart": {"quarterly": [], "earningsDate": ["2020-08-11 05:30:S"]}, "financialsChart": {"yearly": [{"date": 2017, "revenue": 19934800000, "earnings": -24600000}, {"date": 2018, "revenue": 13379700000, "earnings": 266100000}, {"date": 2019, "revenue": 19028200000, "earnings": 754000000}, {"date": 2020, "revenue": 24458600000, "earnings": 846000000}], "quarterly": [{"date": "3Q2019", "revenue": 5192500000, "earnings": -223200000}, {"date": "4Q2019", "revenue": 7652700000, "earnings": 1008100000}, {"date": "1Q2020", "revenue": 7326800000, "earnings": 148700000}, {"date": "2Q2020", "revenue": 4320100000, "earnings": -180200000}]}, "financialCurrency": "INR"}, "calendarEvents": {"maxAge": 1, "earnings": {"earningsDate": ["2020-08-11 05:30:S"]}}, "upgradeDowngradeHistory": {"history": [], "maxAge": 86400}, "price": {"maxAge": 1, "regularMarketChangePercent": -0.013302926, "regularMarketChange": -3.5, "regularMarketTime": "2021-04-30 15:24:24", "priceHint": 2, "regularMarketPrice": 259.6, "regularMarketDayHigh": 265.15, "regularMarketDayLow": 259.0, "regularMarketVolume": 4054, "averageDailyVolume10Day": 7087, "averageDailyVolume3Month": 33505, "regularMarketPreviousClose": 263.1, "regularMarketSource": "FREE_REALTIME", "regularMarketOpen": 263.0, "exchange": "BSE", "exchangeName": "BSE", "exchangeDataDelayedBy": 0, "marketState": "CLOSED", "quoteType": "EQUITY", "symbol": "GEPIL.BO", "underlyingSymbol": null, "shortName": "GE Power India Ltd", "longName": "GE Power India Limited", "currency": "INR", "quoteSourceName": "Delayed Quote", "currencySymbol": "\u20b9", "fromCurrency": null, "lastMarket": null, "marketCap": 17452261376}, "balanceSheetHistory": {"balanceSheetStatements": [{"maxAge": 1, "endDate": "2020-03-31", "cash": 3779600000, "netReceivables": 18584700000, "inventory": 2301500000, "otherCurrentAssets": 3198300000, "totalCurrentAssets": 27881200000, "longTermInvestments": 26700000, "propertyPlantEquipment": 3108800000, "intangibleAssets": 2600000, "otherAssets": 2676200000, "deferredLongTermAssetCharges": 1213300000, "totalAssets": 33695500000, "accountsPayable": 8776500000, "otherCurrentLiab": 12612600000, "otherLiab": 1088500000, "totalCurrentLiabilities": 22320400000, "totalLiab": 24528400000, "commonStock": 672300000, "retainedEarnings": 8494800000, "totalStockholderEquity": 9167100000, "netTangibleAssets": 9164500000}, {"maxAge": 1, "endDate": "2019-03-31", "cash": 1115900000, "shortTermInvestments": 7150000000, "netReceivables": 16951000000, "inventory": 1804200000, "otherCurrentAssets": 3773100000, "totalCurrentAssets": 30875600000, "longTermInvestments": 26700000, "propertyPlantEquipment": 1626600000, "intangibleAssets": 100000, "otherAssets": 3062700000, "deferredLongTermAssetCharges": 1813400000, "totalAssets": 35591700000, "accountsPayable": 7351900000, "otherCurrentLiab": 17983300000, "otherLiab": 865100000, "totalCurrentLiabilities": 25907400000, "totalLiab": 26772500000, "commonStock": 672300000, "retainedEarnings": 8146900000, "totalStockholderEquity": 8819200000, "netTangibleAssets": 8819100000}, {"maxAge": 1, "endDate": "2018-03-31", "cash": 1694800000, "shortTermInvestments": 8830000000, "netReceivables": 15356500000, "inventory": 4660800000, "otherCurrentAssets": 2943000000, "totalCurrentAssets": 33584800000, "longTermInvestments": 26700000, "propertyPlantEquipment": 2801800000, "intangibleAssets": 2500000, "otherAssets": 2712500000, "deferredLongTermAssetCharges": 1589100000, "totalAssets": 39128300000, "accountsPayable": 13024600000, "otherCurrentLiab": 16060700000, "otherLiab": 952300000, "totalCurrentLiabilities": 29893200000, "totalLiab": 30845500000, "commonStock": 672300000, "retainedEarnings": 7610500000, "totalStockholderEquity": 8282800000, "netTangibleAssets": 8280300000}, {"maxAge": 1, "endDate": "2017-03-31", "cash": 8486500000, "shortTermInvestments": 200000, "netReceivables": 16910500000, "inventory": 3544400000, "otherCurrentAssets": 2458900000, "totalCurrentAssets": 31535400000, "longTermInvestments": 26700000, "propertyPlantEquipment": 3776200000, "intangibleAssets": 4000000, "otherAssets": 3324300000, "deferredLongTermAssetCharges": 1121500000, "totalAssets": 38666600000, "accountsPayable": 14310400000, "otherCurrentLiab": 14368600000, "otherLiab": 803900000, "totalCurrentLiabilities": 29588800000, "totalLiab": 30392700000, "commonStock": 672300000, "retainedEarnings": 7601600000, "totalStockholderEquity": 8273900000, "netTangibleAssets": 8269900000}], "maxAge": 86400}, "earningsTrend": {"trend": [{"maxAge": 1, "period": "0q", "endDate": null, "growth": {}, "earningsEstimate": {"avg": 0.0, "low": 0.0, "high": 0.0, "yearAgoEps": {}, "numberOfAnalysts": 0, "growth": {}}, "revenueEstimate": {"avg": 0, "low": 0, "high": 0, "numberOfAnalysts": 0, "yearAgoRevenue": {}, "growth": {}}, "epsTrend": {"current": 0.0, "7daysAgo": 0.0, "30daysAgo": 0.0, "60daysAgo": 0.0, "90daysAgo": 0.0}, "epsRevisions": {"upLast7days": 0, "upLast30days": 0, "downLast30days": 0, "downLast90days": {}}}, {"maxAge": 1, "period": "+1q", "endDate": null, "growth": {}, "earningsEstimate": {"avg": 0.0, "low": 0.0, "high": 0.0, "yearAgoEps": {}, "numberOfAnalysts": 0, "growth": {}}, "revenueEstimate": {"avg": 0, "low": 0, "high": 0, "numberOfAnalysts": 0, "yearAgoRevenue": {}, "growth": {}}, "epsTrend": {"current": 0.0, "7daysAgo": 0.0, "30daysAgo": 0.0, "60daysAgo": 0.0, "90daysAgo": 0.0}, "epsRevisions": {"upLast7days": 0, "upLast30days": 0, "downLast30days": 0, "downLast90days": {}}}, {"maxAge": 1, "period": "0y", "endDate": null, "growth": {}, "earningsEstimate": {"avg": 0.0, "low": 0.0, "high": 0.0, "yearAgoEps": {}, "numberOfAnalysts": 0, "growth": {}}, "revenueEstimate": {"avg": 0, "low": 0, "high": 0, "numberOfAnalysts": 0, "yearAgoRevenue": {}, "growth": {}}, "epsTrend": {"current": 0.0, "7daysAgo": 0.0, "30daysAgo": 0.0, "60daysAgo": 0.0, "90daysAgo": 0.0}, "epsRevisions": {"upLast7days": 0, "upLast30days": 0, "downLast30days": 0, "downLast90days": {}}}, {"maxAge": 1, "period": "+1y", "endDate": null, "growth": {}, "earningsEstimate": {"avg": 0.0, "low": 0.0, "high": 0.0, "yearAgoEps": {}, "numberOfAnalysts": 0, "growth": {}}, "revenueEstimate": {"avg": 0, "low": 0, "high": 0, "numberOfAnalysts": 0, "yearAgoRevenue": {}, "growth": {}}, "epsTrend": {"current": 0.0, "7daysAgo": 0.0, "30daysAgo": 0.0, "60daysAgo": 0.0, "90daysAgo": 0.0}, "epsRevisions": {"upLast7days": 0, "upLast30days": 0, "downLast30days": 0, "downLast90days": {}}}, {"maxAge": 1, "period": "+5y", "endDate": null, "growth": {}, "earningsEstimate": {"avg": {}, "low": {}, "high": {}, "yearAgoEps": {}, "numberOfAnalysts": {}, "growth": {}}, "revenueEstimate": {"avg": {}, "low": {}, "high": {}, "numberOfAnalysts": {}, "yearAgoRevenue": {}, "growth": {}}, "epsTrend": {"current": {}, "7daysAgo": {}, "30daysAgo": {}, "60daysAgo": {}, "90daysAgo": {}}, "epsRevisions": {"upLast7days": {}, "upLast30days": {}, "downLast30days": {}, "downLast90days": {}}}, {"maxAge": 1, "period": "-5y", "endDate": null, "growth": {}, "earningsEstimate": {"avg": {}, "low": {}, "high": {}, "yearAgoEps": {}, "numberOfAnalysts": {}, "growth": {}}, "revenueEstimate": {"avg": {}, "low": {}, "high": {}, "numberOfAnalysts": {}, "yearAgoRevenue": {}, "growth": {}}, "epsTrend": {"current": {}, "7daysAgo": {}, "30daysAgo": {}, "60daysAgo": {}, "90daysAgo": {}}, "epsRevisions": {"upLast7days": {}, "upLast30days": {}, "downLast30days": {}, "downLast90days": {}}}], "maxAge": 1}, "financialData": {"maxAge": 86400, "currentPrice": 259.6, "targetHighPrice": 1056.0, "targetLowPrice": 1056.0, "targetMeanPrice": 1056.0, "targetMedianPrice": 1056.0, "recommendationKey": "none", "numberOfAnalystOpinions": 1, "grossProfits": 7231600000, "financialCurrency": "INR"}}}