{"GEPIL.NS": {"assetProfile": {"address1": "Axis House", "address2": "Plot No 1-14, Towers 5 & 6 Sector 128 Jaypee Wish Town", "city": "Noida", "zip": "201301", "country": "India", "phone": "91 12 0501 1011", "fax": "91 12 0501 1100", "website": "http://www.ge.com/in/ge-power-india-limited", "industry": "Engineering & Construction", "sector": "Industrials", "longBusinessSummary": "GE Power India Limited engages in the engineering, procurement, manufacturing, construction, and servicing of power plants and power equipment in India and internationally. The company offers boilers, mills, air quality control systems, hydro and gas power systems, and automation and control systems. It also manufactures steam generators. In addition, the company engages in the construction of industrial and non- industrial plants, structures, and facilities, as well as equipment and other projects. Further, it provides architectural and engineering services; and installation, maintenance, and repair services. The company was formerly known as ALSTOM India Limited and changed its name to GE Power India Limited in August 2016. The company was incorporated in 1992 and is headquartered in Noida, India. GE Power India Limited is a subsidiary of GE Power India Tracking BV.", "fullTimeEmployees": 1684, "companyOfficers": [{"maxAge": 1, "name": "Mr. Prashant Chiranjive Jain", "age": 48, "title": "Exec. Director & MD", "yearBorn": 1972, "fiscalYear": 2020, "totalPay": 37433360, "exercisedValue": 0, "unexercisedValue": 0}, {"maxAge": 1, "name": "Mr. Yogesh  Gupta", "title": "CFO & Additional Whole-Time Director", "exercisedValue": 0, "unexercisedValue": 0}, {"maxAge": 1, "name": "Ms. Kamna  Tiwari", "title": "Company Sec. & Compliance Officer", "exercisedValue": 0, "unexercisedValue": 0}, {"maxAge": 1, "name": "Ms. Debanjali  Chakraborty", "title": "Head of Communications", "exercisedValue": 0, "unexercisedValue": 0}, {"maxAge": 1, "name": "Mr. Debes Kumar Bhattacharya", "title": "Managing Director of Environment Control System - India", "exercisedValue": 0, "unexercisedValue": 0}, {"maxAge": 1, "name": "Richard Clayton Owens", "age": 60, "title": "Chief QA/QC Advisor", "yearBorn": 1960, "exercisedValue": 0, "unexercisedValue": 0}, {"maxAge": 1, "name": "Mr. Bharat  Salhotra", "title": "Managing Director for Transport Operations", "exercisedValue": 0, "unexercisedValue": 0}, {"maxAge": 1, "name": "Ms. Ravneet  Bhanot", "title": "Country HR Head", "exercisedValue": 0, "unexercisedValue": 0}, {"maxAge": 1, "name": "Mr. Sandeep  Joshi", "title": "Managing Director of Tis India", "exercisedValue": 0, "unexercisedValue": 0}, {"maxAge": 1, "name": "Mr. Kumaraswamy  Sathyamurthy", "title": "Site Head of Sri City", "exercisedValue": 0, "unexercisedValue": 0}], "compensationAsOfEpochDate": "2020-12-31 05:30:00", "maxAge": 86400}, "recommendationTrend": {"trend": [{"period": "0m", "strongBuy": 0, "buy": 0, "hold": 0, "sell": 0, "strongSell": 0}, {"period": "-1m", "strongBuy": 1, "buy": 0, "hold": 0, "sell": 0, "strongSell": 0}, {"period": "-2m", "strongBuy": 1, "buy": 0, "hold": 0, "sell": 0, "strongSell": 0}, {"period": "-3m", "strongBuy": 1, "buy": 0, "hold": 0, "sell": 0, "strongSell": 0}], "maxAge": 86400}, "cashflowStatementHistory": {"cashflowStatements": [{"maxAge": 1, "endDate": "2020-03-31", "netIncome": 846000000, "depreciation": 664300000, "changeToNetincome": -472000000, "changeToAccountReceivables": -3531100000, "changeToLiabilities": 1810600000, "changeToInventory": -497300000, "changeToOperatingActivities": -4454800000, "totalCashFromOperatingActivities": -5633900000, "capitalExpenditures": -96000000, "investments": 7150000000, "otherCashflowsFromInvestingActivities": 1033900000, "totalCashflowsFromInvestingActivities": 9167500000, "dividendsPaid": -486300000, "netBorrowings": -243200000, "otherCashflowsFromFinancingActivities": -135200000, "totalCashFromFinancingActivities": -864700000, "changeInCash": 2668900000}, {"maxAge": 1, "endDate": "2019-03-31", "netIncome": 754000000, "depreciation": 311800000, "changeToNetincome": -100100000, "changeToAccountReceivables": -680800000, "changeToLiabilities": -1029800000, "changeToInventory": -619400000, "changeToOperatingActivities": -1048300000, "totalCashFromOperatingActivities": -2410200000, "capitalExpenditures": -73000000, "investments": 1680000000, "otherCashflowsFromInvestingActivities": 132800000, "totalCashflowsFromInvestingActivities": 2229200000, "dividendsPaid": -201700000, "netBorrowings": -243200000, "otherCashflowsFromFinancingActivities": -192300000, "totalCashFromFinancingActivities": -394000000, "changeInCash": -574900000}, {"maxAge": 1, "endDate": "2018-03-31", "netIncome": 266100000, "depreciation": 505400000, "changeToNetincome": -953300000, "changeToAccountReceivables": -563300000, "changeToLiabilities": -1404200000, "changeToInventory": -1116400000, "changeToOperatingActivities": 3743900000, "totalCashFromOperatingActivities": 480800000, "capitalExpenditures": -144000000, "investments": -8830000000, "otherCashflowsFromInvestingActivities": 1855700000, "totalCashflowsFromInvestingActivities": -6998500000, "dividendsPaid": -201700000, "netBorrowings": -243200000, "otherCashflowsFromFinancingActivities": -75600000, "totalCashFromFinancingActivities": -277300000, "changeInCash": -6795000000}, {"maxAge": 1, "endDate": "2017-03-31", "netIncome": -24600000, "depreciation": 595500000, "changeToNetincome": 754100000, "changeToAccountReceivables": 1517900000, "changeToLiabilities": 6226000000, "changeToInventory": 91500000, "changeToOperatingActivities": -4864500000, "totalCashFromOperatingActivities": 4298300000, "capitalExpenditures": -242800000, "investments": -1000000000, "otherCashflowsFromInvestingActivities": 328500000, "totalCashflowsFromInvestingActivities": -914100000, "dividendsPaid": -201700000, "netBorrowings": -243200000, "otherCashflowsFromFinancingActivities": -17200000, "totalCashFromFinancingActivities": -17200000, "changeInCash": 3367000000}], "maxAge": 86400}, "indexTrend": {"maxAge": 1, "symbol": "SP5", "peRatio": 19.7411, "pegRatio": 1.34172, "estimates": [{"period": "0q", "growth": 0.549}, {"period": "+1q", "growth": 0.431}, {"period": "0y", "growth": 0.305}, {"period": "+1y", "growth": 0.109}, {"period": "+5y", "growth": 0.120865}, {"period": "-5y"}]}, "defaultKeyStatistics": {"maxAge": 1, "priceHint": 2, "enterpriseValue": 18847182848, "profitMargins": 0.02204, "floatShares": 20685622, "sharesOutstanding": 67227504, "heldPercentInsiders": 0.68821996, "heldPercentInstitutions": 0.14183, "beta": 1.070351, "category": null, "bookValue": 137.038, "priceToBook": 1.8965542, "fundFamily": null, "legalType": null, "lastFiscalYearEnd": "2020-03-31 05:30:00", "nextFiscalYearEnd": "2022-03-31 05:30:00", "mostRecentQuarter": "2020-12-31 05:30:00", "earningsQuarterlyGrowth": -0.652, "netIncomeToCommon": 693100032, "trailingEps": 10.313, "forwardEps": 25.3, "lastSplitFactor": null, "enterpriseToRevenue": 0.599, "enterpriseToEbitda": 15.482}, "industryTrend": {"maxAge": 1, "symbol": null, "estimates": []}, "quoteType": {"exchange": "NSI", "quoteType": "EQUITY", "symbol": "GEPIL.NS", "underlyingSymbol": "GEPIL.NS", "shortName": "GE POWER INDIA LTD", "longName": "GE Power India Limited", "firstTradeDateEpochUtc": "2002-07-01 09:15:00", "timeZoneFullName": "Asia/Kolkata", "timeZoneShortName": "IST", "uuid": "c1b5f0d3-438b-37b0-a9af-168ccc7967a8", "gmtOffSetMilliseconds": 19800000, "maxAge": 1}, "incomeStatementHistory": {"incomeStatementHistory": [{"maxAge": 1, "endDate": "2020-03-31", "totalRevenue": 24458600000, "costOfRevenue": 17227000000, "grossProfit": 7231600000, "researchDevelopment": {}, "sellingGeneralAdministrative": 3803300000, "nonRecurring": {}, "otherOperatingExpenses": 1808400000, "totalOperatingExpenses": 23606800000, "operatingIncome": 851800000, "totalOtherIncomeExpenseNet": 880800000, "ebit": 851800000, "interestExpense": -484600000, "incomeBeforeTax": 1732600000, "incomeTaxExpense": 886600000, "minorityInterest": {}, "netIncomeFromContinuingOps": 846000000, "discontinuedOperations": {}, "extraordinaryItems": {}, "effectOfAccountingCharges": {}, "otherItems": {}, "netIncome": 846000000, "netIncomeApplicableToCommonShares": 846000000}, {"maxAge": 1, "endDate": "2019-03-31", "totalRevenue": 19028200000, "costOfRevenue": 11456000000, "grossProfit": 7572200000, "researchDevelopment": {}, "sellingGeneralAdministrative": 3719200000, "nonRecurring": {}, "otherOperatingExpenses": 1880400000, "totalOperatingExpenses": 17557800000, "operatingIncome": 1470400000, "totalOtherIncomeExpenseNet": -8100000, "ebit": 1470400000, "interestExpense": -408200000, "incomeBeforeTax": 1462300000, "incomeTaxExpense": 708300000, "minorityInterest": {}, "netIncomeFromContinuingOps": 754000000, "discontinuedOperations": {}, "extraordinaryItems": {}, "effectOfAccountingCharges": {}, "otherItems": {}, "netIncome": 754000000, "netIncomeApplicableToCommonShares": 754000000}, {"maxAge": 1, "endDate": "2018-03-31", "totalRevenue": 13379700000, "costOfRevenue": 5681500000, "grossProfit": 7698200000, "researchDevelopment": {}, "sellingGeneralAdministrative": 4356600000, "nonRecurring": {}, "otherOperatingExpenses": 1674800000, "totalOperatingExpenses": 12398300000, "operatingIncome": 981400000, "totalOtherIncomeExpenseNet": -558200000, "ebit": 981400000, "interestExpense": -237300000, "incomeBeforeTax": 423200000, "incomeTaxExpense": 157100000, "minorityInterest": {}, "netIncomeFromContinuingOps": 266100000, "discontinuedOperations": {}, "extraordinaryItems": {}, "effectOfAccountingCharges": {}, "otherItems": {}, "netIncome": 266100000, "netIncomeApplicableToCommonShares": 266100000}, {"maxAge": 1, "endDate": "2017-03-31", "totalRevenue": 19934800000, "costOfRevenue": 10980900000, "grossProfit": 8953900000, "researchDevelopment": {}, "sellingGeneralAdministrative": 5165100000, "nonRecurring": {}, "otherOperatingExpenses": 2768900000, "totalOperatingExpenses": 20022300000, "operatingIncome": -87500000, "totalOtherIncomeExpenseNet": 344500000, "ebit": -87500000, "interestExpense": -507100000, "incomeBeforeTax": 257000000, "incomeTaxExpense": 281600000, "minorityInterest": {}, "netIncomeFromContinuingOps": -24600000, "discontinuedOperations": {}, "extraordinaryItems": {}, "effectOfAccountingCharges": {}, "otherItems": {}, "netIncome": -24600000, "netIncomeApplicableToCommonShares": -24600000}], "maxAge": 86400}, "fundOwnership": {"ownershipList": [{"maxAge": 1, "reportDate": "2021-01-31", "organization": "Vanguard International Stock Index-Emerging Markets Stk", "pctHeld": 0.0029, "position": 196440, "value": 52331616}, {"maxAge": 1, "reportDate": "2021-01-31", "organization": "Vanguard International Stock Index-Total Intl Stock Indx", "pctHeld": 0.002, "position": 136091, "value": 36254642}, {"maxAge": 1, "reportDate": "2021-01-31", "organization": "Vanguard Intl Equity Index Fds-FTSE All World ex U.S.Small Cap Index", "pctHeld": 0.0007, "position": 48512, "value": 12923596}, {"maxAge": 1, "reportDate": "2021-01-31", "organization": "Vanguard Intl Equity Index - Total World Stock Index Fd", "pctHeld": 0.0002, "position": 13473, "value": 3589207}, {"maxAge": 1, "reportDate": "2021-01-31", "organization": "DFA Emerging Markets Core Equity Portfolio", "pctHeld": 0.0002, "position": 11172, "value": 2976220}], "maxAge": 1}, "summaryDetail": {"maxAge": 1, "priceHint": 2, "previousClose": 263.85, "open": 261.05, "dayLow": 258.8, "dayHigh": 265.45, "regularMarketPreviousClose": 263.85, "regularMarketOpen": 261.05, "regularMarketDayLow": 258.8, "regularMarketDayHigh": 265.45, "dividendRate": 2.0, "dividendYield": 0.0076, "exDividendDate": "2020-09-03 05:30:00", "payoutRatio": 0.19399999, "beta": 1.070351, "trailingPE": 25.201202, "forwardPE": 10.272727, "volume": 50728, "regularMarketVolume": 50728, "averageVolume": 116483, "averageVolume10days": 88353, "averageDailyVolume10Day": 88353, "bid": 0.0, "ask": 0.0, "bidSize": 0, "askSize": 0, "marketCap": 17422759936, "fiftyTwoWeekLow": 177.1, "fiftyTwoWeekHigh": 549.0, "priceToSalesTrailing12Months": 0.55394757, "fiftyDayAverage": 280.7956, "twoHundredDayAverage": 302.4053, "trailingAnnualDividendRate": 2.0, "trailingAnnualDividendYield": 0.0075800642, "currency": "INR", "fromCurrency": null, "lastMarket": null, "algorithm": null, "tradeable": false}, "insiderHolders": {"holders": [{"maxAge": 1, "name": "Alstom Finance B V", "relation": "Promoter", "url": "", "transactionDescription": "Other", "latestTransDate": "2017-05-02", "positionDirect": 46102083, "positionDirectDate": "2017-05-02"}, {"maxAge": 1, "name": "Basu (Rathindra Nath)", "relation": "Director", "url": "", "transactionDescription": "Other", "latestTransDate": "2014-04-01", "positionDirect": 184, "positionDirectDate": "2014-04-01"}, {"maxAge": 1, "name": "GE Energy Europe B.V.", "relation": "Promoter", "url": "", "transactionDescription": "Other", "latestTransDate": "2017-05-02", "positionDirect": 0, "positionDirectDate": "2017-05-02"}, {"maxAge": 1, "name": "Lorelec", "relation": "Promoter", "url": "", "transactionDescription": "Sale", "latestTransDate": "2013-02-25", "positionDirect": 0, "positionDirectDate": "2013-02-25"}, {"maxAge": 1, "name": "Thiagarajan (Arun K)", "relation": "Director (Independent)", "url": "", "transactionDescription": "Acquisition", "latestTransDate": "2010-07-08", "positionDirect": 13415, "positionDirectDate": "2010-07-08"}], "maxAge": 1}, "calendarEvents": {"maxAge": 1, "earnings": {"earningsDate": []}, "exDividendDate": "2020-09-03 05:30:00"}, "upgradeDowngradeHistory": {"history": [], "maxAge": 86400}, "price": {"maxAge": 1, "regularMarketChangePercent": -0.014970673, "regularMarketChange": -3.9500122, "regularMarketTime": "2021-04-30 15:29:58", "priceHint": 2, "regularMarketPrice": 259.9, "regularMarketDayHigh": 265.45, "regularMarketDayLow": 258.8, "regularMarketVolume": 50728, "averageDailyVolume10Day": 88353, "averageDailyVolume3Month": 116483, "regularMarketPreviousClose": 263.85, "regularMarketSource": "FREE_REALTIME", "regularMarketOpen": 261.05, "exchange": "NSI", "exchangeName": "NSE", "exchangeDataDelayedBy": 15, "marketState": "CLOSED", "quoteType": "EQUITY", "symbol": "GEPIL.NS", "underlyingSymbol": null, "shortName": "GE POWER INDIA LTD", "longName": "GE Power India Limited", "currency": "INR", "quoteSourceName": "Delayed Quote", "currencySymbol": "\u20b9", "fromCurrency": null, "lastMarket": null, "marketCap": 17422759936}, "balanceSheetHistory": {"balanceSheetStatements": [{"maxAge": 1, "endDate": "2020-03-31", "cash": 3779600000, "netReceivables": 18584700000, "inventory": 2301500000, "otherCurrentAssets": 3198300000, "totalCurrentAssets": 27881200000, "longTermInvestments": 26700000, "propertyPlantEquipment": 3108800000, "intangibleAssets": 2600000, "otherAssets": 2676200000, "deferredLongTermAssetCharges": 1213300000, "totalAssets": 33695500000, "accountsPayable": 8776500000, "otherCurrentLiab": 12612600000, "otherLiab": 1088500000, "totalCurrentLiabilities": 22320400000, "totalLiab": 24528400000, "commonStock": 672300000, "retainedEarnings": 8494800000, "totalStockholderEquity": 9167100000, "netTangibleAssets": 9164500000}, {"maxAge": 1, "endDate": "2019-03-31", "cash": 1115900000, "shortTermInvestments": 7150000000, "netReceivables": 16951000000, "inventory": 1804200000, "otherCurrentAssets": 3773100000, "totalCurrentAssets": 30875600000, "longTermInvestments": 26700000, "propertyPlantEquipment": 1626600000, "intangibleAssets": 100000, "otherAssets": 3062700000, "deferredLongTermAssetCharges": 1813400000, "totalAssets": 35591700000, "accountsPayable": 7351900000, "otherCurrentLiab": 17983300000, "otherLiab": 865100000, "totalCurrentLiabilities": 25907400000, "totalLiab": 26772500000, "commonStock": 672300000, "retainedEarnings": 8146900000, "totalStockholderEquity": 8819200000, "netTangibleAssets": 8819100000}, {"maxAge": 1, "endDate": "2018-03-31", "cash": 1694800000, "shortTermInvestments": 8830000000, "netReceivables": 15356500000, "inventory": 4660800000, "otherCurrentAssets": 2943000000, "totalCurrentAssets": 33584800000, "longTermInvestments": 26700000, "propertyPlantEquipment": 2801800000, "intangibleAssets": 2500000, "otherAssets": 2712500000, "deferredLongTermAssetCharges": 1589100000, "totalAssets": 39128300000, "accountsPayable": 13024600000, "otherCurrentLiab": 16060700000, "otherLiab": 952300000, "totalCurrentLiabilities": 29893200000, "totalLiab": 30845500000, "commonStock": 672300000, "retainedEarnings": 7610500000, "totalStockholderEquity": 8282800000, "netTangibleAssets": 8280300000}, {"maxAge": 1, "endDate": "2017-03-31", "cash": 8486500000, "shortTermInvestments": 200000, "netReceivables": 16910500000, "inventory": 3544400000, "otherCurrentAssets": 2458900000, "totalCurrentAssets": 31535400000, "longTermInvestments": 26700000, "propertyPlantEquipment": 3776200000, "intangibleAssets": 4000000, "otherAssets": 3324300000, "deferredLongTermAssetCharges": 1121500000, "totalAssets": 38666600000, "accountsPayable": 14310400000, "otherCurrentLiab": 14368600000, "otherLiab": 803900000, "totalCurrentLiabilities": 29588800000, "totalLiab": 30392700000, "commonStock": 672300000, "retainedEarnings": 7601600000, "totalStockholderEquity": 8273900000, "netTangibleAssets": 8269900000}], "maxAge": 86400}, "earningsTrend": {"trend": [{"maxAge": 1, "period": "0q", "endDate": null, "growth": {}, "earningsEstimate": {"avg": 0.0, "low": 0.0, "high": 0.0, "yearAgoEps": {}, "numberOfAnalysts": 0, "growth": {}}, "revenueEstimate": {"avg": 0, "low": 0, "high": 0, "numberOfAnalysts": 0, "yearAgoRevenue": {}, "growth": {}}, "epsTrend": {"current": 0.0, "7daysAgo": 0.0, "30daysAgo": 0.0, "60daysAgo": 0.0, "90daysAgo": 0.0}, "epsRevisions": {"upLast7days": 0, "upLast30days": 0, "downLast30days": 0, "downLast90days": {}}}, {"maxAge": 1, "period": "+1q", "endDate": null, "growth": {}, "earningsEstimate": {"avg": 0.0, "low": 0.0, "high": 0.0, "yearAgoEps": {}, "numberOfAnalysts": 0, "growth": {}}, "revenueEstimate": {"avg": 0, "low": 0, "high": 0, "numberOfAnalysts": 0, "yearAgoRevenue": {}, "growth": {}}, "epsTrend": {"current": 0.0, "7daysAgo": 0.0, "30daysAgo": 0.0, "60daysAgo": 0.0, "90daysAgo": 0.0}, "epsRevisions": {"upLast7days": 0, "upLast30days": 0, "downLast30days": 0, "downLast90days": {}}}, {"maxAge": 1, "period": "0y", "endDate": null, "growth": {}, "earningsEstimate": {"avg": 0.0, "low": 0.0, "high": 0.0, "yearAgoEps": {}, "numberOfAnalysts": 0, "growth": {}}, "revenueEstimate": {"avg": 0, "low": 0, "high": 0, "numberOfAnalysts": 0, "yearAgoRevenue": {}, "growth": {}}, "epsTrend": {"current": 0.0, "7daysAgo": 0.0, "30daysAgo": 0.0, "60daysAgo": 0.0, "90daysAgo": 0.0}, "epsRevisions": {"upLast7days": 0, "upLast30days": 0, "downLast30days": 0, "downLast90days": {}}}, {"maxAge": 1, "period": "+1y", "endDate": null, "growth": {}, "earningsEstimate": {"avg": 0.0, "low": 0.0, "high": 0.0, "yearAgoEps": {}, "numberOfAnalysts": 0, "growth": {}}, "revenueEstimate": {"avg": 0, "low": 0, "high": 0, "numberOfAnalysts": 0, "yearAgoRevenue": {}, "growth": {}}, "epsTrend": {"current": 0.0, "7daysAgo": 0.0, "30daysAgo": 0.0, "60daysAgo": 0.0, "90daysAgo": 0.0}, "epsRevisions": {"upLast7days": 0, "upLast30days": 0, "downLast30days": 0, "downLast90days": {}}}, {"maxAge": 1, "period": "+5y", "endDate": null, "growth": {}, "earningsEstimate": {"avg": {}, "low": {}, "high": {}, "yearAgoEps": {}, "numberOfAnalysts": {}, "growth": {}}, "revenueEstimate": {"avg": {}, "low": {}, "high": {}, "numberOfAnalysts": {}, "yearAgoRevenue": {}, "growth": {}}, "epsTrend": {"current": {}, "7daysAgo": {}, "30daysAgo": {}, "60daysAgo": {}, "90daysAgo": {}}, "epsRevisions": {"upLast7days": {}, "upLast30days": {}, "downLast30days": {}, "downLast90days": {}}}, {"maxAge": 1, "period": "-5y", "endDate": null, "growth": -0.20295, "earningsEstimate": {"avg": {}, "low": {}, "high": {}, "yearAgoEps": {}, "numberOfAnalysts": {}, "growth": {}}, "revenueEstimate": {"avg": {}, "low": {}, "high": {}, "numberOfAnalysts": {}, "yearAgoRevenue": {}, "growth": {}}, "epsTrend": {"current": {}, "7daysAgo": {}, "30daysAgo": {}, "60daysAgo": {}, "90daysAgo": {}}, "epsRevisions": {"upLast7days": {}, "upLast30days": {}, "downLast30days": {}, "downLast90days": {}}}], "maxAge": 1}, "institutionOwnership": {"ownershipList": [], "maxAge": 1}, "majorHoldersBreakdown": {"maxAge": 1, "insidersPercentHeld": 0.68821996, "institutionsPercentHeld": 0.14183, "institutionsFloatPercentHeld": 0.45488, "institutionsCount": 13}, "balanceSheetHistoryQuarterly": {"balanceSheetStatements": [{"maxAge": 1, "endDate": "2020-12-31", "totalStockholderEquity": 9210600000, "netTangibleAssets": 9208500000}, {"maxAge": 1, "endDate": "2020-09-30", "cash": 2225800000, "shortTermInvestments": 131800000, "netReceivables": 17901600000, "inventory": 2984100000, "otherCurrentAssets": 8268800000, "totalCurrentAssets": 31512100000, "longTermInvestments": 26700000, "propertyPlantEquipment": 2855400000, "intangibleAssets": 2100000, "otherAssets": 2672200000, "deferredLongTermAssetCharges": 1157100000, "totalAssets": 37068500000, "accountsPayable": 10014300000, "otherCurrentLiab": 13451800000, "otherLiab": 923600000, "totalCurrentLiabilities": 25818100000, "totalLiab": 27857900000, "commonStock": 672300000, "retainedEarnings": 8538300000, "totalStockholderEquity": 9210600000, "netTangibleAssets": 9208500000}, {"maxAge": 1, "endDate": "2020-06-30", "totalStockholderEquity": 9167100000, "netTangibleAssets": 9164500000}, {"maxAge": 1, "endDate": "2020-03-31", "cash": 3779600000, "netReceivables": 18584700000, "inventory": 2301500000, "otherCurrentAssets": 3198300000, "totalCurrentAssets": 27881200000, "longTermInvestments": 26700000, "propertyPlantEquipment": 3108800000, "intangibleAssets": 2600000, "otherAssets": 2676200000, "deferredLongTermAssetCharges": 1213300000, "totalAssets": 33695500000, "accountsPayable": 8776500000, "otherCurrentLiab": 12612600000, "otherLiab": 1088500000, "totalCurrentLiabilities": 22320400000, "totalLiab": 24528400000, "commonStock": 672300000, "retainedEarnings": 8494800000, "totalStockholderEquity": 9167100000, "netTangibleAssets": 9164500000}], "maxAge": 86400}, "earningsHistory": {"history": [{"maxAge": 1, "epsActual": {}, "epsEstimate": {}, "epsDifference": {}, "surprisePercent": {}, "quarter": {}, "period": "-4q"}, {"maxAge": 1, "epsActual": {}, "epsEstimate": {}, "epsDifference": {}, "surprisePercent": {}, "quarter": {}, "period": "-3q"}, {"maxAge": 1, "epsActual": {}, "epsEstimate": {}, "epsDifference": {}, "surprisePercent": {}, "quarter": {}, "period": "-2q"}, {"maxAge": 1, "epsActual": {}, "epsEstimate": {}, "epsDifference": {}, "surprisePercent": {}, "quarter": {}, "period": "-1q"}], "maxAge": 86400}, "summaryProfile": {"address1": "Axis House", "address2": "Plot No 1-14, Towers 5 & 6 Sector 128 Jaypee Wish Town", "city": "Noida", "zip": "201301", "country": "India", "phone": "91 12 0501 1011", "fax": "91 12 0501 1100", "website": "http://www.ge.com/in/ge-power-india-limited", "industry": "Engineering & Construction", "sector": "Industrials", "longBusinessSummary": "GE Power India Limited engages in the engineering, procurement, manufacturing, construction, and servicing of power plants and power equipment in India and internationally. The company offers boilers, mills, air quality control systems, hydro and gas power systems, and automation and control systems. It also manufactures steam generators. In addition, the company engages in the construction of industrial and non- industrial plants, structures, and facilities, as well as equipment and other projects. Further, it provides architectural and engineering services; and installation, maintenance, and repair services. The company was formerly known as ALSTOM India Limited and changed its name to GE Power India Limited in August 2016. The company was incorporated in 1992 and is headquartered in Noida, India. GE Power India Limited is a subsidiary of GE Power India Tracking BV.", "fullTimeEmployees": 1684, "companyOfficers": [], "maxAge": 86400}, "netSharePurchaseActivity": {"maxAge": 1, "period": "6m", "buyInfoCount": 0, "buyInfoShares": 0, "sellInfoCount": 0, "netInfoCount": 0, "netInfoShares": 0, "netPercentInsiderShares": 0.0, "totalInsiderShares": 46263676}, "insiderTransactions": {"transactions": [{"maxAge": 1, "shares": 13789, "filerUrl": "", "transactionText": "", "filerName": "Alstom Finance B V", "filerRelation": "Promoter", "moneyText": "", "startDate": "2017-05-02", "ownership": "D"}, {"maxAge": 1, "shares": 13789, "filerUrl": "", "transactionText": "", "filerName": "GE Energy Europe B.V.", "filerRelation": "Promoter", "moneyText": "", "startDate": "2017-05-02", "ownership": "D"}, {"maxAge": 1, "shares": 184, "filerUrl": "", "transactionText": "", "filerName": "Basu (Rathindra Nath)", "filerRelation": "Director", "moneyText": "", "startDate": "2014-04-01", "ownership": "D"}, {"maxAge": 1, "shares": 1326025, "filerUrl": "", "transactionText": "", "filerName": "Lorelec", "filerRelation": "Promoter", "moneyText": "", "startDate": "2013-02-25", "ownership": "D"}, {"maxAge": 1, "shares": 10185, "filerUrl": "", "transactionText": "", "filerName": "Thiagarajan (Arun K)", "filerRelation": "Director (Independent)", "moneyText": "", "startDate": "2010-07-08", "ownership": "D"}], "maxAge": 1}, "sectorTrend": {"maxAge": 1, "symbol": null, "estimates": []}, "incomeStatementHistoryQuarterly": {"incomeStatementHistory": [{"maxAge": 1, "endDate": "2020-12-31", "totalRevenue": 10930000000, "costOfRevenue": 8419400000, "grossProfit": 2510600000, "researchDevelopment": {}, "sellingGeneralAdministrative": 948900000, "nonRecurring": {}, "otherOperatingExpenses": 911400000, "totalOperatingExpenses": 10394100000, "operatingIncome": 535900000, "totalOtherIncomeExpenseNet": -67400000, "ebit": 535900000, "interestExpense": -294600000, "incomeBeforeTax": 468500000, "incomeTaxExpense": 117600000, "minorityInterest": {}, "netIncomeFromContinuingOps": 350900000, "discontinuedOperations": {}, "extraordinaryItems": {}, "effectOfAccountingCharges": {}, "otherItems": {}, "netIncome": 350900000, "netIncomeApplicableToCommonShares": 350900000}, {"maxAge": 1, "endDate": "2020-09-30", "totalRevenue": 8875100000, "costOfRevenue": 6756800000, "grossProfit": 2118300000, "researchDevelopment": {}, "sellingGeneralAdministrative": 943700000, "nonRecurring": {}, "otherOperatingExpenses": 752300000, "totalOperatingExpenses": 8563500000, "operatingIncome": 311600000, "totalOtherIncomeExpenseNet": 192900000, "ebit": 311600000, "interestExpense": -110000000, "incomeBeforeTax": 504500000, "incomeTaxExpense": 130800000, "minorityInterest": {}, "netIncomeFromContinuingOps": 373700000, "discontinuedOperations": {}, "extraordinaryItems": {}, "effectOfAccountingCharges": {}, "otherItems": {}, "netIncome": 373700000, "netIncomeApplicableToCommonShares": 373700000}, {"maxAge": 1, "endDate": "2020-06-30", "totalRevenue": 4320100000, "costOfRevenue": 3012500000, "grossProfit": 1307600000, "researchDevelopment": {}, "sellingGeneralAdministrative": 932400000, "nonRecurring": {}, "otherOperatingExpenses": 510600000, "totalOperatingExpenses": 4605400000, "operatingIncome": -285300000, "totalOtherIncomeExpenseNet": 58700000, "ebit": -285300000, "interestExpense": -85400000, "incomeBeforeTax": -226600000, "incomeTaxExpense": -46400000, "minorityInterest": {}, "netIncomeFromContinuingOps": -180200000, "discontinuedOperations": {}, "extraordinaryItems": {}, "effectOfAccountingCharges": {}, "otherItems": {}, "netIncome": -180200000, "netIncomeApplicableToCommonShares": -180200000}, {"maxAge": 1, "endDate": "2020-03-31", "totalRevenue": 7326800000, "costOfRevenue": 5860200000, "grossProfit": 1466600000, "researchDevelopment": {}, "sellingGeneralAdministrative": 1127000000, "nonRecurring": {}, "otherOperatingExpenses": -144100000, "totalOperatingExpenses": 7095400000, "operatingIncome": 231400000, "totalOtherIncomeExpenseNet": 21900000, "ebit": 231400000, "interestExpense": -174800000, "incomeBeforeTax": 253300000, "incomeTaxExpense": 104600000, "minorityInterest": {}, "netIncomeFromContinuingOps": 148700000, "discontinuedOperations": {}, "extraordinaryItems": {}, "effectOfAccountingCharges": {}, "otherItems": {}, "netIncome": 148700000, "netIncomeApplicableToCommonShares": 148700000}], "maxAge": 86400}, "cashflowStatementHistoryQuarterly": {"cashflowStatements": [{"maxAge": 1, "endDate": "2020-12-31", "netIncome": 350900000, "changeToLiabilities": 0}, {"maxAge": 1, "endDate": "2020-09-30", "netIncome": 373700000, "changeToLiabilities": 0}, {"maxAge": 1, "endDate": "2020-06-30", "netIncome": -180200000, "changeToLiabilities": 0}, {"maxAge": 1, "endDate": "2020-03-31", "netIncome": 148700000, "changeToLiabilities": 0}], "maxAge": 86400}, "earnings": {"maxAge": 86400, "earningsChart": {"quarterly": [], "earningsDate": []}, "financialsChart": {"yearly": [{"date": 2017, "revenue": 19934800000, "earnings": -24600000}, {"date": 2018, "revenue": 13379700000, "earnings": 266100000}, {"date": 2019, "revenue": 19028200000, "earnings": 754000000}, {"date": 2020, "revenue": 24458600000, "earnings": 846000000}], "quarterly": [{"date": "1Q2020", "revenue": 7326800000, "earnings": 148700000}, {"date": "2Q2020", "revenue": 4320100000, "earnings": -180200000}, {"date": "3Q2020", "revenue": 8875100000, "earnings": 373700000}, {"date": "4Q2020", "revenue": 10930000000, "earnings": 350900000}]}, "financialCurrency": "INR"}, "financialData": {"maxAge": 86400, "currentPrice": 259.9, "targetHighPrice": 942.0, "targetLowPrice": 942.0, "targetMeanPrice": 942.0, "targetMedianPrice": 942.0, "recommendationMean": 1.0, "recommendationKey": "strong_buy", "numberOfAnalystOpinions": 1, "totalCash": 2357600000, "totalCashPerShare": 35.072, "ebitda": 1217400064, "totalDebt": 3468199936, "totalRevenue": 31452000256, "debtToEquity": 37.654, "revenuePerShare": 468.012, "grossProfits": 7231600000, "earningsGrowth": -0.652, "revenueGrowth": 0.428, "grossMargins": 0.23538, "ebitdaMargins": 0.03871, "operatingMargins": 0.02523, "profitMargins": 0.02204, "financialCurrency": "INR"}}}