{"GET&D.BO": {"assetProfile": {"address1": "FIEE Complex", "address2": "A-18, First Floor Okhla Industrial Area Phase II", "city": "New Delhi", "zip": "110020", "country": "India", "phone": "91 11 4161 0660", "fax": "91 11 4161 0659", "website": "http://www.ge.com/in/ge-td-india-limited", "industry": "Specialty Industrial Machinery", "sector": "Industrials", "longBusinessSummary": "GE T&D India Limited engages in building power transmission and distribution infrastructure in India and internationally. The company offers power electronics equipment, including high voltage direct current (DC), flexible alternate current transmission systems, and industrial DC substations. It also provides transformers, gas insulated substations, air insulated substations, and capacitors and reactors, as well as control panels and flexible AC transmission systems. In addition, the company offers turnkey projects and consulting; electrical balance of plant; high voltage substations; maintenance support; and asset management services. Further, it offers digital software solutions, including energy management and market management, distribution and outage management, and virtual power plant-DERMS; edge to control infrastructure, fleet level analysis, optimization analytics, and asset performance management; protection and control, substation automation, and communications; and remote monitoring and diagnostics, and geospatial and mobile solutions. The company was formerly known as Alstom T&D India Limited and changed its name to GE T&D India Limited in August 2016. The company was incorporated in 1957 and is based in New Delhi, India. GE T&D India Limited is a subsidiary of Grid Equipments Private Limited.", "fullTimeEmployees": 2637, "companyOfficers": [{"maxAge": 1, "name": "Mr. Pitamber  Shivnani", "age": 57, "title": "CEO, MD & Additional Director", "yearBorn": 1962, "fiscalYear": 2020, "totalPay": 40026514, "exercisedValue": 0, "unexercisedValue": 0}, {"maxAge": 1, "name": "Mr. Sushil  Kumar", "age": 40, "title": "Chief Financial Officer", "yearBorn": 1979, "fiscalYear": 2020, "totalPay": 7398891, "exercisedValue": 0, "unexercisedValue": 0}, {"maxAge": 1, "name": "Mr. Manoj Prasad Singh", "title": "Compliance Officer, Company Sec. & CSR Officer", "fiscalYear": 2020, "totalPay": 5915693, "exercisedValue": 0, "unexercisedValue": 0}, {"maxAge": 1, "name": "Mr. Nagesh  Tilwani", "age": 46, "title": "Whole-time Director & Head of HVS Bus.", "yearBorn": 1973, "fiscalYear": 2020, "totalPay": 10397611, "exercisedValue": 0, "unexercisedValue": 0}, {"maxAge": 1, "name": "Mr. Suneel  Mishra", "title": "Head of Investor Relations", "exercisedValue": 0, "unexercisedValue": 0}, {"maxAge": 1, "name": "Mr. K. S. Natarajan", "title": "Director of Legal", "exercisedValue": 0, "unexercisedValue": 0}, {"maxAge": 1, "name": "Mr. Sandeep  Zanzaria", "age": 52, "title": "Sales Exec. & Chief Commercial Officer", "yearBorn": 1967, "exercisedValue": 0, "unexercisedValue": 0}, {"maxAge": 1, "name": "Abhilasha  Dhaka", "age": 40, "title": "Head of HR", "yearBorn": 1979, "exercisedValue": 0, "unexercisedValue": 0}, {"maxAge": 1, "name": "Mr. Shailesh  Mishra", "age": 47, "title": "Head of Bus. Operation - AC System", "yearBorn": 1972, "exercisedValue": 0, "unexercisedValue": 0}, {"maxAge": 1, "name": "Mr. Manikkapurath  Sivaprasad", "age": 50, "title": "Exec. of Bus. Operations", "yearBorn": 1969, "exercisedValue": 0, "unexercisedValue": 0}], "compensationAsOfEpochDate": "2020-12-31 05:30:00", "maxAge": 86400}, "recommendationTrend": {"trend": [{"period": "0m", "strongBuy": 0, "buy": 0, "hold": 0, "sell": 0, "strongSell": 0}, {"period": "-1m", "strongBuy": 0, "buy": 0, "hold": 0, "sell": 0, "strongSell": 0}, {"period": "-2m", "strongBuy": 0, "buy": 0, "hold": 0, "sell": 0, "strongSell": 0}, {"period": "-3m", "strongBuy": 0, "buy": 0, "hold": 0, "sell": 0, "strongSell": 0}], "maxAge": 86400}, "cashflowStatementHistory": {"cashflowStatements": [{"maxAge": 1, "endDate": "2018-03-31", "netIncome": 2087600000, "changeToLiabilities": 0}, {"maxAge": 1, "endDate": "2017-03-31", "netIncome": -866600000, "depreciation": 882000000, "changeToNetincome": 3697200000, "changeToAccountReceivables": -4739700000, "changeToLiabilities": 711700000, "changeToInventory": -1477800000, "changeToOperatingActivities": 3666100000, "totalCashFromOperatingActivities": 1872900000, "capitalExpenditures": -482000000, "otherCashflowsFromInvestingActivities": 5700000, "totalCashflowsFromInvestingActivities": -460500000, "dividendsPaid": -460900000, "netBorrowings": 105500000, "otherCashflowsFromFinancingActivities": -950900000, "totalCashFromFinancingActivities": -1306300000, "changeInCash": 106200000}, {"maxAge": 1, "endDate": "2016-03-31", "netIncome": 345000000, "depreciation": 857300000, "changeToNetincome": 1520800000, "changeToAccountReceivables": -3441100000, "changeToLiabilities": -1977700000, "changeToInventory": -2788100000, "changeToOperatingActivities": 4574700000, "totalCashFromOperatingActivities": -909100000, "capitalExpenditures": -502100000, "otherCashflowsFromInvestingActivities": 3200000, "totalCashflowsFromInvestingActivities": -496100000, "dividendsPaid": -460900000, "netBorrowings": 2219700000, "otherCashflowsFromFinancingActivities": -557800000, "totalCashFromFinancingActivities": 1201000000, "changeInCash": -204200000}, {"maxAge": 1, "endDate": "2015-03-31", "netIncome": 1205700000, "depreciation": 818600000, "changeToNetincome": 448700000, "changeToAccountReceivables": 890200000, "changeToLiabilities": -135200000, "changeToInventory": -102200000, "changeToOperatingActivities": 1895000000, "totalCashFromOperatingActivities": 5020800000, "capitalExpenditures": -787300000, "otherCashflowsFromInvestingActivities": -592000000, "totalCashflowsFromInvestingActivities": -1368800000, "dividendsPaid": -538100000, "netBorrowings": -1985200000, "otherCashflowsFromFinancingActivities": -678000000, "totalCashFromFinancingActivities": -3201300000, "changeInCash": 450700000}], "maxAge": 86400}, "indexTrend": {"maxAge": 1, "symbol": "SP5", "peRatio": 19.7411, "pegRatio": 1.34172, "estimates": [{"period": "0q", "growth": 0.549}, {"period": "+1q", "growth": 0.431}, {"period": "0y", "growth": 0.305}, {"period": "+1y", "growth": 0.109}, {"period": "+5y", "growth": 0.120865}, {"period": "-5y"}]}, "defaultKeyStatistics": {"maxAge": 1, "priceHint": 2, "enterpriseValue": 27683803136, "profitMargins": -0.10634, "floatShares": 60810815, "sharesOutstanding": 256047008, "heldPercentInsiders": 0.81461, "heldPercentInstitutions": 0.1602, "beta": 1.358575, "category": null, "fundFamily": null, "legalType": null, "lastFiscalYearEnd": "2020-03-31 05:30:00", "nextFiscalYearEnd": "2022-03-31 05:30:00", "mostRecentQuarter": "2020-06-30 05:30:00", "netIncomeToCommon": -3262500096, "lastSplitFactor": "5:1", "lastSplitDate": "2008-10-22 05:30:00", "enterpriseToRevenue": 0.902, "enterpriseToEbitda": -14.744}, "industryTrend": {"maxAge": 1, "symbol": null, "estimates": []}, "quoteType": {"exchange": "BSE", "quoteType": "EQUITY", "symbol": "GET&D.BO", "underlyingSymbol": "GET&D.BO", "shortName": "GE T&D India Limited", "longName": "GE T&amp;D India Limited", "firstTradeDateEpochUtc": "2000-01-03 09:15:00", "timeZoneFullName": "Asia/Kolkata", "timeZoneShortName": "IST", "uuid": "7a8581b6-21e5-3726-b9e9-35a4b6ad5245", "gmtOffSetMilliseconds": 19800000, "maxAge": 1}, "incomeStatementHistory": {"incomeStatementHistory": [{"maxAge": 1, "endDate": "2018-03-31", "totalRevenue": 43317100000, "costOfRevenue": 30087100000, "grossProfit": 13230000000, "researchDevelopment": {}, "sellingGeneralAdministrative": 3877700000, "nonRecurring": {}, "otherOperatingExpenses": 6783700000, "totalOperatingExpenses": 41647100000, "operatingIncome": 1670000000, "totalOtherIncomeExpenseNet": 1518100000, "ebit": 1670000000, "interestExpense": -882800000, "incomeBeforeTax": 3188100000, "incomeTaxExpense": 1100500000, "minorityInterest": {}, "netIncomeFromContinuingOps": 2087600000, "discontinuedOperations": {}, "extraordinaryItems": {}, "effectOfAccountingCharges": {}, "otherItems": {}, "netIncome": 2087600000, "netIncomeApplicableToCommonShares": 2087600000}, {"maxAge": 1, "endDate": "2017-03-31", "totalRevenue": 40521300000, "costOfRevenue": 28814400000, "grossProfit": 11706900000, "researchDevelopment": {}, "sellingGeneralAdministrative": 4184900000, "nonRecurring": {}, "otherOperatingExpenses": 5776900000, "totalOperatingExpenses": 40443800000, "operatingIncome": 77500000, "totalOtherIncomeExpenseNet": -810200000, "ebit": 77500000, "interestExpense": -1626500000, "incomeBeforeTax": -732700000, "incomeTaxExpense": 133900000, "minorityInterest": {}, "netIncomeFromContinuingOps": -866600000, "discontinuedOperations": {}, "extraordinaryItems": {}, "effectOfAccountingCharges": {}, "otherItems": {}, "netIncome": -866600000, "netIncomeApplicableToCommonShares": -866600000}, {"maxAge": 1, "endDate": "2016-03-31", "totalRevenue": 33033600000, "costOfRevenue": 23476600000, "grossProfit": 9557000000, "researchDevelopment": {}, "sellingGeneralAdministrative": 3805100000, "nonRecurring": {}, "otherOperatingExpenses": 4482000000, "totalOperatingExpenses": 32621000000, "operatingIncome": 412600000, "totalOtherIncomeExpenseNet": 146200000, "ebit": 412600000, "interestExpense": -856200000, "incomeBeforeTax": 558800000, "incomeTaxExpense": 213800000, "minorityInterest": {}, "netIncomeFromContinuingOps": 345000000, "discontinuedOperations": {}, "extraordinaryItems": {}, "effectOfAccountingCharges": {}, "otherItems": {}, "netIncome": 345000000, "netIncomeApplicableToCommonShares": 345000000}, {"maxAge": 1, "endDate": "2015-03-31", "totalRevenue": 37107200000, "costOfRevenue": 25802900000, "grossProfit": 11304300000, "researchDevelopment": {}, "sellingGeneralAdministrative": 3557900000, "nonRecurring": {}, "otherOperatingExpenses": 4000900000, "totalOperatingExpenses": 34326000000, "operatingIncome": 2781200000, "totalOtherIncomeExpenseNet": -1079400000, "ebit": 2781200000, "interestExpense": -640100000, "incomeBeforeTax": 1701800000, "incomeTaxExpense": 496100000, "minorityInterest": {}, "netIncomeFromContinuingOps": 1205700000, "discontinuedOperations": {}, "extraordinaryItems": {}, "effectOfAccountingCharges": {}, "otherItems": {}, "netIncome": 1205700000, "netIncomeApplicableToCommonShares": 1205700000}], "maxAge": 86400}, "fundOwnership": {"ownershipList": [{"maxAge": 1, "reportDate": "2020-07-31", "organization": "DFA Emerging Markets Small Cap Series", "pctHeld": 0.0008, "position": 196502, "value": 16348966}, {"maxAge": 1, "reportDate": "2020-07-31", "organization": "DFA Emerging Markets Core Equity Portfolio", "pctHeld": 0.00059999997, "position": 152570, "value": 12693824}, {"maxAge": 1, "reportDate": "2020-08-31", "organization": "SPDR (R) Idx Shares-SPDR (R) Emerging Markets Small Cap ETF", "pctHeld": 0.0004, "position": 91327, "value": 9539105}, {"maxAge": 1, "reportDate": "2020-07-31", "organization": "DFA Investment Dimensions-World Ex U.S. Core Equity Port", "pctHeld": 0.0001, "position": 23648, "value": 1967513}], "maxAge": 1}, "summaryDetail": {"maxAge": 1, "priceHint": 2, "previousClose": 116.15, "open": 113.6, "dayLow": 113.5, "dayHigh": 117.55, "regularMarketPreviousClose": 116.15, "regularMarketOpen": 113.6, "regularMarketDayLow": 113.5, "regularMarketDayHigh": 117.55, "exDividendDate": "2019-07-16 05:30:00", "fiveYearAvgDividendYield": 0.77, "beta": 1.358575, "volume": 8166, "regularMarketVolume": 8166, "averageVolume": 28014, "averageVolume10days": 15293, "averageDailyVolume10Day": 15293, "bid": 114.0, "ask": 117.45, "bidSize": 0, "askSize": 0, "marketCap": 29406998528, "fiftyTwoWeekLow": 58.0, "fiftyTwoWeekHigh": 179.45, "priceToSalesTrailing12Months": 0.9585602, "fiftyDayAverage": 122.28788, "twoHundredDayAverage": 101.822426, "currency": "INR", "fromCurrency": null, "lastMarket": null, "algorithm": null, "tradeable": false}, "insiderHolders": {"holders": [], "maxAge": 1}, "calendarEvents": {"maxAge": 1, "earnings": {"earningsDate": [], "revenueAverage": 13500000000, "revenueLow": 13500000000, "revenueHigh": 13500000000}, "exDividendDate": "2019-07-16 05:30:00"}, "price": {"maxAge": 1, "regularMarketChangePercent": -0.011192449, "regularMarketChange": -1.300003, "regularMarketTime": "2021-04-30 15:29:20", "priceHint": 2, "regularMarketPrice": 114.85, "regularMarketDayHigh": 117.55, "regularMarketDayLow": 113.5, "regularMarketVolume": 8166, "averageDailyVolume10Day": 15293, "averageDailyVolume3Month": 28014, "regularMarketPreviousClose": 116.15, "regularMarketSource": "FREE_REALTIME", "regularMarketOpen": 113.6, "exchange": "BSE", "exchangeName": "BSE", "exchangeDataDelayedBy": 0, "marketState": "CLOSED", "quoteType": "EQUITY", "symbol": "GET&D.BO", "underlyingSymbol": null, "shortName": "GE T&D India Limited", "longName": "GE T&amp;D India Limited", "currency": "INR", "quoteSourceName": "Delayed Quote", "currencySymbol": "\u20b9", "fromCurrency": null, "lastMarket": null, "marketCap": 29406998528}, "balanceSheetHistory": {"balanceSheetStatements": [{"maxAge": 1, "endDate": "2018-03-31", "cash": 5320500000, "netReceivables": 20304000000, "inventory": 10262100000, "otherCurrentAssets": 1838100000, "totalCurrentAssets": 37724700000, "longTermInvestments": 100000, "propertyPlantEquipment": 6016200000, "intangibleAssets": 21600000, "otherAssets": 3925600000, "deferredLongTermAssetCharges": 1089100000, "totalAssets": 47688200000, "accountsPayable": 17091500000, "shortLongTermDebt": 1000000000, "otherCurrentLiab": 16422400000, "otherLiab": 1278200000, "totalCurrentLiabilities": 34513900000, "totalLiab": 35792100000, "commonStock": 512100000, "treasuryStock": 11384000000, "otherStockholderEquity": 11384000000, "totalStockholderEquity": 11896100000, "netTangibleAssets": 11874500000}, {"maxAge": 1, "endDate": "2017-03-31", "cash": 717100000, "netReceivables": 24305500000, "inventory": 11197900000, "otherCurrentAssets": 3885600000, "totalCurrentAssets": 40190700000, "longTermInvestments": 100000, "propertyPlantEquipment": 6804800000, "otherAssets": 4144100000, "deferredLongTermAssetCharges": 1803800000, "totalAssets": 51139700000, "accountsPayable": 16625900000, "shortLongTermDebt": 5180000000, "otherCurrentLiab": 16821000000, "otherLiab": 1110300000, "totalCurrentLiabilities": 39701500000, "totalLiab": 40811800000, "commonStock": 512100000, "retainedEarnings": 7124400000, "treasuryStock": -26200000, "capitalSurplus": 2717600000, "otherStockholderEquity": -26200000, "totalStockholderEquity": 10327900000, "netTangibleAssets": 10327900000}, {"maxAge": 1, "endDate": "2016-03-31", "cash": 610800000, "netReceivables": 23132700000, "inventory": 9720100000, "otherCurrentAssets": 3681100000, "totalCurrentAssets": 37246100000, "longTermInvestments": 100000, "propertyPlantEquipment": 7170300000, "otherAssets": 3301900000, "deferredLongTermAssetCharges": 1203500000, "totalAssets": 47718400000, "accountsPayable": 15658400000, "shortLongTermDebt": 5035400000, "otherCurrentLiab": 12973500000, "otherLiab": 1262500000, "totalCurrentLiabilities": 34672300000, "totalLiab": 35934800000, "commonStock": 512100000, "retainedEarnings": 8545600000, "treasuryStock": 8300000, "capitalSurplus": 2717600000, "otherStockholderEquity": 8300000, "totalStockholderEquity": 11783600000, "netTangibleAssets": 11783600000}, {"maxAge": 1, "endDate": "2015-03-31", "cash": 815100000, "netReceivables": 25782500000, "inventory": 6932000000, "otherCurrentAssets": 3652600000, "totalCurrentAssets": 37182200000, "longTermInvestments": 100000, "propertyPlantEquipment": 7568900000, "otherAssets": 172500000, "deferredLongTermAssetCharges": 86700000, "totalAssets": 44923700000, "accountsPayable": 18041800000, "shortLongTermDebt": 2804600000, "otherCurrentLiab": 9602300000, "otherLiab": 534300000, "totalCurrentLiabilities": 31271400000, "totalLiab": 31805700000, "commonStock": 512100000, "retainedEarnings": 9883700000, "treasuryStock": 4600000, "capitalSurplus": 2717600000, "otherStockholderEquity": 4600000, "totalStockholderEquity": 13118000000, "netTangibleAssets": 13118000000}], "maxAge": 86400}, "earningsTrend": {"trend": [{"maxAge": 1, "period": "0q", "endDate": "2018-12-31", "growth": {}, "earningsEstimate": {"avg": 0.0, "low": 0.0, "high": 0.0, "yearAgoEps": 2.81, "numberOfAnalysts": 0, "growth": {}}, "revenueEstimate": {"avg": 13500000000, "low": 13500000000, "high": 13500000000, "numberOfAnalysts": 1, "yearAgoRevenue": 14385500000, "growth": -0.062}, "epsTrend": {"current": 0.0, "7daysAgo": 0.0, "30daysAgo": 0.0, "60daysAgo": 0.0, "90daysAgo": 0.0}, "epsRevisions": {"upLast7days": 0, "upLast30days": 0, "downLast30days": 0, "downLast90days": {}}}, {"maxAge": 1, "period": "+1q", "endDate": "2019-03-31", "growth": {}, "earningsEstimate": {"avg": 0.0, "low": 0.0, "high": 0.0, "yearAgoEps": 1.1, "numberOfAnalysts": 0, "growth": {}}, "revenueEstimate": {"avg": 9121000000, "low": 9121000000, "high": 9121000000, "numberOfAnalysts": 1, "yearAgoRevenue": {}, "growth": {}}, "epsTrend": {"current": 0.0, "7daysAgo": 0.0, "30daysAgo": 0.0, "60daysAgo": 0.0, "90daysAgo": 0.0}, "epsRevisions": {"upLast7days": 0, "upLast30days": 0, "downLast30days": 0, "downLast90days": {}}}, {"maxAge": 1, "period": "0y", "endDate": "2019-03-31", "growth": {}, "earningsEstimate": {"avg": 0.0, "low": 0.0, "high": 0.0, "yearAgoEps": {}, "numberOfAnalysts": 0, "growth": {}}, "revenueEstimate": {"avg": 44199100000, "low": 41611000000, "high": 46000000000, "numberOfAnalysts": 10, "yearAgoRevenue": {}, "growth": {}}, "epsTrend": {"current": 0.0, "7daysAgo": 8.88, "30daysAgo": 8.88, "60daysAgo": 8.88, "90daysAgo": 8.88}, "epsRevisions": {"upLast7days": 0, "upLast30days": 0, "downLast30days": 0, "downLast90days": {}}}, {"maxAge": 1, "period": "+1y", "endDate": "2020-03-31", "growth": {}, "earningsEstimate": {"avg": 0.0, "low": 0.0, "high": 0.0, "yearAgoEps": {}, "numberOfAnalysts": 0, "growth": {}}, "revenueEstimate": {"avg": 43255600000, "low": 38314000000, "high": 47856000000, "numberOfAnalysts": 10, "yearAgoRevenue": 44199100000, "growth": -0.021}, "epsTrend": {"current": 0.0, "7daysAgo": 8.58, "30daysAgo": 8.58, "60daysAgo": 8.58, "90daysAgo": 8.58}, "epsRevisions": {"upLast7days": 0, "upLast30days": 0, "downLast30days": 0, "downLast90days": {}}}, {"maxAge": 1, "period": "+5y", "endDate": null, "growth": 0.38, "earningsEstimate": {"avg": {}, "low": {}, "high": {}, "yearAgoEps": {}, "numberOfAnalysts": {}, "growth": {}}, "revenueEstimate": {"avg": {}, "low": {}, "high": {}, "numberOfAnalysts": {}, "yearAgoRevenue": {}, "growth": {}}, "epsTrend": {"current": {}, "7daysAgo": {}, "30daysAgo": {}, "60daysAgo": {}, "90daysAgo": {}}, "epsRevisions": {"upLast7days": {}, "upLast30days": {}, "downLast30days": {}, "downLast90days": {}}}, {"maxAge": 1, "period": "-5y", "endDate": null, "growth": {}, "earningsEstimate": {"avg": {}, "low": {}, "high": {}, "yearAgoEps": {}, "numberOfAnalysts": {}, "growth": {}}, "revenueEstimate": {"avg": {}, "low": {}, "high": {}, "numberOfAnalysts": {}, "yearAgoRevenue": {}, "growth": {}}, "epsTrend": {"current": {}, "7daysAgo": {}, "30daysAgo": {}, "60daysAgo": {}, "90daysAgo": {}}, "epsRevisions": {"upLast7days": {}, "upLast30days": {}, "downLast30days": {}, "downLast90days": {}}}], "maxAge": 1}, "institutionOwnership": {"ownershipList": [], "maxAge": 1}, "majorHoldersBreakdown": {"maxAge": 1, "insidersPercentHeld": 0.81461, "institutionsPercentHeld": 0.1602, "institutionsFloatPercentHeld": 0.86410004, "institutionsCount": 18}, "balanceSheetHistoryQuarterly": {"balanceSheetStatements": [{"maxAge": 1, "endDate": "2018-06-30", "shortLongTermDebt": 1000000000, "totalStockholderEquity": 11896100000, "netTangibleAssets": 11874500000}, {"maxAge": 1, "endDate": "2018-03-31", "cash": 5320500000, "netReceivables": 20304000000, "inventory": 10262100000, "otherCurrentAssets": 1838100000, "totalCurrentAssets": 37724700000, "longTermInvestments": 100000, "propertyPlantEquipment": 6016200000, "intangibleAssets": 21600000, "otherAssets": 3925600000, "deferredLongTermAssetCharges": 1089100000, "totalAssets": 47688200000, "accountsPayable": 17091500000, "shortLongTermDebt": 1000000000, "otherCurrentLiab": 16422400000, "otherLiab": 1278200000, "totalCurrentLiabilities": 34513900000, "totalLiab": 35792100000, "commonStock": 512100000, "treasuryStock": 11384000000, "otherStockholderEquity": 11384000000, "totalStockholderEquity": 11896100000, "netTangibleAssets": 11874500000}, {"maxAge": 1, "endDate": "2017-12-31", "shortLongTermDebt": 3161000000, "totalStockholderEquity": 10845400000, "netTangibleAssets": 10845400000}, {"maxAge": 1, "endDate": "2017-09-30", "cash": 2274200000, "netReceivables": 20778000000, "inventory": 10949000000, "otherCurrentAssets": 4205100000, "totalCurrentAssets": 38206300000, "longTermInvestments": 100000, "propertyPlantEquipment": 6402600000, "otherAssets": 4048600000, "deferredLongTermAssetCharges": 1766000000, "totalAssets": 48657600000, "accountsPayable": 13887600000, "shortLongTermDebt": 3161000000, "otherCurrentLiab": 19576700000, "otherLiab": 1186900000, "totalCurrentLiabilities": 36625300000, "totalLiab": 37812200000, "commonStock": 512100000, "treasuryStock": 10333300000, "otherStockholderEquity": 10333300000, "totalStockholderEquity": 10845400000, "netTangibleAssets": 10845400000}], "maxAge": 86400}, "earningsHistory": {"history": [{"maxAge": 1, "epsActual": 2.81, "epsEstimate": 2.2, "epsDifference": 0.61, "surprisePercent": 0.277, "quarter": "2017-12-31", "period": "-4q"}, {"maxAge": 1, "epsActual": 1.1, "epsEstimate": 2.7, "epsDifference": -1.6, "surprisePercent": -0.593, "quarter": "2018-03-31", "period": "-3q"}, {"maxAge": 1, "epsActual": 3.2, "epsEstimate": 2.7, "epsDifference": 0.5, "surprisePercent": 0.185, "quarter": "2018-06-30", "period": "-2q"}, {"maxAge": 1, "epsActual": 2.02, "epsEstimate": 1.65, "epsDifference": 0.37, "surprisePercent": 0.22399999, "quarter": "2018-09-30", "period": "-1q"}], "maxAge": 86400}, "summaryProfile": {"address1": "FIEE Complex", "address2": "A-18, First Floor Okhla Industrial Area Phase II", "city": "New Delhi", "zip": "110020", "country": "India", "phone": "91 11 4161 0660", "fax": "91 11 4161 0659", "website": "http://www.ge.com/in/ge-td-india-limited", "industry": "Specialty Industrial Machinery", "sector": "Industrials", "longBusinessSummary": "GE T&D India Limited engages in building power transmission and distribution infrastructure in India and internationally. The company offers power electronics equipment, including high voltage direct current (DC), flexible alternate current transmission systems, and industrial DC substations. It also provides transformers, gas insulated substations, air insulated substations, and capacitors and reactors, as well as control panels and flexible AC transmission systems. In addition, the company offers turnkey projects and consulting; electrical balance of plant; high voltage substations; maintenance support; and asset management services. Further, it offers digital software solutions, including energy management and market management, distribution and outage management, and virtual power plant-DERMS; edge to control infrastructure, fleet level analysis, optimization analytics, and asset performance management; protection and control, substation automation, and communications; and remote monitoring and diagnostics, and geospatial and mobile solutions. The company was formerly known as Alstom T&D India Limited and changed its name to GE T&D India Limited in August 2016. The company was incorporated in 1957 and is based in New Delhi, India. GE T&D India Limited is a subsidiary of Grid Equipments Private Limited.", "fullTimeEmployees": 2637, "companyOfficers": [], "maxAge": 86400}, "netSharePurchaseActivity": {"maxAge": 1, "period": "6m", "buyInfoCount": 0, "buyInfoShares": 0, "sellInfoCount": 0, "netInfoCount": 0, "netInfoShares": 0, "netPercentInsiderShares": 0.0, "totalInsiderShares": 209530064}, "sectorTrend": {"maxAge": 1, "symbol": null, "estimates": []}, "incomeStatementHistoryQuarterly": {"incomeStatementHistory": [{"maxAge": 1, "endDate": "2018-06-30", "totalRevenue": 11624300000, "costOfRevenue": 7708100000, "grossProfit": 3916200000, "researchDevelopment": {}, "sellingGeneralAdministrative": 1025800000, "nonRecurring": {}, "otherOperatingExpenses": 1448500000, "totalOperatingExpenses": 10399200000, "operatingIncome": 1225100000, "totalOtherIncomeExpenseNet": 37300000, "ebit": 1225100000, "interestExpense": -154800000, "incomeBeforeTax": 1262400000, "incomeTaxExpense": 441900000, "minorityInterest": {}, "netIncomeFromContinuingOps": 820500000, "discontinuedOperations": {}, "extraordinaryItems": {}, "effectOfAccountingCharges": {}, "otherItems": {}, "netIncome": 820500000, "netIncomeApplicableToCommonShares": 820500000}, {"maxAge": 1, "endDate": "2018-03-31", "totalRevenue": 8139300000, "costOfRevenue": 5601000000, "grossProfit": 2538300000, "researchDevelopment": {}, "sellingGeneralAdministrative": 1010200000, "nonRecurring": {}, "otherOperatingExpenses": 1409300000, "totalOperatingExpenses": 8249000000, "operatingIncome": -109700000, "totalOtherIncomeExpenseNet": 529000000, "ebit": -109700000, "interestExpense": -141400000, "incomeBeforeTax": 419300000, "incomeTaxExpense": 141300000, "minorityInterest": {}, "netIncomeFromContinuingOps": 278000000, "discontinuedOperations": {}, "extraordinaryItems": {}, "effectOfAccountingCharges": {}, "otherItems": {}, "netIncome": 278000000, "netIncomeApplicableToCommonShares": 278000000}, {"maxAge": 1, "endDate": "2017-12-31", "totalRevenue": 14385500000, "costOfRevenue": 10648900000, "grossProfit": 3736600000, "researchDevelopment": {}, "sellingGeneralAdministrative": 1012400000, "nonRecurring": {}, "otherOperatingExpenses": 2220300000, "totalOperatingExpenses": 14099400000, "operatingIncome": 286100000, "totalOtherIncomeExpenseNet": 812900000, "ebit": 286100000, "interestExpense": -238100000, "incomeBeforeTax": 1099000000, "incomeTaxExpense": 381300000, "minorityInterest": {}, "netIncomeFromContinuingOps": 717700000, "discontinuedOperations": {}, "extraordinaryItems": {}, "effectOfAccountingCharges": {}, "otherItems": {}, "netIncome": 717700000, "netIncomeApplicableToCommonShares": 717700000}, {"maxAge": 1, "endDate": "2017-09-30", "totalRevenue": 8699500000, "costOfRevenue": 5408400000, "grossProfit": 3291100000, "researchDevelopment": {}, "sellingGeneralAdministrative": 987900000, "nonRecurring": {}, "otherOperatingExpenses": 1498400000, "totalOperatingExpenses": 8122800000, "operatingIncome": 576700000, "totalOtherIncomeExpenseNet": 118500000, "ebit": 576700000, "interestExpense": -225400000, "incomeBeforeTax": 695200000, "incomeTaxExpense": 220000000, "minorityInterest": {}, "netIncomeFromContinuingOps": 475200000, "discontinuedOperations": {}, "extraordinaryItems": {}, "effectOfAccountingCharges": {}, "otherItems": {}, "netIncome": 475200000, "netIncomeApplicableToCommonShares": 475200000}], "maxAge": 86400}, "cashflowStatementHistoryQuarterly": {"cashflowStatements": [{"maxAge": 1, "endDate": "2018-06-30", "netIncome": 820500000, "changeToLiabilities": 0}, {"maxAge": 1, "endDate": "2018-03-31", "netIncome": 278000000, "changeToLiabilities": 0}, {"maxAge": 1, "endDate": "2017-12-31", "netIncome": 717700000, "changeToLiabilities": 0}, {"maxAge": 1, "endDate": "2017-09-30", "netIncome": 475200000, "changeToLiabilities": 0}], "maxAge": 86400}, "earnings": {"maxAge": 86400, "earningsChart": {"quarterly": [{"date": "4Q2017", "actual": 2.81, "estimate": 2.2}, {"date": "1Q2018", "actual": 1.1, "estimate": 2.7}, {"date": "2Q2018", "actual": 3.2, "estimate": 2.7}, {"date": "3Q2018", "actual": 2.02, "estimate": 1.65}], "currentQuarterEstimateDate": "4Q", "currentQuarterEstimateYear": 2018, "earningsDate": []}, "financialsChart": {"yearly": [{"date": 2015, "revenue": 37107200000, "earnings": 1205700000}, {"date": 2016, "revenue": 33033600000, "earnings": 345000000}, {"date": 2017, "revenue": 40521300000, "earnings": -866600000}, {"date": 2018, "revenue": 43317100000, "earnings": 2087600000}], "quarterly": [{"date": "3Q2017", "revenue": 8699500000, "earnings": 475200000}, {"date": "4Q2017", "revenue": 14385500000, "earnings": 717700000}, {"date": "1Q2018", "revenue": 8139300000, "earnings": 278000000}, {"date": "2Q2018", "revenue": 11624300000, "earnings": 820500000}]}, "financialCurrency": "INR"}, "financialData": {"maxAge": 86400, "currentPrice": 114.85, "targetHighPrice": 434.0, "targetLowPrice": 184.0, "targetMeanPrice": 248.33, "targetMedianPrice": 241.0, "recommendationKey": "none", "numberOfAnalystOpinions": 9, "totalCash": 720600000, "totalCashPerShare": 2.802, "ebitda": -1877675008, "totalDebt": 5988100096, "totalRevenue": 30678300672, "debtToEquity": 56.949, "revenuePerShare": 120.086, "grossProfits": 13230000000, "revenueGrowth": -0.124, "grossMargins": 0.26426, "ebitdaMargins": -0.0612, "operatingMargins": -0.08641, "profitMargins": -0.10634, "financialCurrency": "INR"}}}