{"GGENG.BO": {"cashflowStatementHistory": {"cashflowStatements": [{"maxAge": 1, "endDate": "2020-03-31", "netIncome": -5728089, "depreciation": 8570727, "changeToNetincome": -4958077, "changeToAccountReceivables": 54402971, "changeToLiabilities": 16329315, "changeToInventory": -16115237, "changeToOperatingActivities": 13937613, "totalCashFromOperatingActivities": 66439223, "capitalExpenditures": -140361383, "otherCashflowsFromInvestingActivities": 40261, "totalCashflowsFromInvestingActivities": -115198622, "netBorrowings": 10077829, "otherCashflowsFromFinancingActivities": 29609389, "totalCashFromFinancingActivities": 39687218, "changeInCash": -9072182}, {"maxAge": 1, "endDate": "2019-03-31", "netIncome": 22632687, "depreciation": 1914851, "changeToNetincome": 8290980, "changeToAccountReceivables": -26388876, "changeToLiabilities": -694691, "changeToInventory": 13317009, "changeToOperatingActivities": -3415249, "totalCashFromOperatingActivities": 15656711, "capitalExpenditures": -4332855, "investments": -49050000, "otherCashflowsFromInvestingActivities": 174281, "totalCashflowsFromInvestingActivities": -53208574, "netBorrowings": 18425657, "otherCashflowsFromFinancingActivities": -14864729, "totalCashFromFinancingActivities": 47510922, "changeInCash": 9959058, "issuanceOfStock": 43949994}, {"maxAge": 1, "endDate": "2018-03-31", "netIncome": 10194269, "depreciation": 991522, "changeToNetincome": 3290913, "changeToAccountReceivables": -54245009, "changeToLiabilities": 23737334, "changeToInventory": -7686304, "changeToOperatingActivities": -3415249, "totalCashFromOperatingActivities": -23717275, "capitalExpenditures": -14253638, "investments": -49050000, "otherCashflowsFromInvestingActivities": 131871, "totalCashflowsFromInvestingActivities": -9549124, "netBorrowings": 1333700, "otherCashflowsFromFinancingActivities": 8693845, "totalCashFromFinancingActivities": 32467545, "changeInCash": -798854, "issuanceOfStock": 22440000}, {"maxAge": 1, "endDate": "2017-03-31", "netIncome": 1681000, "depreciation": 876662, "changeToNetincome": 1627166, "changeToAccountReceivables": -11307489, "changeToLiabilities": 11771795, "changeToInventory": -6734527, "changeToOperatingActivities": -3415249, "totalCashFromOperatingActivities": -2085393, "capitalExpenditures": -14253638, "investments": -49050000, "otherCashflowsFromInvestingActivities": 131871, "totalCashflowsFromInvestingActivities": 4206284, "netBorrowings": -126667, "otherCashflowsFromFinancingActivities": -2715083, "totalCashFromFinancingActivities": -2841750, "changeInCash": -720860, "issuanceOfStock": 22440000}], "maxAge": 86400}, "institutionOwnership": {"ownershipList": [], "maxAge": 1}, "balanceSheetHistoryQuarterly": {"balanceSheetStatements": [{"maxAge": 1, "endDate": "2020-03-31", "cash": 3336412, "netReceivables": 66272491, "inventory": 35568227, "otherCurrentAssets": 30081537, "totalCurrentAssets": 135258667, "longTermInvestments": 4071880, "propertyPlantEquipment": 167757070, "goodWill": 23214722, "otherAssets": 6206561, "totalAssets": 336508900, "accountsPayable": 57461862, "shortLongTermDebt": 2753039, "otherCurrentLiab": 24601130, "longTermDebt": 8573368, "otherLiab": 1776153, "minorityInterest": 25407898, "totalCurrentLiabilities": 155602226, "totalLiab": 165951747, "commonStock": 103100450, "retainedEarnings": 26436303, "treasuryStock": 12502, "capitalSurplus": 15600000, "otherStockholderEquity": 12502, "totalStockholderEquity": 145149255, "netTangibleAssets": 121934533}, {"maxAge": 1, "endDate": "2019-12-31", "cash": 3336412, "netReceivables": 66272491, "inventory": 35568227, "otherCurrentAssets": 30081537, "totalCurrentAssets": 135258667, "longTermInvestments": 4071880, "propertyPlantEquipment": 167757070, "goodWill": 23214722, "otherAssets": 6206561, "totalAssets": 336508900, "accountsPayable": 57461862, "shortLongTermDebt": 2753039, "otherCurrentLiab": 24601130, "longTermDebt": 8573368, "otherLiab": 1776153, "minorityInterest": 25407898, "totalCurrentLiabilities": 155602226, "totalLiab": 165951747, "commonStock": 103100450, "retainedEarnings": 26436303, "treasuryStock": 12502, "capitalSurplus": 15600000, "otherStockholderEquity": 12502, "totalStockholderEquity": 145149255, "netTangibleAssets": 121934533}, {"maxAge": 1, "endDate": "2019-09-30", "cash": 2402000, "shortTermInvestments": 90333000, "netReceivables": 48934000, "inventory": 17873000, "otherCurrentAssets": 20159000, "totalCurrentAssets": 179701000, "longTermInvestments": 4072000, "propertyPlantEquipment": 115764000, "goodWill": 21775000, "otherAssets": 67855000, "totalAssets": 389167000, "accountsPayable": 51101000, "otherCurrentLiab": 14487000, "longTermDebt": 47566000, "otherLiab": 3291000, "minorityInterest": 28649000, "totalCurrentLiabilities": 164636000, "totalLiab": 215493000, "commonStock": 103101000, "treasuryStock": 41924000, "otherStockholderEquity": 41924000, "totalStockholderEquity": 145025000, "netTangibleAssets": 123250000}, {"maxAge": 1, "endDate": "2019-06-30", "cash": 2402000, "shortTermInvestments": 90333000, "netReceivables": 48934000, "inventory": 17873000, "otherCurrentAssets": 20159000, "totalCurrentAssets": 179701000, "longTermInvestments": 4072000, "propertyPlantEquipment": 115764000, "goodWill": 21775000, "otherAssets": 67855000, "totalAssets": 389167000, "accountsPayable": 51101000, "otherCurrentLiab": 14487000, "longTermDebt": 47566000, "otherLiab": 3291000, "minorityInterest": 28649000, "totalCurrentLiabilities": 164636000, "totalLiab": 215493000, "commonStock": 103101000, "treasuryStock": 41924000, "otherStockholderEquity": 41924000, "totalStockholderEquity": 145025000, "netTangibleAssets": 123250000}], "maxAge": 86400}, "indexTrend": {"maxAge": 1, "symbol": "SP5", "peRatio": 19.7411, "pegRatio": 1.34172, "estimates": [{"period": "0q", "growth": 0.549}, {"period": "+1q", "growth": 0.431}, {"period": "0y", "growth": 0.305}, {"period": "+1y", "growth": 0.109}, {"period": "+5y", "growth": 0.120859005}, {"period": "-5y"}]}, "quoteType": {"exchange": "BSE", "quoteType": "EQUITY", "symbol": "GGENG.BO", "underlyingSymbol": "GGENG.BO", "shortName": "G G Engineering Limited", "longName": "G G Engineering Limited", "firstTradeDateEpochUtc": "2017-07-17 09:15:00", "timeZoneFullName": "Asia/Kolkata", "timeZoneShortName": "IST", "uuid": "1976c2fc-9ddb-3204-9779-0e04317061d5", "gmtOffSetMilliseconds": 19800000, "maxAge": 1}, "incomeStatementHistory": {"incomeStatementHistory": [{"maxAge": 1, "endDate": "2020-03-31", "totalRevenue": 201719014, "costOfRevenue": 162272506, "grossProfit": 39446508, "researchDevelopment": {}, "sellingGeneralAdministrative": 13912985, "nonRecurring": {}, "otherOperatingExpenses": 15814759, "totalOperatingExpenses": 200570977, "operatingIncome": 1148037, "totalOtherIncomeExpenseNet": -7499522, "ebit": 1148037, "interestExpense": -7569763, "incomeBeforeTax": -6351485, "incomeTaxExpense": -623396, "minorityInterest": 25407898, "netIncomeFromContinuingOps": -5728089, "discontinuedOperations": {}, "extraordinaryItems": {}, "effectOfAccountingCharges": {}, "otherItems": {}, "netIncome": -5728089, "netIncomeApplicableToCommonShares": -5728089}, {"maxAge": 1, "endDate": "2019-03-31", "totalRevenue": 820541465, "costOfRevenue": 769823579, "grossProfit": 50717886, "researchDevelopment": {}, "sellingGeneralAdministrative": 5872633, "nonRecurring": {}, "otherOperatingExpenses": 7349768, "totalOperatingExpenses": 784960831, "operatingIncome": 35580634, "totalOtherIncomeExpenseNet": -2743843, "ebit": 35580634, "interestExpense": -3398079, "incomeBeforeTax": 32836791, "incomeTaxExpense": 10204104, "minorityInterest": 25407898, "netIncomeFromContinuingOps": 22632687, "discontinuedOperations": {}, "extraordinaryItems": {}, "effectOfAccountingCharges": {}, "otherItems": {}, "netIncome": 22632687, "netIncomeApplicableToCommonShares": 22632687}, {"maxAge": 1, "endDate": "2018-03-31", "totalRevenue": 222162274, "costOfRevenue": 188780143, "grossProfit": 33382131, "researchDevelopment": {}, "sellingGeneralAdministrative": 6731576, "nonRecurring": {}, "otherOperatingExpenses": 10712683, "totalOperatingExpenses": 207215924, "operatingIncome": 14946350, "totalOtherIncomeExpenseNet": -564867, "ebit": 14946350, "interestExpense": -1972663, "incomeBeforeTax": 14381483, "incomeTaxExpense": 4187214, "minorityInterest": 25407898, "netIncomeFromContinuingOps": 10194269, "discontinuedOperations": {}, "extraordinaryItems": {}, "effectOfAccountingCharges": {}, "otherItems": {}, "netIncome": 10194269, "netIncomeApplicableToCommonShares": 10194269}, {"maxAge": 1, "endDate": "2017-03-31", "totalRevenue": 72556039, "costOfRevenue": 56906722, "grossProfit": 15649317, "researchDevelopment": {}, "sellingGeneralAdministrative": 6060710, "nonRecurring": {}, "otherOperatingExpenses": 6694761, "totalOperatingExpenses": 70538855, "operatingIncome": 2017184, "totalOtherIncomeExpenseNet": -276184, "ebit": 2017184, "interestExpense": -2365000, "incomeBeforeTax": 1741000, "incomeTaxExpense": 60000, "minorityInterest": 25407898, "netIncomeFromContinuingOps": 1681000, "discontinuedOperations": {}, "extraordinaryItems": {}, "effectOfAccountingCharges": {}, "otherItems": {}, "netIncome": 1681000, "netIncomeApplicableToCommonShares": 1681000}], "maxAge": 86400}, "fundOwnership": {"ownershipList": [], "maxAge": 1}, "summaryDetail": {"maxAge": 1, "priceHint": 2, "previousClose": 105.15, "open": 105.0, "dayLow": 103.6, "dayHigh": 106.45, "regularMarketPreviousClose": 105.15, "regularMarketOpen": 105.0, "regularMarketDayLow": 103.6, "regularMarketDayHigh": 106.45, "volume": 16146, "regularMarketVolume": 16146, "averageVolume": 99202, "averageVolume10days": 96432, "averageDailyVolume10Day": 96432, "bid": 103.0, "ask": 104.35, "bidSize": 0, "askSize": 0, "marketCap": 645202944, "fiftyTwoWeekLow": 17.8, "fiftyTwoWeekHigh": 123.0, "fiftyDayAverage": 110.34849, "twoHundredDayAverage": 80.629776, "currency": "INR", "fromCurrency": null, "lastMarket": null, "algorithm": null, "tradeable": false}, "incomeStatementHistoryQuarterly": {"incomeStatementHistory": [{"maxAge": 1, "endDate": "2020-03-31", "totalRevenue": 72447007, "costOfRevenue": 58730253, "grossProfit": 13716754, "researchDevelopment": {}, "sellingGeneralAdministrative": 5257493, "nonRecurring": {}, "otherOperatingExpenses": 5779880, "totalOperatingExpenses": 73457489, "operatingIncome": -1010481, "totalOtherIncomeExpenseNet": -2722761, "ebit": -1010481, "interestExpense": -2600382, "incomeBeforeTax": -3733243, "incomeTaxExpense": -311698, "minorityInterest": 25407898, "netIncomeFromContinuingOps": -3421545, "discontinuedOperations": {}, "extraordinaryItems": {}, "effectOfAccountingCharges": {}, "otherItems": {}, "netIncome": -3421545, "netIncomeApplicableToCommonShares": -3421545}, {"maxAge": 1, "endDate": "2019-12-31", "totalRevenue": 72447007, "costOfRevenue": 58730253, "grossProfit": 13716754, "researchDevelopment": {}, "sellingGeneralAdministrative": 5257493, "nonRecurring": {}, "otherOperatingExpenses": 5779880, "totalOperatingExpenses": 73457489, "operatingIncome": -1010481, "totalOtherIncomeExpenseNet": -2722761, "ebit": -1010481, "interestExpense": -2600382, "incomeBeforeTax": -3733243, "incomeTaxExpense": -311698, "minorityInterest": 25407898, "netIncomeFromContinuingOps": -3421545, "discontinuedOperations": {}, "extraordinaryItems": {}, "effectOfAccountingCharges": {}, "otherItems": {}, "netIncome": -3421545, "netIncomeApplicableToCommonShares": -3421545}, {"maxAge": 1, "endDate": "2019-09-30", "totalRevenue": 28412500, "costOfRevenue": 22406000, "grossProfit": 6006500, "researchDevelopment": {}, "sellingGeneralAdministrative": 1699000, "nonRecurring": {}, "otherOperatingExpenses": 2127500, "totalOperatingExpenses": 26828000, "operatingIncome": 1584500, "totalOtherIncomeExpenseNet": -1027000, "ebit": 1584500, "interestExpense": -1184500, "incomeBeforeTax": 557500, "incomeTaxExpense": 0, "minorityInterest": 28649000, "netIncomeFromContinuingOps": 557500, "discontinuedOperations": {}, "extraordinaryItems": {}, "effectOfAccountingCharges": {}, "otherItems": {}, "netIncome": 557500, "netIncomeApplicableToCommonShares": 557500}, {"maxAge": 1, "endDate": "2019-06-30", "totalRevenue": 28412500, "costOfRevenue": 22406000, "grossProfit": 6006500, "researchDevelopment": {}, "sellingGeneralAdministrative": 1699000, "nonRecurring": {}, "otherOperatingExpenses": 2127500, "totalOperatingExpenses": 26828000, "operatingIncome": 1584500, "totalOtherIncomeExpenseNet": -1027000, "ebit": 1584500, "interestExpense": -1184500, "incomeBeforeTax": 557500, "incomeTaxExpense": 0, "minorityInterest": 28649000, "netIncomeFromContinuingOps": 557500, "discontinuedOperations": {}, "extraordinaryItems": {}, "effectOfAccountingCharges": {}, "otherItems": {}, "netIncome": 557500, "netIncomeApplicableToCommonShares": 557500}], "maxAge": 86400}, "cashflowStatementHistoryQuarterly": {"cashflowStatements": [{"maxAge": 1, "endDate": "2020-03-31", "netIncome": -3421545, "depreciation": 3689864, "changeToNetincome": -2821039, "changeToAccountReceivables": 4490986, "changeToLiabilities": 3738658, "changeToInventory": -8960119, "changeToOperatingActivities": 3096307, "totalCashFromOperatingActivities": -186888, "capitalExpenditures": -24203192, "investments": 1700000, "otherCashflowsFromInvestingActivities": -144369, "totalCashflowsFromInvestingActivities": -10086311, "netBorrowings": 750915, "otherCashflowsFromFinancingActivities": 9989195, "totalCashFromFinancingActivities": 10740109, "changeInCash": 466909}, {"maxAge": 1, "endDate": "2019-12-31", "netIncome": -3421545, "depreciation": 3689864, "changeToNetincome": -2821039, "changeToAccountReceivables": 4490986, "changeToLiabilities": 3738658, "changeToInventory": -8960119, "changeToOperatingActivities": 3096307, "totalCashFromOperatingActivities": -186888, "capitalExpenditures": -24203192, "investments": 1700000, "otherCashflowsFromInvestingActivities": -144369, "totalCashflowsFromInvestingActivities": -10086311, "netBorrowings": 750915, "otherCashflowsFromFinancingActivities": 9989195, "totalCashFromFinancingActivities": 10740109, "changeInCash": 466909}, {"maxAge": 1, "endDate": "2019-09-30", "netIncome": 557500, "depreciation": 595500, "changeToNetincome": 342000, "changeToAccountReceivables": 22710500, "changeToLiabilities": 4426000, "changeToInventory": 902500, "changeToOperatingActivities": 3872500, "totalCashFromOperatingActivities": 33406500, "capitalExpenditures": -45977500, "investments": -1700000, "otherCashflowsFromInvestingActivities": 164500, "totalCashflowsFromInvestingActivities": -47513000, "netBorrowings": 4288000, "otherCashflowsFromFinancingActivities": 4815500, "totalCashFromFinancingActivities": 9103500, "changeInCash": -5003000}, {"maxAge": 1, "endDate": "2019-06-30", "netIncome": 557500, "depreciation": 595500, "changeToNetincome": 342000, "changeToAccountReceivables": 22710500, "changeToLiabilities": 4426000, "changeToInventory": 902500, "changeToOperatingActivities": 3872500, "totalCashFromOperatingActivities": 33406500, "capitalExpenditures": -45977500, "investments": -1700000, "otherCashflowsFromInvestingActivities": 164500, "totalCashflowsFromInvestingActivities": -47513000, "netBorrowings": 4288000, "otherCashflowsFromFinancingActivities": 4815500, "totalCashFromFinancingActivities": 9103500, "changeInCash": -5003000}], "maxAge": 86400}, "insiderHolders": {"holders": [], "maxAge": 1}, "calendarEvents": {"maxAge": 1, "earnings": {"earningsDate": ["2020-07-29 05:30:S"]}}, "upgradeDowngradeHistory": {"history": [], "maxAge": 86400}, "price": {"maxAge": 1, "regularMarketChangePercent": -0.008083675, "regularMarketChange": -0.8499985, "regularMarketTime": "2021-04-30 15:29:07", "priceHint": 2, "regularMarketPrice": 104.3, "regularMarketDayHigh": 106.45, "regularMarketDayLow": 103.6, "regularMarketVolume": 16146, "averageDailyVolume10Day": 96432, "averageDailyVolume3Month": 99202, "regularMarketPreviousClose": 105.15, "regularMarketSource": "FREE_REALTIME", "regularMarketOpen": 105.0, "exchange": "BSE", "exchangeName": "BSE", "exchangeDataDelayedBy": 0, "marketState": "CLOSED", "quoteType": "EQUITY", "symbol": "GGENG.BO", "underlyingSymbol": null, "shortName": "G G Engineering Limited", "longName": "G G Engineering Limited", "currency": "INR", "quoteSourceName": "Delayed Quote", "currencySymbol": "\u20b9", "fromCurrency": null, "lastMarket": null, "marketCap": 645202944}, "balanceSheetHistory": {"balanceSheetStatements": [{"maxAge": 1, "endDate": "2020-03-31", "cash": 3336412, "netReceivables": 66272491, "inventory": 35568227, "otherCurrentAssets": 30081537, "totalCurrentAssets": 135258667, "longTermInvestments": 4071880, "propertyPlantEquipment": 167757070, "goodWill": 23214722, "otherAssets": 6206561, "totalAssets": 336508900, "accountsPayable": 57461862, "shortLongTermDebt": 2753039, "otherCurrentLiab": 24601130, "longTermDebt": 8573368, "otherLiab": 1776153, "minorityInterest": 25407898, "totalCurrentLiabilities": 155602226, "totalLiab": 165951747, "commonStock": 103100450, "retainedEarnings": 26436303, "treasuryStock": 12502, "capitalSurplus": 15600000, "otherStockholderEquity": 12502, "totalStockholderEquity": 145149255, "netTangibleAssets": 121934533}, {"maxAge": 1, "endDate": "2019-03-31", "cash": 11470010, "netReceivables": 102259520, "inventory": 19452989, "otherCurrentAssets": 7376177, "totalCurrentAssets": 140558696, "longTermInvestments": 49525000, "propertyPlantEquipment": 33304871, "otherAssets": 1334226, "totalAssets": 224722793, "accountsPayable": 38606207, "shortLongTermDebt": 2394501, "otherCurrentLiab": 7115709, "longTermDebt": 9046341, "otherLiab": 3291318, "totalCurrentLiabilities": 80529301, "totalLiab": 92866960, "commonStock": 61860270, "retainedEarnings": 34850337, "treasuryStock": 12502, "capitalSurplus": 35132724, "otherStockholderEquity": 12502, "totalStockholderEquity": 131855833, "netTangibleAssets": 131855833}, {"maxAge": 1, "endDate": "2018-03-31", "cash": 1510952, "netReceivables": 68272408, "inventory": 32769998, "otherCurrentAssets": 4596926, "totalCurrentAssets": 107150284, "longTermInvestments": 2975000, "propertyPlantEquipment": 30886734, "otherAssets": 1675784, "totalAssets": 142687802, "accountsPayable": 39300898, "shortLongTermDebt": 86459, "otherCurrentLiab": 5113766, "longTermDebt": 354664, "otherLiab": 1187213, "totalCurrentLiabilities": 64527775, "totalLiab": 66069652, "commonStock": 41883000, "retainedEarnings": 12217650, "treasuryStock": 11357500, "capitalSurplus": 11160000, "otherStockholderEquity": 11357500, "totalStockholderEquity": 76618150, "netTangibleAssets": 76618150}, {"maxAge": 1, "endDate": "2017-03-31", "cash": 660669, "netReceivables": 15861386, "inventory": 25083694, "otherCurrentAssets": 2762939, "totalCurrentAssets": 44368688, "longTermInvestments": 525000, "propertyPlantEquipment": 19707722, "otherAssets": 4698426, "totalAssets": 69299836, "accountsPayable": 13418722, "otherCurrentLiab": 6372937, "longTermDebt": 3492614, "otherLiab": 1, "totalCurrentLiabilities": 33180840, "totalLiab": 36673455, "commonStock": 30603000, "retainedEarnings": 2023381, "totalStockholderEquity": 32626381, "netTangibleAssets": 32626381}], "maxAge": 86400}, "financialData": {"maxAge": 86400, "currentPrice": 104.3, "recommendationKey": "none", "grossProfits": 39446508, "financialCurrency": "INR"}}}