{"GGL.BO": {"cashflowStatementHistory": {"cashflowStatements": [{"maxAge": 1, "endDate": "2020-03-31", "netIncome": 5735959, "depreciation": 1016067, "changeToNetincome": 1015686, "changeToAccountReceivables": 88929710, "changeToLiabilities": -13761566, "changeToInventory": 18362256, "changeToOperatingActivities": 27015019, "totalCashFromOperatingActivities": 128638319, "capitalExpenditures": -49218, "totalCashflowsFromInvestingActivities": -49218, "netBorrowings": -1467608, "otherCashflowsFromFinancingActivities": -41303, "totalCashFromFinancingActivities": -1508911, "changeInCash": 127080190}, {"maxAge": 1, "endDate": "2019-03-31", "netIncome": 1773473, "depreciation": 556460, "changeToNetincome": -39787, "changeToAccountReceivables": -8198384, "changeToLiabilities": 13074081, "changeToInventory": 19064233, "changeToOperatingActivities": -24949961, "totalCashFromOperatingActivities": 1605303, "capitalExpenditures": -49218, "totalCashflowsFromInvestingActivities": -49218, "netBorrowings": 337656, "otherCashflowsFromFinancingActivities": -38925, "totalCashFromFinancingActivities": 298731, "changeInCash": 1854816}, {"maxAge": 1, "endDate": "2018-03-31", "netIncome": 797521, "depreciation": 549214, "changeToNetincome": 415324, "changeToAccountReceivables": -80731334, "changeToLiabilities": -53735451, "changeToInventory": 16996451, "changeToOperatingActivities": -4639189, "totalCashFromOperatingActivities": -120018576, "capitalExpenditures": -2550823, "totalCashflowsFromInvestingActivities": -2550823, "netBorrowings": 1072955, "otherCashflowsFromFinancingActivities": -1107333, "totalCashFromFinancingActivities": 125565572, "changeInCash": 2996173, "issuanceOfStock": 125599950}, {"maxAge": 1, "endDate": "2017-03-31", "netIncome": 5782, "depreciation": 549214, "changeToNetincome": -7000, "changeToAccountReceivables": -80731334, "changeToLiabilities": 54423000, "changeToInventory": -54423000, "changeToOperatingActivities": 5647000, "totalCashFromOperatingActivities": 5646000, "capitalExpenditures": -5579000, "totalCashflowsFromInvestingActivities": -5579000, "netBorrowings": 1072955, "otherCashflowsFromFinancingActivities": -1107333, "totalCashFromFinancingActivities": 125565572, "changeInCash": 67000, "issuanceOfStock": 125599950}], "maxAge": 86400}, "institutionOwnership": {"ownershipList": [], "maxAge": 1}, "balanceSheetHistoryQuarterly": {"balanceSheetStatements": [{"maxAge": 1, "endDate": "2020-03-31", "cash": 6981276, "shortTermInvestments": 50000, "netReceivables": 54368723, "inventory": 85347647, "otherCurrentAssets": 1046250, "totalCurrentAssets": 147793896, "propertyPlantEquipment": 5094711, "otherAssets": 2, "totalAssets": 152888609, "accountsPayable": 7946343, "shortLongTermDebt": 3653192, "otherCurrentLiab": 1607398, "otherLiab": 518881, "totalCurrentLiabilities": 16768556, "totalLiab": 17287437, "commonStock": 54911080, "retainedEarnings": 8312637, "treasuryStock": 1588585, "capitalSurplus": 70788870, "otherStockholderEquity": 1588585, "totalStockholderEquity": 135601172, "netTangibleAssets": 135601172}, {"maxAge": 1, "endDate": "2019-12-31", "cash": 6981276, "shortTermInvestments": 50000, "netReceivables": 54368723, "inventory": 85347647, "otherCurrentAssets": 1046250, "totalCurrentAssets": 147793896, "propertyPlantEquipment": 5094711, "otherAssets": 2, "totalAssets": 152888609, "accountsPayable": 7946343, "shortLongTermDebt": 3653192, "otherCurrentLiab": 1607398, "otherLiab": 518881, "totalCurrentLiabilities": 16768556, "totalLiab": 17287437, "commonStock": 54911080, "retainedEarnings": 8312637, "treasuryStock": 1588585, "capitalSurplus": 70788870, "otherStockholderEquity": 1588585, "totalStockholderEquity": 135601172, "netTangibleAssets": 135601172}, {"maxAge": 1, "endDate": "2019-09-30", "cash": 5475000, "netReceivables": 72414000, "inventory": 221650000, "otherCurrentAssets": 3207000, "totalCurrentAssets": 302746000, "propertyPlantEquipment": 6111000, "totalAssets": 308857000, "accountsPayable": 175666000, "otherCurrentLiab": 754000, "otherLiab": 259000, "totalCurrentLiabilities": 176420000, "totalLiab": 176679000, "commonStock": 54911000, "treasuryStock": 77267000, "otherStockholderEquity": 77267000, "totalStockholderEquity": 132178000, "netTangibleAssets": 132178000}, {"maxAge": 1, "endDate": "2019-06-30", "cash": 5475000, "netReceivables": 72414000, "inventory": 221650000, "otherCurrentAssets": 3207000, "totalCurrentAssets": 302746000, "propertyPlantEquipment": 6111000, "totalAssets": 308857000, "accountsPayable": 175666000, "otherCurrentLiab": 754000, "otherLiab": 259000, "totalCurrentLiabilities": 176420000, "totalLiab": 176679000, "commonStock": 54911000, "treasuryStock": 77267000, "otherStockholderEquity": 77267000, "totalStockholderEquity": 132178000, "netTangibleAssets": 132178000}], "maxAge": 86400}, "indexTrend": {"maxAge": 1, "symbol": "SP5", "peRatio": 19.7411, "pegRatio": 1.34172, "estimates": [{"period": "0q", "growth": 0.549}, {"period": "+1q", "growth": 0.431}, {"period": "0y", "growth": 0.305}, {"period": "+1y", "growth": 0.109}, {"period": "+5y", "growth": 0.120859005}, {"period": "-5y"}]}, "quoteType": {"exchange": "BSE", "quoteType": "EQUITY", "symbol": "GGL.BO", "underlyingSymbol": "GGL.BO", "shortName": "Gautam Gems Limited", "longName": "Gautam Gems Limited", "firstTradeDateEpochUtc": "2018-02-07 09:15:00", "timeZoneFullName": "Asia/Kolkata", "timeZoneShortName": "IST", "uuid": "310c8efd-4eae-3d7d-868a-3627c5e36d71", "gmtOffSetMilliseconds": 19800000, "maxAge": 1}, "incomeStatementHistory": {"incomeStatementHistory": [{"maxAge": 1, "endDate": "2020-03-31", "totalRevenue": 3287810796, "costOfRevenue": 3273012501, "grossProfit": 14798295, "researchDevelopment": {}, "sellingGeneralAdministrative": 3646700, "nonRecurring": {}, "otherOperatingExpenses": 2527246, "totalOperatingExpenses": 3280202514, "operatingIncome": 7608282, "totalOtherIncomeExpenseNet": -26115, "ebit": 7608282, "interestExpense": {}, "incomeBeforeTax": 7582167, "incomeTaxExpense": 1846208, "minorityInterest": {}, "netIncomeFromContinuingOps": 5735959, "discontinuedOperations": {}, "extraordinaryItems": {}, "effectOfAccountingCharges": {}, "otherItems": {}, "netIncome": 5735959, "netIncomeApplicableToCommonShares": 5735959}, {"maxAge": 1, "endDate": "2019-03-31", "totalRevenue": 437282468, "costOfRevenue": 429431097, "grossProfit": 7851371, "researchDevelopment": {}, "sellingGeneralAdministrative": 3309241, "nonRecurring": {}, "otherOperatingExpenses": 1482114, "totalOperatingExpenses": 434778912, "operatingIncome": 2503556, "totalOtherIncomeExpenseNet": -23735, "ebit": 2503556, "interestExpense": {}, "incomeBeforeTax": 2479821, "incomeTaxExpense": 706348, "minorityInterest": {}, "netIncomeFromContinuingOps": 1773473, "discontinuedOperations": {}, "extraordinaryItems": {}, "effectOfAccountingCharges": {}, "otherItems": {}, "netIncome": 1773473, "netIncomeApplicableToCommonShares": 1773473}, {"maxAge": 1, "endDate": "2018-03-31", "totalRevenue": 286648645, "costOfRevenue": 280952082, "grossProfit": 5696563, "researchDevelopment": {}, "sellingGeneralAdministrative": 2760427, "nonRecurring": {}, "otherOperatingExpenses": 1172287, "totalOperatingExpenses": 285434010, "operatingIncome": 1214635, "totalOtherIncomeExpenseNet": -6443, "ebit": 1214635, "interestExpense": {}, "incomeBeforeTax": 1208192, "incomeTaxExpense": 410671, "minorityInterest": {}, "netIncomeFromContinuingOps": 797521, "discontinuedOperations": {}, "extraordinaryItems": {}, "effectOfAccountingCharges": {}, "otherItems": {}, "netIncome": 797521, "netIncomeApplicableToCommonShares": 797521}, {"maxAge": 1, "endDate": "2017-03-31", "totalRevenue": 435315, "costOfRevenue": 386475, "grossProfit": 48840, "researchDevelopment": {}, "sellingGeneralAdministrative": 40025, "nonRecurring": {}, "otherOperatingExpenses": 1172287, "totalOperatingExpenses": 426500, "operatingIncome": 8815, "totalOtherIncomeExpenseNet": -1033, "ebit": 8815, "interestExpense": {}, "incomeBeforeTax": 7782, "incomeTaxExpense": 2000, "minorityInterest": {}, "netIncomeFromContinuingOps": 5782, "discontinuedOperations": {}, "extraordinaryItems": {}, "effectOfAccountingCharges": {}, "otherItems": {}, "netIncome": 5782, "netIncomeApplicableToCommonShares": 5782}], "maxAge": 86400}, "fundOwnership": {"ownershipList": [], "maxAge": 1}, "summaryDetail": {"maxAge": 1, "priceHint": 2, "previousClose": 20.8, "open": 20.4, "dayLow": 20.4, "dayHigh": 20.4, "regularMarketPreviousClose": 20.8, "regularMarketOpen": 20.4, "regularMarketDayLow": 20.4, "regularMarketDayHigh": 20.4, "trailingPE": 35.978836, "volume": 997, "regularMarketVolume": 997, "averageVolume": 34065, "averageVolume10days": 5159, "averageDailyVolume10Day": 5159, "bid": 0.0, "ask": 20.4, "bidSize": 0, "askSize": 0, "marketCap": 112018640, "fiftyTwoWeekLow": 20.4, "fiftyTwoWeekHigh": 61.6364, "fiftyDayAverage": 32.383335, "twoHundredDayAverage": 31.54048, "currency": "INR", "fromCurrency": null, "lastMarket": null, "algorithm": null, "tradeable": false}, "incomeStatementHistoryQuarterly": {"incomeStatementHistory": [{"maxAge": 1, "endDate": "2020-03-31", "totalRevenue": 1180902898, "costOfRevenue": 1176306751, "grossProfit": 4596148, "researchDevelopment": {}, "sellingGeneralAdministrative": 1253350, "nonRecurring": {}, "otherOperatingExpenses": 652623, "totalOperatingExpenses": 1178581757, "operatingIncome": 2321141, "totalOtherIncomeExpenseNet": -11558, "ebit": 2321141, "interestExpense": {}, "incomeBeforeTax": 2309584, "incomeTaxExpense": 552604, "minorityInterest": {}, "netIncomeFromContinuingOps": 1756980, "discontinuedOperations": {}, "extraordinaryItems": {}, "effectOfAccountingCharges": {}, "otherItems": {}, "netIncome": 1756980, "netIncomeApplicableToCommonShares": 1756980}, {"maxAge": 1, "endDate": "2019-12-31", "totalRevenue": 1180902898, "costOfRevenue": 1176306751, "grossProfit": 4596148, "researchDevelopment": {}, "sellingGeneralAdministrative": 1253350, "nonRecurring": {}, "otherOperatingExpenses": 652623, "totalOperatingExpenses": 1178581757, "operatingIncome": 2321141, "totalOtherIncomeExpenseNet": -11558, "ebit": 2321141, "interestExpense": {}, "incomeBeforeTax": 2309584, "incomeTaxExpense": 552604, "minorityInterest": {}, "netIncomeFromContinuingOps": 1756980, "discontinuedOperations": {}, "extraordinaryItems": {}, "effectOfAccountingCharges": {}, "otherItems": {}, "netIncome": 1756980, "netIncomeApplicableToCommonShares": 1756980}, {"maxAge": 1, "endDate": "2019-09-30", "totalRevenue": 463002500, "costOfRevenue": 460199500, "grossProfit": 2803000, "researchDevelopment": {}, "sellingGeneralAdministrative": 570000, "nonRecurring": {}, "otherOperatingExpenses": 611000, "totalOperatingExpenses": 461519500, "operatingIncome": 1483000, "totalOtherIncomeExpenseNet": -1500, "ebit": 1483000, "interestExpense": -1500, "incomeBeforeTax": 1481500, "incomeTaxExpense": 370500, "minorityInterest": {}, "netIncomeFromContinuingOps": 1111000, "discontinuedOperations": {}, "extraordinaryItems": {}, "effectOfAccountingCharges": {}, "otherItems": {}, "netIncome": 1111000, "netIncomeApplicableToCommonShares": 1111000}, {"maxAge": 1, "endDate": "2019-06-30", "totalRevenue": 463002500, "costOfRevenue": 460199500, "grossProfit": 2803000, "researchDevelopment": {}, "sellingGeneralAdministrative": 570000, "nonRecurring": {}, "otherOperatingExpenses": 611000, "totalOperatingExpenses": 461519500, "operatingIncome": 1483000, "totalOtherIncomeExpenseNet": -1500, "ebit": 1483000, "interestExpense": -1500, "incomeBeforeTax": 1481500, "incomeTaxExpense": 370500, "minorityInterest": {}, "netIncomeFromContinuingOps": 1111000, "discontinuedOperations": {}, "extraordinaryItems": {}, "effectOfAccountingCharges": {}, "otherItems": {}, "netIncome": 1111000, "netIncomeApplicableToCommonShares": 1111000}], "maxAge": 86400}, "cashflowStatementHistoryQuarterly": {"cashflowStatements": [{"maxAge": 1, "endDate": "2020-03-31", "netIncome": 1756980, "depreciation": 369034, "changeToNetincome": 506343, "changeToAccountReceivables": 12649855, "changeToLiabilities": -87832783, "changeToInventory": 110825128, "changeToOperatingActivities": 25822010, "totalCashFromOperatingActivities": 64096660, "capitalExpenditures": -24609, "totalCashflowsFromInvestingActivities": -24609, "netBorrowings": -733804, "otherCashflowsFromFinancingActivities": -22152, "totalCashFromFinancingActivities": -755956, "changeInCash": 63316095}, {"maxAge": 1, "endDate": "2019-12-31", "netIncome": 1756980, "depreciation": 369034, "changeToNetincome": 506343, "changeToAccountReceivables": 12649855, "changeToLiabilities": -87832783, "changeToInventory": 110825128, "changeToOperatingActivities": 25822010, "totalCashFromOperatingActivities": 64096660, "capitalExpenditures": -24609, "totalCashflowsFromInvestingActivities": -24609, "netBorrowings": -733804, "otherCashflowsFromFinancingActivities": -22152, "totalCashFromFinancingActivities": -755956, "changeInCash": 63316095}, {"maxAge": 1, "endDate": "2019-09-30", "netIncome": 1111000, "depreciation": 139000, "changeToNetincome": 1500, "changeToAccountReceivables": 31815000, "changeToLiabilities": 80952000, "changeToInventory": -101644000, "changeToOperatingActivities": -12314500, "totalCashFromOperatingActivities": 222500, "capitalExpenditures": -24609, "totalCashflowsFromInvestingActivities": -24609, "netBorrowings": -733804, "otherCashflowsFromFinancingActivities": 1500, "totalCashFromFinancingActivities": 1500, "changeInCash": 224000}, {"maxAge": 1, "endDate": "2019-06-30", "netIncome": 1111000, "depreciation": 139000, "changeToNetincome": 1500, "changeToAccountReceivables": 31815000, "changeToLiabilities": 80952000, "changeToInventory": -101644000, "changeToOperatingActivities": -12314500, "totalCashFromOperatingActivities": 222500, "capitalExpenditures": -24609, "totalCashflowsFromInvestingActivities": -24609, "netBorrowings": -733804, "otherCashflowsFromFinancingActivities": 1500, "totalCashFromFinancingActivities": 1500, "changeInCash": 224000}], "maxAge": 86400}, "insiderHolders": {"holders": [], "maxAge": 1}, "calendarEvents": {"maxAge": 1, "earnings": {"earningsDate": ["2020-07-27 05:30:S"]}}, "upgradeDowngradeHistory": {"history": [], "maxAge": 86400}, "price": {"maxAge": 1, "regularMarketChangePercent": -0.019230751, "regularMarketChange": -0.39999962, "regularMarketTime": "2021-04-30 15:17:26", "priceHint": 2, "regularMarketPrice": 20.4, "regularMarketDayHigh": 20.4, "regularMarketDayLow": 20.4, "regularMarketVolume": 997, "averageDailyVolume10Day": 5159, "averageDailyVolume3Month": 34065, "regularMarketPreviousClose": 20.8, "regularMarketSource": "FREE_REALTIME", "regularMarketOpen": 20.4, "exchange": "BSE", "exchangeName": "BSE", "exchangeDataDelayedBy": 0, "marketState": "CLOSED", "quoteType": "EQUITY", "symbol": "GGL.BO", "underlyingSymbol": null, "shortName": "Gautam Gems Limited", "longName": "Gautam Gems Limited", "currency": "INR", "quoteSourceName": "Delayed Quote", "currencySymbol": "\u20b9", "fromCurrency": null, "lastMarket": null, "marketCap": 112018640}, "balanceSheetHistory": {"balanceSheetStatements": [{"maxAge": 1, "endDate": "2020-03-31", "cash": 6981276, "shortTermInvestments": 50000, "netReceivables": 54368723, "inventory": 85347647, "otherCurrentAssets": 1046250, "totalCurrentAssets": 147793896, "propertyPlantEquipment": 5094711, "otherAssets": 2, "totalAssets": 152888609, "accountsPayable": 7946343, "shortLongTermDebt": 3653192, "otherCurrentLiab": 1607398, "otherLiab": 518881, "totalCurrentLiabilities": 16768556, "totalLiab": 17287437, "commonStock": 54911080, "retainedEarnings": 8312637, "treasuryStock": 1588585, "capitalSurplus": 70788870, "otherStockholderEquity": 1588585, "totalStockholderEquity": 135601172, "netTangibleAssets": 135601172}, {"maxAge": 1, "endDate": "2019-03-31", "cash": 5027469, "netReceivables": 115600625, "inventory": 18362256, "otherCurrentAssets": 1068611, "totalCurrentAssets": 140058961, "propertyPlantEquipment": 6110786, "totalAssets": 146169747, "accountsPayable": 13761570, "shortLongTermDebt": 144017, "otherCurrentLiab": 510000, "otherLiab": 259439, "totalCurrentLiabilities": 15953681, "totalLiab": 16213120, "commonStock": 54911080, "retainedEarnings": 2668092, "treasuryStock": 1588585, "capitalSurplus": 70788870, "otherStockholderEquity": 1588585, "totalStockholderEquity": 129956627, "netTangibleAssets": 129956627}, {"maxAge": 1, "endDate": "2018-03-31", "cash": 3172653, "shortTermInvestments": 756000, "netReceivables": 81216309, "inventory": 37426489, "otherCurrentAssets": 1300754, "totalCurrentAssets": 123872205, "propertyPlantEquipment": 7099145, "totalAssets": 130971350, "accountsPayable": 687489, "shortLongTermDebt": 1129955, "otherCurrentLiab": 431672, "otherLiab": 98881, "totalCurrentLiabilities": 2294116, "totalLiab": 2392997, "commonStock": 54911080, "retainedEarnings": 808701, "treasuryStock": 2069702, "capitalSurplus": 70788870, "otherStockholderEquity": 2069702, "totalStockholderEquity": 128578353, "netTangibleAssets": 128578353}, {"maxAge": 1, "endDate": "2017-03-31", "cash": 176480, "inventory": 54422940, "otherCurrentAssets": 3700, "totalCurrentAssets": 54603120, "propertyPlantEquipment": 5578657, "totalAssets": 60181777, "accountsPayable": 54422940, "shortLongTermDebt": 57000, "otherCurrentLiab": 5580657, "totalCurrentLiabilities": 60070597, "totalLiab": 60070597, "commonStock": 100000, "retainedEarnings": 11180, "totalStockholderEquity": 111180, "netTangibleAssets": 111180}], "maxAge": 86400}, "financialData": {"maxAge": 86400, "currentPrice": 20.4, "recommendationKey": "none", "grossProfits": 14798295, "financialCurrency": "INR"}}}