{"GICHSGFIN.NS": {"assetProfile": {"address1": "National Insurance Building", "address2": "6th Floor 14, Jamshedji Tata Road Churchgate", "city": "Mumbai", "zip": "400020", "country": "India", "phone": "91 22 4304 1900", "website": "http://www.gichfindia.com", "industry": "Mortgage Finance", "sector": "Financial Services", "longBusinessSummary": "GIC Housing Finance Limited provides housing finance services in India. It grants housing loans to individuals, as well as to persons/entities engaged in construction of houses/flats for residential purposes. As of March 31, 2020, it had 75 offices. The company was formerly known as GIC Grih Vitta Limited and changed its name to GIC Housing Finance Limited in November 1993. GIC Housing Finance Limited was incorporated in 1989 and is based in Mumbai, India.", "fullTimeEmployees": 325, "companyOfficers": [{"maxAge": 1, "name": "Ms. Nutan  Singh", "title": "Group Exec., Company Sec. & Compliance Officer", "fiscalYear": 2020, "totalPay": 1459277, "exercisedValue": 0, "unexercisedValue": 0}, {"maxAge": 1, "name": "Ms. G. Shobha Reddy", "title": "CEO, MD & Additional Director", "exercisedValue": 0, "unexercisedValue": 0}, {"maxAge": 1, "name": "Ms. Radhika  Balasubramanian", "title": "CFO & Assistant VP", "exercisedValue": 0, "unexercisedValue": 0}, {"maxAge": 1, "name": "Mr. Mahesh  Ghagre", "title": "Sr. VP", "exercisedValue": 0, "unexercisedValue": 0}, {"maxAge": 1, "name": "Mr. N.  Ragothaman", "title": "Bus. Head of Diamond Harbour & Bus. Head of Kolkata", "exercisedValue": 0, "unexercisedValue": 0}, {"maxAge": 1, "name": "Mr. K.  Jagadish", "title": "Bus. Head of Noida", "exercisedValue": 0, "unexercisedValue": 0}, {"maxAge": 1, "name": "Mr. Sanjay  Koppikar", "title": "Bus. Head of Chennai", "exercisedValue": 0, "unexercisedValue": 0}, {"maxAge": 1, "name": "Mr. Santosh Kumar Singh", "title": "Bus. Head of Garia", "exercisedValue": 0, "unexercisedValue": 0}, {"maxAge": 1, "name": "Mr. V.  Jayaram", "title": "Bus. Head of Trivandrum", "exercisedValue": 0, "unexercisedValue": 0}, {"maxAge": 1, "name": "Mr. Rohit  Medhekar", "title": "Bus. Head of Kalyan", "exercisedValue": 0, "unexercisedValue": 0}], "compensationAsOfEpochDate": "2020-12-31 05:30:00", "maxAge": 86400}, "recommendationTrend": {"trend": [{"period": "0m", "strongBuy": 0, "buy": 0, "hold": 0, "sell": 0, "strongSell": 0}, {"period": "-1m", "strongBuy": 0, "buy": 0, "hold": 0, "sell": 0, "strongSell": 0}, {"period": "-2m", "strongBuy": 0, "buy": 0, "hold": 0, "sell": 0, "strongSell": 0}, {"period": "-3m", "strongBuy": 0, "buy": 0, "hold": 0, "sell": 0, "strongSell": 0}], "maxAge": 86400}, "cashflowStatementHistory": {"cashflowStatements": [{"maxAge": 1, "endDate": "2020-03-31", "netIncome": 456100000, "depreciation": 61300000, "changeToNetincome": -401300000, "changeToLiabilities": 55700000, "changeToOperatingActivities": 45000000, "totalCashFromOperatingActivities": 216800000, "capitalExpenditures": -6300000, "investments": 33700000, "totalCashflowsFromInvestingActivities": -106300000, "dividendsPaid": -296100000, "netBorrowings": 867800000, "otherCashflowsFromFinancingActivities": -60900000, "totalCashFromFinancingActivities": 510800000, "changeInCash": 621300000}, {"maxAge": 1, "endDate": "2019-03-31", "netIncome": 1718100000, "depreciation": 7200000, "changeToNetincome": -18310100000, "changeToLiabilities": 54000000, "changeToOperatingActivities": 77600000, "totalCashFromOperatingActivities": -16453200000, "capitalExpenditures": -15300000, "investments": 26100000, "totalCashflowsFromInvestingActivities": 11500000, "dividendsPaid": -296200000, "netBorrowings": 16745800000, "otherCashflowsFromFinancingActivities": -60900000, "totalCashFromFinancingActivities": 16388700000, "changeInCash": -53000000}, {"maxAge": 1, "endDate": "2018-03-31", "netIncome": 2056400000, "depreciation": 6400000, "changeToNetincome": -18734900000, "changeToLiabilities": 0, "changeToOperatingActivities": -541300000, "totalCashFromOperatingActivities": -17213400000, "capitalExpenditures": -4800000, "investments": 19600000, "totalCashflowsFromInvestingActivities": 15500000, "dividendsPaid": -269300000, "netBorrowings": 17472300000, "otherCashflowsFromFinancingActivities": -54800000, "totalCashFromFinancingActivities": 17148200000, "changeInCash": -49700000}, {"maxAge": 1, "endDate": "2017-03-31", "netIncome": 1477300000, "depreciation": 7000000, "changeToNetincome": -13265300000, "changeToLiabilities": -9100000, "changeToOperatingActivities": 12200000, "totalCashFromOperatingActivities": -11777900000, "capitalExpenditures": -8900000, "investments": -151700000, "totalCashflowsFromInvestingActivities": -160000000, "dividendsPaid": -269300000, "netBorrowings": 12358000000, "otherCashflowsFromFinancingActivities": -54800000, "totalCashFromFinancingActivities": 12033900000, "changeInCash": 96000000}], "maxAge": 86400}, "indexTrend": {"maxAge": 1, "symbol": "SP5", "peRatio": 19.7411, "pegRatio": 1.34172, "estimates": [{"period": "0q", "growth": 0.549}, {"period": "+1q", "growth": 0.431}, {"period": "0y", "growth": 0.305}, {"period": "+1y", "growth": 0.109}, {"period": "+5y", "growth": 0.120865}, {"period": "-5y"}]}, "defaultKeyStatistics": {"maxAge": 1, "priceHint": 2, "enterpriseValue": 122762092544, "forwardPE": 2.8319578, "profitMargins": 0.1354, "floatShares": 35945878, "sharesOutstanding": 53851100, "heldPercentInsiders": 0.00274, "heldPercentInstitutions": 0.49300998, "beta": 1.425308, "category": null, "bookValue": 228.283, "priceToBook": 0.49609476, "fundFamily": null, "legalType": null, "lastFiscalYearEnd": "2020-03-31 05:30:00", "nextFiscalYearEnd": "2022-03-31 05:30:00", "mostRecentQuarter": "2020-12-31 05:30:00", "earningsQuarterlyGrowth": 3.291, "netIncomeToCommon": 523000000, "trailingEps": 9.709, "forwardEps": 39.99, "lastSplitFactor": null, "enterpriseToRevenue": 31.781}, "industryTrend": {"maxAge": 1, "symbol": null, "estimates": []}, "quoteType": {"exchange": "NSI", "quoteType": "EQUITY", "symbol": "GICHSGFIN.NS", "underlyingSymbol": "GICHSGFIN.NS", "shortName": "GIC HOUSING FINANC", "longName": "GIC Housing Finance Limited", "firstTradeDateEpochUtc": "2002-07-01 09:15:00", "timeZoneFullName": "Asia/Kolkata", "timeZoneShortName": "IST", "uuid": "362545b3-2992-3ef7-87e2-8be93ae17cd7", "gmtOffSetMilliseconds": 19800000, "maxAge": 1}, "incomeStatementHistory": {"incomeStatementHistory": [{"maxAge": 1, "endDate": "2020-03-31", "totalRevenue": 3069300000, "costOfRevenue": 46800000, "grossProfit": 3022500000, "researchDevelopment": {}, "sellingGeneralAdministrative": 463900000, "nonRecurring": {}, "otherOperatingExpenses": 754700000, "totalOperatingExpenses": 1972600000, "operatingIncome": 1096700000, "totalOtherIncomeExpenseNet": 26000000, "ebit": 0, "interestExpense": {}, "incomeBeforeTax": 1122700000, "incomeTaxExpense": 666600000, "minorityInterest": {}, "netIncomeFromContinuingOps": 456100000, "discontinuedOperations": {}, "extraordinaryItems": {}, "effectOfAccountingCharges": {}, "otherItems": {}, "netIncome": 456100000, "netIncomeApplicableToCommonShares": 456100000}, {"maxAge": 1, "endDate": "2019-03-31", "totalRevenue": 3623700000, "costOfRevenue": 42400000, "grossProfit": 3581300000, "researchDevelopment": {}, "sellingGeneralAdministrative": 409000000, "nonRecurring": {}, "otherOperatingExpenses": 694500000, "totalOperatingExpenses": 1153100000, "operatingIncome": 2470600000, "totalOtherIncomeExpenseNet": 0, "ebit": 0, "interestExpense": {}, "incomeBeforeTax": 2470600000, "incomeTaxExpense": 752500000, "minorityInterest": {}, "netIncomeFromContinuingOps": 1718100000, "discontinuedOperations": {}, "extraordinaryItems": {}, "effectOfAccountingCharges": {}, "otherItems": {}, "netIncome": 1718100000, "netIncomeApplicableToCommonShares": 1718100000}, {"maxAge": 1, "endDate": "2018-03-31", "totalRevenue": 3377700000, "costOfRevenue": 37800000, "grossProfit": 3339900000, "researchDevelopment": {}, "sellingGeneralAdministrative": 375200000, "nonRecurring": {}, "otherOperatingExpenses": 215500000, "totalOperatingExpenses": 634900000, "operatingIncome": 2742800000, "totalOtherIncomeExpenseNet": 100000, "ebit": 0, "interestExpense": {}, "incomeBeforeTax": 2742900000, "incomeTaxExpense": 686500000, "minorityInterest": {}, "netIncomeFromContinuingOps": 2056400000, "discontinuedOperations": {}, "extraordinaryItems": {}, "effectOfAccountingCharges": {}, "otherItems": {}, "netIncome": 2056400000, "netIncomeApplicableToCommonShares": 2056400000}, {"maxAge": 1, "endDate": "2017-03-31", "totalRevenue": 3003600000, "costOfRevenue": 34100000, "grossProfit": 2969500000, "researchDevelopment": {}, "sellingGeneralAdministrative": 341400000, "nonRecurring": {}, "otherOperatingExpenses": 350300000, "totalOperatingExpenses": 732800000, "operatingIncome": 2270800000, "totalOtherIncomeExpenseNet": 200000, "ebit": 0, "interestExpense": {}, "incomeBeforeTax": 2271000000, "incomeTaxExpense": 793700000, "minorityInterest": {}, "netIncomeFromContinuingOps": 1477300000, "discontinuedOperations": {}, "extraordinaryItems": {}, "effectOfAccountingCharges": {}, "otherItems": {}, "netIncome": 1477300000, "netIncomeApplicableToCommonShares": 1477300000}], "maxAge": 86400}, "fundOwnership": {"ownershipList": [], "maxAge": 1}, "summaryDetail": {"maxAge": 1, "priceHint": 2, "previousClose": 113.45, "open": 113.05, "dayLow": 112.55, "dayHigh": 115.6, "regularMarketPreviousClose": 113.45, "regularMarketOpen": 113.05, "regularMarketDayLow": 112.55, "regularMarketDayHigh": 115.6, "dividendRate": 2.0, "dividendYield": 0.0176, "exDividendDate": "2020-12-03 05:30:00", "payoutRatio": 0.206, "beta": 1.425308, "trailingPE": 11.664435, "forwardPE": 2.8319578, "volume": 129112, "regularMarketVolume": 129112, "averageVolume": 729178, "averageVolume10days": 240901, "averageDailyVolume10Day": 240901, "bid": 0.0, "ask": 0.0, "bidSize": 0, "askSize": 0, "marketCap": 6095941632, "fiftyTwoWeekLow": 59.1, "fiftyTwoWeekHigh": 147.45, "priceToSalesTrailing12Months": 1.5781556, "fiftyDayAverage": 129.7853, "twoHundredDayAverage": 115.03688, "trailingAnnualDividendRate": 2.0, "trailingAnnualDividendYield": 0.017628912, "currency": "INR", "fromCurrency": null, "lastMarket": null, "algorithm": null, "tradeable": false}, "insiderHolders": {"holders": [{"maxAge": 1, "name": "Caledonia Investments Plc", "relation": "Institution- Corporation", "url": "", "transactionDescription": "Sale", "latestTransDate": "2010-01-07", "positionDirect": 1994977, "positionDirectDate": "2010-01-07"}, {"maxAge": 1, "name": "Ifci", "relation": "Institution- Corporation", "url": "", "transactionDescription": "Sale", "latestTransDate": "2011-06-29", "positionDirect": 1772822, "positionDirectDate": "2011-06-29"}, {"maxAge": 1, "name": "National Insurance Co Ltd", "relation": "Promoter", "url": "", "transactionDescription": "Acquisition", "latestTransDate": "2018-09-30", "positionDirect": 3030100, "positionDirectDate": "2018-09-30"}, {"maxAge": 1, "name": "New India Assurance Co., Ltd.", "relation": "Promoter", "url": "", "transactionDescription": "Acquisition", "latestTransDate": "2018-08-21", "positionDirect": 4656913, "positionDirectDate": "2018-08-21"}, {"maxAge": 1, "name": "United India Insurance Co Ltd", "relation": "Promoter", "url": "", "transactionDescription": "Acquisition", "latestTransDate": "2016-11-15", "positionDirect": 3951000, "positionDirectDate": "2016-11-15"}], "maxAge": 1}, "calendarEvents": {"maxAge": 1, "earnings": {"earningsDate": [], "revenueAverage": 2970000000}, "exDividendDate": "2020-12-03 05:30:00"}, "upgradeDowngradeHistory": {"history": [], "maxAge": 86400}, "price": {"maxAge": 1, "regularMarketChangePercent": -0.0017628643, "regularMarketChange": -0.19999695, "regularMarketTime": "2021-04-30 15:29:43", "priceHint": 2, "regularMarketPrice": 113.25, "regularMarketDayHigh": 115.6, "regularMarketDayLow": 112.55, "regularMarketVolume": 129112, "averageDailyVolume10Day": 240901, "averageDailyVolume3Month": 729178, "regularMarketPreviousClose": 113.45, "regularMarketSource": "FREE_REALTIME", "regularMarketOpen": 113.05, "exchange": "NSI", "exchangeName": "NSE", "exchangeDataDelayedBy": 15, "marketState": "CLOSED", "quoteType": "EQUITY", "symbol": "GICHSGFIN.NS", "underlyingSymbol": null, "shortName": "GIC HOUSING FINANC", "longName": "GIC Housing Finance Limited", "currency": "INR", "quoteSourceName": "Delayed Quote", "currencySymbol": "\u20b9", "fromCurrency": null, "lastMarket": null, "marketCap": 6095941632}, "balanceSheetHistory": {"balanceSheetStatements": [{"maxAge": 1, "endDate": "2020-03-31", "cash": 1106300000, "netReceivables": 128229300000, "otherCurrentAssets": 195200000, "totalCurrentAssets": 129530800000, "longTermInvestments": 135800000, "propertyPlantEquipment": 187700000, "intangibleAssets": 134400000, "otherAssets": 1000100000, "deferredLongTermAssetCharges": 971400000, "totalAssets": 130988800000, "accountsPayable": 514800000, "shortLongTermDebt": 18617700000, "otherCurrentLiab": 33900000, "longTermDebt": 91416400000, "otherLiab": 38700000, "totalCurrentLiabilities": 26762500000, "totalLiab": 118357900000, "commonStock": 538500000, "retainedEarnings": 10929400000, "treasuryStock": -6900000, "capitalSurplus": 1169900000, "otherStockholderEquity": -6900000, "totalStockholderEquity": 12630900000, "netTangibleAssets": 12496500000}, {"maxAge": 1, "endDate": "2019-03-31", "cash": 485000000, "netReceivables": 127571700000, "otherCurrentAssets": 244100000, "totalCurrentAssets": 128300800000, "longTermInvestments": 135000000, "propertyPlantEquipment": 28400000, "otherAssets": 1230600000, "deferredLongTermAssetCharges": 1205100000, "totalAssets": 129694800000, "accountsPayable": 448000000, "shortLongTermDebt": 16749000000, "otherCurrentLiab": 33500000, "longTermDebt": 87429700000, "otherLiab": 27100000, "totalCurrentLiabilities": 29698000000, "totalLiab": 117154800000, "commonStock": 538500000, "retainedEarnings": 10830300000, "treasuryStock": 1300000, "capitalSurplus": 1169900000, "otherStockholderEquity": 1300000, "totalStockholderEquity": 12540000000, "netTangibleAssets": 12540000000}, {"maxAge": 1, "endDate": "2018-03-31", "cash": 538000000, "netReceivables": 109429700000, "otherCurrentAssets": 152800000, "totalCurrentAssets": 110120500000, "longTermInvestments": 130100000, "propertyPlantEquipment": 20700000, "otherAssets": 1197000000, "deferredLongTermAssetCharges": 1175400000, "totalAssets": 111468300000, "accountsPayable": 311600000, "shortLongTermDebt": 14399900000, "otherCurrentLiab": 12500000, "longTermDebt": 76512100000, "otherLiab": 36800000, "totalCurrentLiabilities": 23735700000, "totalLiab": 100284600000, "commonStock": 538500000, "retainedEarnings": 9469500000, "treasuryStock": 5800000, "capitalSurplus": 1169900000, "otherStockholderEquity": 5800000, "totalStockholderEquity": 11183700000, "netTangibleAssets": 11183700000}, {"maxAge": 1, "endDate": "2017-03-31", "cash": 621100000, "netReceivables": 92983600000, "otherCurrentAssets": 28000000, "totalCurrentAssets": 93632700000, "longTermInvestments": 264700000, "propertyPlantEquipment": 23000000, "otherAssets": 124500000, "totalAssets": 94044900000, "accountsPayable": 242400000, "shortLongTermDebt": 8578500000, "otherCurrentLiab": 87300000, "longTermDebt": 64816100000, "otherLiab": 2844700000, "totalCurrentLiabilities": 18001900000, "totalLiab": 85662700000, "commonStock": 538500000, "retainedEarnings": 6673500000, "treasuryStock": 300000, "capitalSurplus": 1169900000, "otherStockholderEquity": 300000, "totalStockholderEquity": 8382200000, "netTangibleAssets": 8382200000}], "maxAge": 86400}, "earningsTrend": {"trend": [{"maxAge": 1, "period": "0q", "endDate": "2018-03-31", "growth": {}, "earningsEstimate": {"avg": 0.0, "low": 0.0, "high": 0.0, "yearAgoEps": 8.66, "numberOfAnalysts": 0, "growth": {}}, "revenueEstimate": {"avg": 2970000000, "low": 0, "high": 0, "numberOfAnalysts": 0, "yearAgoRevenue": 997600000, "growth": 1.977}, "epsTrend": {"current": 0.0, "7daysAgo": 0.0, "30daysAgo": 0.0, "60daysAgo": 0.0, "90daysAgo": 0.0}, "epsRevisions": {"upLast7days": 0, "upLast30days": 0, "downLast30days": 0, "downLast90days": {}}}, {"maxAge": 1, "period": "+1q", "endDate": "2018-06-30", "growth": {}, "earningsEstimate": {"avg": 0.0, "low": 0.0, "high": 0.0, "yearAgoEps": 7.51, "numberOfAnalysts": 0, "growth": {}}, "revenueEstimate": {"avg": 0, "low": 0, "high": 0, "numberOfAnalysts": 0, "yearAgoRevenue": {}, "growth": {}}, "epsTrend": {"current": 0.0, "7daysAgo": 0.0, "30daysAgo": 0.0, "60daysAgo": 0.0, "90daysAgo": 0.0}, "epsRevisions": {"upLast7days": 0, "upLast30days": 0, "downLast30days": 0, "downLast90days": {}}}, {"maxAge": 1, "period": "0y", "endDate": "2018-03-31", "growth": {}, "earningsEstimate": {"avg": 0.0, "low": 0.0, "high": 0.0, "yearAgoEps": {}, "numberOfAnalysts": 0, "growth": {}}, "revenueEstimate": {"avg": 11284000000, "low": 4040000000, "high": 11283700000, "numberOfAnalysts": 3, "yearAgoRevenue": 3339000000, "growth": 2.379}, "epsTrend": {"current": 0.0, "7daysAgo": 32.33, "30daysAgo": 32.33, "60daysAgo": 32.33, "90daysAgo": 32.33}, "epsRevisions": {"upLast7days": 0, "upLast30days": 0, "downLast30days": 0, "downLast90days": {}}}, {"maxAge": 1, "period": "+1y", "endDate": "2019-03-31", "growth": {}, "earningsEstimate": {"avg": 39.99, "low": 37.91, "high": 41.65, "yearAgoEps": {}, "numberOfAnalysts": 3, "growth": {}}, "revenueEstimate": {"avg": 5009200000, "low": 4857000000, "high": 5161400000, "numberOfAnalysts": 2, "yearAgoRevenue": 11284000000, "growth": -0.556}, "epsTrend": {"current": 39.99, "7daysAgo": 39.99, "30daysAgo": 39.99, "60daysAgo": 39.99, "90daysAgo": 39.32}, "epsRevisions": {"upLast7days": 0, "upLast30days": 1, "downLast30days": 0, "downLast90days": {}}}, {"maxAge": 1, "period": "+5y", "endDate": null, "growth": {}, "earningsEstimate": {"avg": {}, "low": {}, "high": {}, "yearAgoEps": {}, "numberOfAnalysts": {}, "growth": {}}, "revenueEstimate": {"avg": {}, "low": {}, "high": {}, "numberOfAnalysts": {}, "yearAgoRevenue": {}, "growth": {}}, "epsTrend": {"current": {}, "7daysAgo": {}, "30daysAgo": {}, "60daysAgo": {}, "90daysAgo": {}}, "epsRevisions": {"upLast7days": {}, "upLast30days": {}, "downLast30days": {}, "downLast90days": {}}}, {"maxAge": 1, "period": "-5y", "endDate": null, "growth": 0.18400998, "earningsEstimate": {"avg": {}, "low": {}, "high": {}, "yearAgoEps": {}, "numberOfAnalysts": {}, "growth": {}}, "revenueEstimate": {"avg": {}, "low": {}, "high": {}, "numberOfAnalysts": {}, "yearAgoRevenue": {}, "growth": {}}, "epsTrend": {"current": {}, "7daysAgo": {}, "30daysAgo": {}, "60daysAgo": {}, "90daysAgo": {}}, "epsRevisions": {"upLast7days": {}, "upLast30days": {}, "downLast30days": {}, "downLast90days": {}}}], "maxAge": 1}, "institutionOwnership": {"ownershipList": [], "maxAge": 1}, "majorHoldersBreakdown": {"maxAge": 1, "insidersPercentHeld": 0.00274, "institutionsPercentHeld": 0.49300998, "institutionsFloatPercentHeld": 0.49437, "institutionsCount": 6}, "balanceSheetHistoryQuarterly": {"balanceSheetStatements": [{"maxAge": 1, "endDate": "2020-12-31", "totalStockholderEquity": 12278400000, "netTangibleAssets": 12086200000}, {"maxAge": 1, "endDate": "2020-09-30", "cash": 736500000, "netReceivables": 127549800000, "otherCurrentAssets": 280200000, "totalCurrentAssets": 128566500000, "longTermInvestments": 178200000, "propertyPlantEquipment": 169900000, "intangibleAssets": 192200000, "otherAssets": 1400600000, "deferredLongTermAssetCharges": 1400600000, "totalAssets": 130507400000, "accountsPayable": 181300000, "otherCurrentLiab": 553100000, "longTermDebt": 109756600000, "otherLiab": 96700000, "totalCurrentLiabilities": 8215900000, "totalLiab": 118229000000, "commonStock": 538500000, "treasuryStock": 11739900000, "otherStockholderEquity": 11739900000, "totalStockholderEquity": 12278400000, "netTangibleAssets": 12086200000}, {"maxAge": 1, "endDate": "2020-06-30", "totalStockholderEquity": 12630900000, "netTangibleAssets": 12496500000}, {"maxAge": 1, "endDate": "2020-03-31", "cash": 1106300000, "netReceivables": 128229300000, "otherCurrentAssets": 195200000, "totalCurrentAssets": 129530800000, "longTermInvestments": 135800000, "propertyPlantEquipment": 187700000, "intangibleAssets": 134400000, "otherAssets": 1000100000, "deferredLongTermAssetCharges": 971400000, "totalAssets": 130988800000, "accountsPayable": 514800000, "shortLongTermDebt": 18617700000, "otherCurrentLiab": 33900000, "longTermDebt": 91416400000, "otherLiab": 38700000, "totalCurrentLiabilities": 26762500000, "totalLiab": 118357900000, "commonStock": 538500000, "retainedEarnings": 10929400000, "treasuryStock": -6900000, "capitalSurplus": 1169900000, "otherStockholderEquity": -6900000, "totalStockholderEquity": 12630900000, "netTangibleAssets": 12496500000}], "maxAge": 86400}, "earningsHistory": {"history": [{"maxAge": 1, "epsActual": 8.66, "epsEstimate": 7.13, "epsDifference": 1.53, "surprisePercent": 0.215, "quarter": "2017-03-31", "period": "-4q"}, {"maxAge": 1, "epsActual": 7.51, "epsEstimate": 6.91, "epsDifference": 0.6, "surprisePercent": 0.087, "quarter": "2017-06-30", "period": "-3q"}, {"maxAge": 1, "epsActual": 7.79, "epsEstimate": 7.81, "epsDifference": -0.02, "surprisePercent": -0.003, "quarter": "2017-09-30", "period": "-2q"}, {"maxAge": 1, "epsActual": 7.83, "epsEstimate": 7.61, "epsDifference": 0.22, "surprisePercent": 0.029000001, "quarter": "2017-12-31", "period": "-1q"}], "maxAge": 86400}, "summaryProfile": {"address1": "National Insurance Building", "address2": "6th Floor 14, Jamshedji Tata Road Churchgate", "city": "Mumbai", "zip": "400020", "country": "India", "phone": "91 22 4304 1900", "website": "http://www.gichfindia.com", "industry": "Mortgage Finance", "sector": "Financial Services", "longBusinessSummary": "GIC Housing Finance Limited provides housing finance services in India. It grants housing loans to individuals, as well as to persons/entities engaged in construction of houses/flats for residential purposes. As of March 31, 2020, it had 75 offices. The company was formerly known as GIC Grih Vitta Limited and changed its name to GIC Housing Finance Limited in November 1993. GIC Housing Finance Limited was incorporated in 1989 and is based in Mumbai, India.", "fullTimeEmployees": 325, "companyOfficers": [], "maxAge": 86400}, "netSharePurchaseActivity": {"maxAge": 1, "period": "6m", "buyInfoCount": 0, "buyInfoShares": 0, "sellInfoCount": 0, "netInfoCount": 0, "netInfoShares": 0, "netPercentInsiderShares": 0.0, "totalInsiderShares": 147601}, "insiderTransactions": {"transactions": [{"maxAge": 1, "shares": 26858, "filerUrl": "", "transactionText": "", "filerName": "National Insurance Co Ltd", "filerRelation": "Promoter", "moneyText": "", "startDate": "2018-09-30", "ownership": "D"}, {"maxAge": 1, "shares": 62709, "filerUrl": "", "transactionText": "", "filerName": "New India Assurance Co., Ltd.", "filerRelation": "Promoter", "moneyText": "", "startDate": "2018-08-21", "ownership": "D"}, {"maxAge": 1, "shares": 46144, "filerUrl": "", "transactionText": "", "filerName": "National Insurance Co Ltd", "filerRelation": "Promoter", "moneyText": "", "startDate": "2018-06-30", "ownership": "D"}, {"maxAge": 1, "shares": 50000, "filerUrl": "", "transactionText": "", "filerName": "National Insurance Co Ltd", "filerRelation": "Promoter", "moneyText": "", "startDate": "2016-12-26", "ownership": "D"}, {"maxAge": 1, "shares": 5000, "filerUrl": "", "transactionText": "", "filerName": "United India Insurance Co Ltd", "filerRelation": "Promoter", "moneyText": "", "startDate": "2016-11-15", "ownership": "D"}, {"maxAge": 1, "shares": 5000, "filerUrl": "", "transactionText": "", "filerName": "United India Insurance Co Ltd", "filerRelation": "Promoter", "moneyText": "", "startDate": "2016-11-09", "ownership": "D"}, {"maxAge": 1, "shares": 2488, "filerUrl": "", "transactionText": "", "filerName": "United India Insurance Co Ltd", "filerRelation": "Promoter", "moneyText": "", "startDate": "2016-11-04", "ownership": "D"}, {"maxAge": 1, "shares": 2512, "filerUrl": "", "transactionText": "", "filerName": "United India Insurance Co Ltd", "filerRelation": "Promoter", "moneyText": "", "startDate": "2016-10-17", "ownership": "D"}, {"maxAge": 1, "shares": 2512, "filerUrl": "", "transactionText": "", "filerName": "United India Insurance Co Ltd", "filerRelation": "Promoter", "moneyText": "", "startDate": "2016-10-17", "ownership": "D"}, {"maxAge": 1, "shares": 79543, "filerUrl": "", "transactionText": "", "filerName": "New India Assurance Co., Ltd.", "filerRelation": "Promoter", "moneyText": "", "startDate": "2016-09-26", "ownership": "D"}, {"maxAge": 1, "shares": 15000, "filerUrl": "", "transactionText": "", "filerName": "New India Assurance Co., Ltd.", "filerRelation": "Promoter", "moneyText": "", "startDate": "2016-09-09", "ownership": "D"}, {"maxAge": 1, "shares": 16096, "filerUrl": "", "transactionText": "", "filerName": "New India Assurance Co., Ltd.", "filerRelation": "Promoter", "moneyText": "", "startDate": "2016-09-09", "ownership": "D"}, {"maxAge": 1, "shares": 1746, "filerUrl": "", "transactionText": "", "filerName": "New India Assurance Co., Ltd.", "filerRelation": "Promoter", "moneyText": "", "startDate": "2016-09-08", "ownership": "D"}, {"maxAge": 1, "shares": 10000, "filerUrl": "", "transactionText": "", "filerName": "New India Assurance Co., Ltd.", "filerRelation": "Promoter", "moneyText": "", "startDate": "2016-09-06", "ownership": "D"}, {"maxAge": 1, "shares": 2795, "filerUrl": "", "transactionText": "", "filerName": "New India Assurance Co., Ltd.", "filerRelation": "Promoter", "moneyText": "", "startDate": "2016-09-02", "ownership": "D"}, {"maxAge": 1, "shares": 69, "filerUrl": "", "transactionText": "", "filerName": "New India Assurance Co., Ltd.", "filerRelation": "Promoter", "moneyText": "", "startDate": "2016-09-02", "ownership": "D"}, {"maxAge": 1, "shares": 947, "filerUrl": "", "transactionText": "", "filerName": "New India Assurance Co., Ltd.", "filerRelation": "Promoter", "moneyText": "", "startDate": "2016-09-01", "ownership": "D"}, {"maxAge": 1, "shares": 3804, "filerUrl": "", "transactionText": "", "filerName": "New India Assurance Co., Ltd.", "filerRelation": "Promoter", "moneyText": "", "startDate": "2016-09-01", "ownership": "D"}, {"maxAge": 1, "shares": 202000, "filerUrl": "", "transactionText": "", "filerName": "National Insurance Co Ltd", "filerRelation": "Promoter", "moneyText": "", "startDate": "2015-06-03", "ownership": "D"}, {"maxAge": 1, "shares": 6605, "filerUrl": "", "transactionText": "", "filerName": "New India Assurance Co., Ltd.", "filerRelation": "Promoter", "moneyText": "", "startDate": "2015-03-13", "ownership": "D"}, {"maxAge": 1, "shares": 21506, "filerUrl": "", "transactionText": "", "filerName": "New India Assurance Co., Ltd.", "filerRelation": "Promoter", "moneyText": "", "startDate": "2015-03-12", "ownership": "D"}, {"maxAge": 1, "shares": 15634, "filerUrl": "", "transactionText": "", "filerName": "New India Assurance Co., Ltd.", "filerRelation": "Promoter", "moneyText": "", "startDate": "2015-03-11", "ownership": "D"}, {"maxAge": 1, "shares": 35000, "filerUrl": "", "transactionText": "", "filerName": "New India Assurance Co., Ltd.", "filerRelation": "Promoter", "moneyText": "", "startDate": "2015-03-10", "ownership": "D"}, {"maxAge": 1, "shares": 17488, "filerUrl": "", "transactionText": "", "filerName": "New India Assurance Co., Ltd.", "filerRelation": "Promoter", "moneyText": "", "startDate": "2015-03-09", "ownership": "D"}, {"maxAge": 1, "shares": 2927, "filerUrl": "", "transactionText": "", "filerName": "New India Assurance Co., Ltd.", "filerRelation": "Promoter", "moneyText": "", "startDate": "2015-03-05", "ownership": "D"}, {"maxAge": 1, "shares": 22522, "filerUrl": "", "transactionText": "", "filerName": "New India Assurance Co., Ltd.", "filerRelation": "Promoter", "moneyText": "", "startDate": "2015-03-04", "ownership": "D"}, {"maxAge": 1, "shares": 23515, "filerUrl": "", "transactionText": "", "filerName": "New India Assurance Co., Ltd.", "filerRelation": "Promoter", "moneyText": "", "startDate": "2015-03-02", "ownership": "D"}, {"maxAge": 1, "shares": 4803, "filerUrl": "", "transactionText": "", "filerName": "New India Assurance Co., Ltd.", "filerRelation": "Promoter", "moneyText": "", "startDate": "2015-02-27", "ownership": "D"}, {"maxAge": 1, "shares": 10000, "filerUrl": "", "transactionText": "", "filerName": "New India Assurance Co., Ltd.", "filerRelation": "Promoter", "moneyText": "", "startDate": "2014-12-26", "ownership": "D"}, {"maxAge": 1, "shares": 12500, "filerUrl": "", "transactionText": "", "filerName": "New India Assurance Co., Ltd.", "filerRelation": "Promoter", "moneyText": "", "startDate": "2014-12-23", "ownership": "D"}, {"maxAge": 1, "shares": 17565, "filerUrl": "", "transactionText": "", "filerName": "New India Assurance Co., Ltd.", "filerRelation": "Promoter", "moneyText": "", "startDate": "2014-12-19", "ownership": "D"}, {"maxAge": 1, "shares": 639, "filerUrl": "", "transactionText": "", "filerName": "New India Assurance Co., Ltd.", "filerRelation": "Promoter", "moneyText": "", "startDate": "2014-12-17", "ownership": "D"}, {"maxAge": 1, "shares": 30000, "filerUrl": "", "transactionText": "", "filerName": "New India Assurance Co., Ltd.", "filerRelation": "Promoter", "moneyText": "", "startDate": "2014-12-16", "ownership": "D"}, {"maxAge": 1, "shares": 1226744, "filerUrl": "", "transactionText": "", "filerName": "Ifci", "filerRelation": "Institution- Corporation", "moneyText": "", "startDate": "2011-06-29", "ownership": "D"}, {"maxAge": 1, "shares": 1235923, "filerUrl": "", "transactionText": "", "filerName": "Ifci", "filerRelation": "Institution- Corporation", "moneyText": "", "startDate": "2010-06-28", "ownership": "D"}, {"maxAge": 1, "shares": 3120874, "filerUrl": "", "transactionText": "", "filerName": "Caledonia Investments Plc", "filerRelation": "Institution- Corporation", "moneyText": "", "startDate": "2010-01-07", "ownership": "D"}], "maxAge": 1}, "sectorTrend": {"maxAge": 1, "symbol": null, "estimates": []}, "incomeStatementHistoryQuarterly": {"incomeStatementHistory": [{"maxAge": 1, "endDate": "2020-12-31", "totalRevenue": 1115500000, "costOfRevenue": 0, "grossProfit": 1115500000, "researchDevelopment": {}, "sellingGeneralAdministrative": 112800000, "nonRecurring": {}, "otherOperatingExpenses": 279300000, "totalOperatingExpenses": 405600000, "operatingIncome": 709900000, "totalOtherIncomeExpenseNet": 0, "ebit": 0, "interestExpense": {}, "incomeBeforeTax": 709900000, "incomeTaxExpense": 100100000, "minorityInterest": {}, "netIncomeFromContinuingOps": 609800000, "discontinuedOperations": {}, "extraordinaryItems": {}, "effectOfAccountingCharges": {}, "otherItems": {}, "netIncome": 609800000, "netIncomeApplicableToCommonShares": 609800000}, {"maxAge": 1, "endDate": "2020-09-30", "totalRevenue": 1052700000, "costOfRevenue": 0, "grossProfit": 1052700000, "researchDevelopment": {}, "sellingGeneralAdministrative": 108900000, "nonRecurring": {}, "otherOperatingExpenses": 666400000, "totalOperatingExpenses": 785100000, "operatingIncome": 267600000, "totalOtherIncomeExpenseNet": 0, "ebit": 0, "interestExpense": {}, "incomeBeforeTax": 267600000, "incomeTaxExpense": 61600000, "minorityInterest": {}, "netIncomeFromContinuingOps": 206000000, "discontinuedOperations": {}, "extraordinaryItems": {}, "effectOfAccountingCharges": {}, "otherItems": {}, "netIncome": 206000000, "netIncomeApplicableToCommonShares": 206000000}, {"maxAge": 1, "endDate": "2020-06-30", "totalRevenue": 840000000, "costOfRevenue": 0, "grossProfit": 840000000, "researchDevelopment": {}, "sellingGeneralAdministrative": 106700000, "nonRecurring": {}, "otherOperatingExpenses": 1499500000, "totalOperatingExpenses": 1616900000, "operatingIncome": -776900000, "totalOtherIncomeExpenseNet": 0, "ebit": 0, "interestExpense": {}, "incomeBeforeTax": -776900000, "incomeTaxExpense": -219800000, "minorityInterest": {}, "netIncomeFromContinuingOps": -557100000, "discontinuedOperations": {}, "extraordinaryItems": {}, "effectOfAccountingCharges": {}, "otherItems": {}, "netIncome": -557100000, "netIncomeApplicableToCommonShares": -557100000}, {"maxAge": 1, "endDate": "2020-03-31", "totalRevenue": 849000000, "costOfRevenue": 46800000, "grossProfit": 802200000, "researchDevelopment": {}, "sellingGeneralAdministrative": 190100000, "nonRecurring": {}, "otherOperatingExpenses": -476200000, "totalOperatingExpenses": 445700000, "operatingIncome": 403300000, "totalOtherIncomeExpenseNet": 26000000, "ebit": 0, "interestExpense": {}, "incomeBeforeTax": 429300000, "incomeTaxExpense": 165000000, "minorityInterest": {}, "netIncomeFromContinuingOps": 264300000, "discontinuedOperations": {}, "extraordinaryItems": {}, "effectOfAccountingCharges": {}, "otherItems": {}, "netIncome": 264300000, "netIncomeApplicableToCommonShares": 264300000}], "maxAge": 86400}, "cashflowStatementHistoryQuarterly": {"cashflowStatements": [{"maxAge": 1, "endDate": "2020-12-31", "netIncome": 609800000, "changeToLiabilities": 0}, {"maxAge": 1, "endDate": "2020-09-30", "netIncome": 206000000, "changeToLiabilities": 0}, {"maxAge": 1, "endDate": "2020-06-30", "netIncome": -557100000, "changeToLiabilities": 0}, {"maxAge": 1, "endDate": "2020-03-31", "netIncome": 264300000, "changeToLiabilities": 0}], "maxAge": 86400}, "earnings": {"maxAge": 86400, "earningsChart": {"quarterly": [{"date": "1Q2017", "actual": 8.66, "estimate": 7.13}, {"date": "2Q2017", "actual": 7.51, "estimate": 6.91}, {"date": "3Q2017", "actual": 7.79, "estimate": 7.81}, {"date": "4Q2017", "actual": 7.83, "estimate": 7.61}], "currentQuarterEstimateDate": "1Q", "currentQuarterEstimateYear": 2018, "earningsDate": []}, "financialsChart": {"yearly": [{"date": 2017, "revenue": 3003600000, "earnings": 1477300000}, {"date": 2018, "revenue": 3377700000, "earnings": 2056400000}, {"date": 2019, "revenue": 3623700000, "earnings": 1718100000}, {"date": 2020, "revenue": 3069300000, "earnings": 456100000}], "quarterly": [{"date": "1Q2020", "revenue": 849000000, "earnings": 264300000}, {"date": "2Q2020", "revenue": 840000000, "earnings": -557100000}, {"date": "3Q2020", "revenue": 1052700000, "earnings": 206000000}, {"date": "4Q2020", "revenue": 1115500000, "earnings": 609800000}]}, "financialCurrency": "INR"}, "financialData": {"maxAge": 86400, "currentPrice": 113.25, "targetHighPrice": 640.0, "targetLowPrice": 529.0, "targetMeanPrice": 584.5, "targetMedianPrice": 584.5, "recommendationMean": 1.7, "recommendationKey": "buy", "numberOfAnalystOpinions": 2, "totalCash": 736499968, "totalCashPerShare": 13.672, "totalDebt": 117397897216, "totalRevenue": 3862700032, "debtToEquity": 956.134, "revenuePerShare": 71.71, "grossProfits": 3022500000, "earningsGrowth": 3.288, "revenueGrowth": 0.394, "grossMargins": 0.98788, "ebitdaMargins": 0.0, "operatingMargins": 0.15634, "profitMargins": 0.1354, "financialCurrency": "INR"}}}