{"GICRE.NS": {"assetProfile": {"address1": "Suraksha", "address2": "170, Jamshedji Tata Road Churchgate", "city": "Mumbai", "zip": "400020", "country": "India", "phone": "91 22 2286 7000", "fax": "91 22 2288 4010", "website": "http://www.gicofindia.com/en", "industry": "Insurance\u2014Reinsurance", "sector": "Financial Services", "longBusinessSummary": "General Insurance Corporation of India provides reinsurance services in India and internationally. It offers property, energy, marine, engineering, liability, spares, health, agriculture/weather, motor and workmen compensation, fire, aviation, life reinsurance, and miscellaneous products, as well as marine hull, cargo, and offshore energy reinsurance products. The company also provides reinsurance solutions for the Afro-Asian region and reinsurance programs in South East Asia, the Middle East, and Africa. General Insurance Corporation of India was founded in 1972 and is headquartered in Mumbai, India.", "fullTimeEmployees": 517, "companyOfficers": [{"maxAge": 1, "name": "Mr. Devesh  Srivastava", "age": 57, "title": "Chairman, MD & CEO", "yearBorn": 1963, "fiscalYear": 2020, "totalPay": 3090716, "exercisedValue": 0, "unexercisedValue": 0}, {"maxAge": 1, "name": "Ms. Suchita  Gupta", "age": 56, "title": "CFO, Company Sec., GM & Chief Compliance Officer", "yearBorn": 1964, "fiscalYear": 2020, "totalPay": 3019048, "exercisedValue": 0, "unexercisedValue": 0}, {"maxAge": 1, "name": "Mr. Deepak  Prasad", "age": 59, "title": "GM, Chief Underwriting Officer, Chief Marketing Officer & Director", "yearBorn": 1961, "fiscalYear": 2020, "totalPay": 3285633, "exercisedValue": 0, "unexercisedValue": 0}, {"maxAge": 1, "name": "Ms. Madhulika  Bhaskar", "age": 57, "title": "GM, Financial Advisor & Chief of Internal Audit", "yearBorn": 1963, "fiscalYear": 2020, "totalPay": 3074384, "exercisedValue": 0, "unexercisedValue": 0}, {"maxAge": 1, "name": "Mr. Satyajit  Tripathy", "age": 56, "title": "Gen. Mang.", "yearBorn": 1964, "fiscalYear": 2020, "totalPay": 2610953, "exercisedValue": 0, "unexercisedValue": 0}, {"maxAge": 1, "name": "Mr. Satheesh N. Bhat", "title": "Gen. Insurance Actuary", "fiscalYear": 2020, "totalPay": 7379262, "exercisedValue": 0, "unexercisedValue": 0}, {"maxAge": 1, "name": "Ms. Jayashree  Ranade", "title": "Chief Investment Officer", "exercisedValue": 0, "unexercisedValue": 0}, {"maxAge": 1, "name": "Mr. Hitesh  Joshi", "title": "Deputy GM & Investor Relations Mang.", "exercisedValue": 0, "unexercisedValue": 0}, {"maxAge": 1, "name": "Ms. Girija  Subramanian", "title": "Gen. Mang.", "exercisedValue": 0, "unexercisedValue": 0}, {"maxAge": 1, "name": "Mr. Bijayananda  Padhi", "title": "Chief Vigilance Officer", "exercisedValue": 0, "unexercisedValue": 0}], "compensationAsOfEpochDate": "2020-12-31 05:30:00", "maxAge": 86400}, "recommendationTrend": {"trend": [{"period": "0m", "strongBuy": 0, "buy": 0, "hold": 0, "sell": 0, "strongSell": 0}, {"period": "-1m", "strongBuy": 0, "buy": 0, "hold": 0, "sell": 0, "strongSell": 0}, {"period": "-2m", "strongBuy": 0, "buy": 0, "hold": 0, "sell": 0, "strongSell": 0}, {"period": "-3m", "strongBuy": 0, "buy": 0, "hold": 0, "sell": 0, "strongSell": 0}], "maxAge": 86400}, "cashflowStatementHistory": {"cashflowStatements": [{"maxAge": 1, "endDate": "2020-03-31", "netIncome": -1864566000, "depreciation": 117208000, "changeToNetincome": 17357000, "changeToLiabilities": 0, "changeToOperatingActivities": 87834224000, "totalCashFromOperatingActivities": 86169843000, "capitalExpenditures": -29877000, "investments": -46581624000, "otherCashflowsFromInvestingActivities": 657547000, "totalCashflowsFromInvestingActivities": -45951555000, "dividendsPaid": -11842200000, "otherCashflowsFromFinancingActivities": -2434283000, "totalCashFromFinancingActivities": -14276483000, "effectOfExchangeRate": 5794154000, "changeInCash": 31735959000}, {"maxAge": 1, "endDate": "2019-03-31", "netIncome": 27575695000, "depreciation": 144257000, "changeToNetincome": 2830960000, "changeToLiabilities": 0, "changeToOperatingActivities": 45490989000, "totalCashFromOperatingActivities": 76041901000, "capitalExpenditures": -402534000, "investments": -78324683000, "otherCashflowsFromInvestingActivities": 77205000, "totalCashflowsFromInvestingActivities": -78645831000, "dividendsPaid": -11842200000, "otherCashflowsFromFinancingActivities": -2434283000, "totalCashFromFinancingActivities": -14276483000, "effectOfExchangeRate": 3640380000, "changeInCash": -13240033000}, {"maxAge": 1, "endDate": "2018-03-31", "netIncome": 31455369000, "depreciation": 77868000, "changeToNetincome": 3168350000, "changeToLiabilities": 0, "changeToOperatingActivities": 53668159000, "totalCashFromOperatingActivities": 88369746000, "capitalExpenditures": -159580000, "investments": -59666049000, "otherCashflowsFromInvestingActivities": 4799026000, "totalCashflowsFromInvestingActivities": -55024644000, "dividendsPaid": -10020000000, "otherCashflowsFromFinancingActivities": -2039872000, "totalCashFromFinancingActivities": -12059872000, "effectOfExchangeRate": -1028125000, "changeInCash": 20257105000}, {"maxAge": 1, "endDate": "2017-03-31", "netIncome": 36717406000, "depreciation": 99479000, "changeToNetincome": 1854949000, "changeToLiabilities": 0, "changeToOperatingActivities": 40340226000, "totalCashFromOperatingActivities": 79012060000, "capitalExpenditures": -35278000, "investments": -38312152000, "otherCashflowsFromInvestingActivities": -5191664000, "totalCashflowsFromInvestingActivities": -43537670000, "dividendsPaid": -8600000000, "otherCashflowsFromFinancingActivities": -1750788000, "totalCashFromFinancingActivities": -10350788000, "effectOfExchangeRate": -602942000, "changeInCash": 24520660000}], "maxAge": 86400}, "indexTrend": {"maxAge": 1, "symbol": "SP5", "peRatio": 19.7411, "pegRatio": 1.34172, "estimates": [{"period": "0q", "growth": 0.549}, {"period": "+1q", "growth": 0.431}, {"period": "0y", "growth": 0.305}, {"period": "+1y", "growth": 0.109}, {"period": "+5y", "growth": 0.120865}, {"period": "-5y"}]}, "defaultKeyStatistics": {"maxAge": 1, "priceHint": 2, "enterpriseValue": 180580139008, "profitMargins": 0.04093, "floatShares": 249342215, "sharesOutstanding": 1754400000, "heldPercentInsiders": 0.85783994, "heldPercentInstitutions": 0.09358, "beta": 1.224016, "category": null, "bookValue": 283.442, "priceToBook": 0.72237, "fundFamily": null, "legalType": null, "lastFiscalYearEnd": "2020-03-31 05:30:00", "nextFiscalYearEnd": "2022-03-31 05:30:00", "mostRecentQuarter": "2020-12-31 05:30:00", "netIncomeToCommon": 19723433984, "trailingEps": 11.246, "lastSplitFactor": "2:1", "lastSplitDate": "2018-07-12 05:30:00", "enterpriseToRevenue": 0.375, "enterpriseToEbitda": 9.077}, "industryTrend": {"maxAge": 1, "symbol": null, "estimates": []}, "quoteType": {"exchange": "NSI", "quoteType": "EQUITY", "symbol": "GICRE.NS", "underlyingSymbol": "GICRE.NS", "shortName": "GENERAL INSURANCE", "longName": "General Insurance Corporation of India", "firstTradeDateEpochUtc": "2017-10-25 09:15:00", "timeZoneFullName": "Asia/Kolkata", "timeZoneShortName": "IST", "uuid": "3ccfd073-0ab0-30a4-98c5-abf87eae235e", "gmtOffSetMilliseconds": 19800000, "maxAge": 1}, "incomeStatementHistory": {"incomeStatementHistory": [{"maxAge": 1, "endDate": "2020-03-31", "totalRevenue": 512213651000, "costOfRevenue": 515824084000, "grossProfit": -3610433000, "researchDevelopment": {}, "sellingGeneralAdministrative": 4456889000, "nonRecurring": {}, "otherOperatingExpenses": {}, "totalOperatingExpenses": 521598100000, "operatingIncome": -9384449000, "totalOtherIncomeExpenseNet": 6646123000, "ebit": -9384449000, "interestExpense": -274105000, "incomeBeforeTax": -2738326000, "incomeTaxExpense": -873760000, "minorityInterest": {}, "netIncomeFromContinuingOps": -1864566000, "discontinuedOperations": {}, "extraordinaryItems": {}, "effectOfAccountingCharges": {}, "otherItems": {}, "netIncome": -1864566000, "netIncomeApplicableToCommonShares": -1864566000}, {"maxAge": 1, "endDate": "2019-03-31", "totalRevenue": 445002050000, "costOfRevenue": 405731940000, "grossProfit": 39270110000, "researchDevelopment": {}, "sellingGeneralAdministrative": 3116355000, "nonRecurring": {}, "otherOperatingExpenses": {}, "totalOperatingExpenses": 409866230000, "operatingIncome": 35135820000, "totalOtherIncomeExpenseNet": 4598534000, "ebit": 35135820000, "interestExpense": -346806000, "incomeBeforeTax": 39734354000, "incomeTaxExpense": 12158659000, "minorityInterest": {}, "netIncomeFromContinuingOps": 27575695000, "discontinuedOperations": {}, "extraordinaryItems": {}, "effectOfAccountingCharges": {}, "otherItems": {}, "netIncome": 27575695000, "netIncomeApplicableToCommonShares": 27575695000}, {"maxAge": 1, "endDate": "2018-03-31", "totalRevenue": 435567035000, "costOfRevenue": 394801045000, "grossProfit": 40765990000, "researchDevelopment": {}, "sellingGeneralAdministrative": 2455203000, "nonRecurring": {}, "otherOperatingExpenses": {}, "totalOperatingExpenses": 398131241000, "operatingIncome": 37435794000, "totalOtherIncomeExpenseNet": -1631239000, "ebit": 37435794000, "interestExpense": -116641000, "incomeBeforeTax": 35804555000, "incomeTaxExpense": 4349186000, "minorityInterest": {}, "netIncomeFromContinuingOps": 31455369000, "discontinuedOperations": {}, "extraordinaryItems": {}, "effectOfAccountingCharges": {}, "otherItems": {}, "netIncome": 31455369000, "netIncomeApplicableToCommonShares": 31455367000}, {"maxAge": 1, "endDate": "2017-03-31", "totalRevenue": 312895539000, "costOfRevenue": 269728509000, "grossProfit": 43167030000, "researchDevelopment": {}, "sellingGeneralAdministrative": 2662831000, "nonRecurring": {}, "otherOperatingExpenses": {}, "totalOperatingExpenses": 274696918000, "operatingIncome": 38198621000, "totalOtherIncomeExpenseNet": 3479880000, "ebit": 38198621000, "interestExpense": -72491000, "incomeBeforeTax": 41678501000, "incomeTaxExpense": 4961095000, "minorityInterest": {}, "netIncomeFromContinuingOps": 36717406000, "discontinuedOperations": {}, "extraordinaryItems": {}, "effectOfAccountingCharges": {}, "otherItems": {}, "netIncome": 36717406000, "netIncomeApplicableToCommonShares": 36717406000}], "maxAge": 86400}, "fundOwnership": {"ownershipList": [{"maxAge": 1, "reportDate": "2021-01-31", "organization": "DFA Investment Dimensions-DFA Emerging Mkts Value", "pctHeld": 0.0001, "position": 111280, "value": 14677832}], "maxAge": 1}, "summaryDetail": {"maxAge": 1, "priceHint": 2, "previousClose": 202.2, "open": 204.2, "dayLow": 202.05, "dayHigh": 208.0, "regularMarketPreviousClose": 202.2, "regularMarketOpen": 204.2, "regularMarketDayLow": 202.05, "regularMarketDayHigh": 208.0, "exDividendDate": "2019-07-19 05:30:00", "payoutRatio": 0.0, "beta": 1.224016, "trailingPE": 18.206472, "volume": 584372, "regularMarketVolume": 584372, "averageVolume": 1646407, "averageVolume10days": 2864139, "averageDailyVolume10Day": 2864139, "bid": 0.0, "ask": 0.0, "bidSize": 0, "askSize": 0, "marketCap": 360011923456, "fiftyTwoWeekLow": 108.5, "fiftyTwoWeekHigh": 244.2, "priceToSalesTrailing12Months": 0.74703366, "fiftyDayAverage": 197.99706, "twoHundredDayAverage": 148.20107, "trailingAnnualDividendRate": 6.75, "trailingAnnualDividendYield": 0.03338279, "currency": "INR", "fromCurrency": null, "lastMarket": null, "algorithm": null, "tradeable": false}, "insiderHolders": {"holders": [], "maxAge": 1}, "calendarEvents": {"maxAge": 1, "earnings": {"earningsDate": []}, "exDividendDate": "2019-07-19 05:30:00"}, "upgradeDowngradeHistory": {"history": [], "maxAge": 86400}, "price": {"maxAge": 1, "regularMarketChangePercent": 0.012611291, "regularMarketChange": 2.550003, "regularMarketTime": "2021-04-30 15:30:00", "priceHint": 2, "regularMarketPrice": 204.75, "regularMarketDayHigh": 208.0, "regularMarketDayLow": 202.05, "regularMarketVolume": 584372, "averageDailyVolume10Day": 2864139, "averageDailyVolume3Month": 1646407, "regularMarketPreviousClose": 202.2, "regularMarketSource": "FREE_REALTIME", "regularMarketOpen": 204.2, "exchange": "NSI", "exchangeName": "NSE", "exchangeDataDelayedBy": 15, "marketState": "CLOSED", "quoteType": "EQUITY", "symbol": "GICRE.NS", "underlyingSymbol": null, "shortName": "GENERAL INSURANCE", "longName": "General Insurance Corporation of India", "currency": "INR", "quoteSourceName": "Delayed Quote", "currencySymbol": "\u20b9", "fromCurrency": null, "lastMarket": null, "marketCap": 360011923456}, "balanceSheetHistory": {"balanceSheetStatements": [{"maxAge": 1, "endDate": "2020-03-31", "cash": 161067329000, "shortTermInvestments": 13567766000, "netReceivables": 12877565000, "otherCurrentAssets": 317882091000, "totalCurrentAssets": 505554778000, "longTermInvestments": 163718235000, "propertyPlantEquipment": 1736649000, "goodWill": 273832000, "intangibleAssets": 80245000, "otherAssets": 534448198000, "deferredLongTermAssetCharges": 210715000, "totalAssets": 1205811937000, "accountsPayable": 797488834000, "otherCurrentLiab": 18623539000, "totalCurrentLiabilities": 817651109000, "totalLiab": 817651109000, "commonStock": 8772000000, "retainedEarnings": 205145111000, "treasuryStock": 158803053000, "capitalSurplus": 15440664000, "otherStockholderEquity": 158803053000, "totalStockholderEquity": 388160828000, "netTangibleAssets": 387806751000}, {"maxAge": 1, "endDate": "2019-03-31", "cash": 129331368000, "netReceivables": 2423713000, "otherCurrentAssets": 264879622000, "totalCurrentAssets": 396779350000, "longTermInvestments": 245707039000, "propertyPlantEquipment": 1836881000, "goodWill": 273832000, "intangibleAssets": 138911000, "otherAssets": 577350679000, "deferredLongTermAssetCharges": 25562000, "totalAssets": 1222086692000, "accountsPayable": 644677245000, "otherCurrentLiab": 12786059000, "totalCurrentLiabilities": 662923312000, "totalLiab": 662923312000, "commonStock": 8772000000, "retainedEarnings": 221286158000, "treasuryStock": 313664558000, "capitalSurplus": 15440664000, "otherStockholderEquity": 313664558000, "totalStockholderEquity": 559163380000, "netTangibleAssets": 558750637000}, {"maxAge": 1, "endDate": "2018-03-31", "cash": 142571399000, "shortTermInvestments": 12379147000, "netReceivables": 847398000, "otherCurrentAssets": 238438858000, "totalCurrentAssets": 394316186000, "longTermInvestments": 215731503000, "propertyPlantEquipment": 1644999000, "goodWill": 273832000, "intangibleAssets": 76897000, "otherAssets": 512798668000, "deferredLongTermAssetCharges": 174863000, "totalAssets": 1124842085000, "accountsPayable": 575294161000, "otherCurrentLiab": 6803929000, "totalCurrentLiabilities": 584951292000, "totalLiab": 584951292000, "commonStock": 4386000000, "retainedEarnings": 212372945000, "treasuryStock": 307691184000, "capitalSurplus": 15440664000, "otherStockholderEquity": 307691184000, "totalStockholderEquity": 539890793000, "netTangibleAssets": 539540064000}, {"maxAge": 1, "endDate": "2017-03-31", "cash": 122314294000, "shortTermInvestments": 13378989000, "netReceivables": 1345952000, "otherCurrentAssets": 179306139000, "totalCurrentAssets": 316406046000, "longTermInvestments": 220681271000, "propertyPlantEquipment": 1528065000, "goodWill": 273832000, "intangibleAssets": 114108000, "otherAssets": 434136721000, "deferredLongTermAssetCharges": 163151000, "totalAssets": 973140043000, "accountsPayable": 459761775000, "otherCurrentLiab": 10581779000, "totalCurrentLiabilities": 470942387000, "totalLiab": 470942387000, "commonStock": 4300000000, "retainedEarnings": 192977449000, "treasuryStock": 304920207000, "otherStockholderEquity": 304920207000, "totalStockholderEquity": 502197656000, "netTangibleAssets": 501809716000}], "maxAge": 86400}, "earningsTrend": {"trend": [{"maxAge": 1, "period": "0q", "endDate": null, "growth": {}, "earningsEstimate": {"avg": 0.0, "low": 0.0, "high": 0.0, "yearAgoEps": {}, "numberOfAnalysts": 0, "growth": {}}, "revenueEstimate": {"avg": 0, "low": 0, "high": 0, "numberOfAnalysts": 0, "yearAgoRevenue": {}, "growth": {}}, "epsTrend": {"current": 0.0, "7daysAgo": 0.0, "30daysAgo": 0.0, "60daysAgo": 0.0, "90daysAgo": 0.0}, "epsRevisions": {"upLast7days": 0, "upLast30days": 0, "downLast30days": 0, "downLast90days": {}}}, {"maxAge": 1, "period": "+1q", "endDate": null, "growth": {}, "earningsEstimate": {"avg": 0.0, "low": 0.0, "high": 0.0, "yearAgoEps": {}, "numberOfAnalysts": 0, "growth": {}}, "revenueEstimate": {"avg": 0, "low": 0, "high": 0, "numberOfAnalysts": 0, "yearAgoRevenue": {}, "growth": {}}, "epsTrend": {"current": 0.0, "7daysAgo": 0.0, "30daysAgo": 0.0, "60daysAgo": 0.0, "90daysAgo": 0.0}, "epsRevisions": {"upLast7days": 0, "upLast30days": 0, "downLast30days": 0, "downLast90days": {}}}, {"maxAge": 1, "period": "0y", "endDate": null, "growth": {}, "earningsEstimate": {"avg": 0.0, "low": 0.0, "high": 0.0, "yearAgoEps": {}, "numberOfAnalysts": 0, "growth": {}}, "revenueEstimate": {"avg": 0, "low": 0, "high": 0, "numberOfAnalysts": 0, "yearAgoRevenue": {}, "growth": {}}, "epsTrend": {"current": 0.0, "7daysAgo": 0.0, "30daysAgo": 0.0, "60daysAgo": 0.0, "90daysAgo": 0.0}, "epsRevisions": {"upLast7days": 0, "upLast30days": 0, "downLast30days": 0, "downLast90days": {}}}, {"maxAge": 1, "period": "+1y", "endDate": null, "growth": {}, "earningsEstimate": {"avg": 0.0, "low": 0.0, "high": 0.0, "yearAgoEps": {}, "numberOfAnalysts": 0, "growth": {}}, "revenueEstimate": {"avg": 0, "low": 0, "high": 0, "numberOfAnalysts": 0, "yearAgoRevenue": {}, "growth": {}}, "epsTrend": {"current": 0.0, "7daysAgo": 0.0, "30daysAgo": 0.0, "60daysAgo": 0.0, "90daysAgo": 0.0}, "epsRevisions": {"upLast7days": 0, "upLast30days": 0, "downLast30days": 0, "downLast90days": {}}}, {"maxAge": 1, "period": "+5y", "endDate": null, "growth": 0.1247, "earningsEstimate": {"avg": {}, "low": {}, "high": {}, "yearAgoEps": {}, "numberOfAnalysts": {}, "growth": {}}, "revenueEstimate": {"avg": {}, "low": {}, "high": {}, "numberOfAnalysts": {}, "yearAgoRevenue": {}, "growth": {}}, "epsTrend": {"current": {}, "7daysAgo": {}, "30daysAgo": {}, "60daysAgo": {}, "90daysAgo": {}}, "epsRevisions": {"upLast7days": {}, "upLast30days": {}, "downLast30days": {}, "downLast90days": {}}}, {"maxAge": 1, "period": "-5y", "endDate": null, "growth": {}, "earningsEstimate": {"avg": {}, "low": {}, "high": {}, "yearAgoEps": {}, "numberOfAnalysts": {}, "growth": {}}, "revenueEstimate": {"avg": {}, "low": {}, "high": {}, "numberOfAnalysts": {}, "yearAgoRevenue": {}, "growth": {}}, "epsTrend": {"current": {}, "7daysAgo": {}, "30daysAgo": {}, "60daysAgo": {}, "90daysAgo": {}}, "epsRevisions": {"upLast7days": {}, "upLast30days": {}, "downLast30days": {}, "downLast90days": {}}}], "maxAge": 1}, "institutionOwnership": {"ownershipList": [], "maxAge": 1}, "majorHoldersBreakdown": {"maxAge": 1, "insidersPercentHeld": 0.85783994, "institutionsPercentHeld": 0.09358, "institutionsFloatPercentHeld": 0.65832, "institutionsCount": 18}, "balanceSheetHistoryQuarterly": {"balanceSheetStatements": [{"maxAge": 1, "endDate": "2020-12-31", "cash": 178542100000, "otherCurrentAssets": 327214200000, "totalCurrentAssets": 505756300000, "longTermInvestments": 207070800000, "propertyPlantEquipment": 1741700000, "goodWill": 273800000, "otherAssets": 676269900000, "deferredLongTermAssetCharges": 71500000, "totalAssets": 1391112500000, "otherCurrentLiab": 893967400000, "otherLiab": -200000, "totalCurrentLiabilities": 893967400000, "totalLiab": 893967200000, "commonStock": 8772000000, "treasuryStock": 488373300000, "otherStockholderEquity": 488373300000, "totalStockholderEquity": 497145300000, "netTangibleAssets": 496871500000}, {"maxAge": 1, "endDate": "2020-09-30", "cash": 171630400000, "otherCurrentAssets": 335038900000, "totalCurrentAssets": 506669300000, "longTermInvestments": 185683000000, "propertyPlantEquipment": 1772800000, "goodWill": 273800000, "otherAssets": 613349300000, "deferredLongTermAssetCharges": 1001900000, "totalAssets": 1307748200000, "otherCurrentLiab": 875140900000, "totalCurrentLiabilities": 875140900000, "totalLiab": 875140900000, "commonStock": 8772000000, "treasuryStock": 423835300000, "otherStockholderEquity": 423835300000, "totalStockholderEquity": 432607300000, "netTangibleAssets": 432333500000}, {"maxAge": 1, "endDate": "2020-06-30", "cash": 193612600000, "otherCurrentAssets": 388139900000, "totalCurrentAssets": 581752500000, "longTermInvestments": 169686300000, "propertyPlantEquipment": 1794300000, "goodWill": 273800000, "otherAssets": 585038800000, "deferredLongTermAssetCharges": 2787200000, "totalAssets": 1338545700000, "otherCurrentLiab": 910252200000, "otherLiab": 200000, "totalCurrentLiabilities": 910252200000, "totalLiab": 910252400000, "commonStock": 8772000000, "treasuryStock": 419521300000, "otherStockholderEquity": 419521300000, "totalStockholderEquity": 428293300000, "netTangibleAssets": 428019500000}, {"maxAge": 1, "endDate": "2020-03-31", "cash": 161067329000, "shortTermInvestments": 13567766000, "netReceivables": 12877565000, "otherCurrentAssets": 317882091000, "totalCurrentAssets": 505554778000, "longTermInvestments": 163718235000, "propertyPlantEquipment": 1736649000, "goodWill": 273832000, "intangibleAssets": 80245000, "otherAssets": 534448198000, "deferredLongTermAssetCharges": 210715000, "totalAssets": 1205811937000, "accountsPayable": 797488834000, "otherCurrentLiab": 18623539000, "totalCurrentLiabilities": 817651109000, "totalLiab": 817651109000, "commonStock": 8772000000, "retainedEarnings": 205145111000, "treasuryStock": 158803053000, "capitalSurplus": 15440664000, "otherStockholderEquity": 158803053000, "totalStockholderEquity": 388160828000, "netTangibleAssets": 387806751000}], "maxAge": 86400}, "earningsHistory": {"history": [{"maxAge": 1, "epsActual": {}, "epsEstimate": {}, "epsDifference": {}, "surprisePercent": {}, "quarter": {}, "period": "-4q"}, {"maxAge": 1, "epsActual": {}, "epsEstimate": {}, "epsDifference": {}, "surprisePercent": {}, "quarter": {}, "period": "-3q"}, {"maxAge": 1, "epsActual": {}, "epsEstimate": {}, "epsDifference": {}, "surprisePercent": {}, "quarter": {}, "period": "-2q"}, {"maxAge": 1, "epsActual": {}, "epsEstimate": {}, "epsDifference": {}, "surprisePercent": {}, "quarter": {}, "period": "-1q"}], "maxAge": 86400}, "summaryProfile": {"address1": "Suraksha", "address2": "170, Jamshedji Tata Road Churchgate", "city": "Mumbai", "zip": "400020", "country": "India", "phone": "91 22 2286 7000", "fax": "91 22 2288 4010", "website": "http://www.gicofindia.com/en", "industry": "Insurance\u2014Reinsurance", "sector": "Financial Services", "longBusinessSummary": "General Insurance Corporation of India provides reinsurance services in India and internationally. It offers property, energy, marine, engineering, liability, spares, health, agriculture/weather, motor and workmen compensation, fire, aviation, life reinsurance, and miscellaneous products, as well as marine hull, cargo, and offshore energy reinsurance products. The company also provides reinsurance solutions for the Afro-Asian region and reinsurance programs in South East Asia, the Middle East, and Africa. General Insurance Corporation of India was founded in 1972 and is headquartered in Mumbai, India.", "fullTimeEmployees": 517, "companyOfficers": [], "maxAge": 86400}, "netSharePurchaseActivity": {"maxAge": 1, "period": "6m", "buyInfoCount": 0, "buyInfoShares": 0, "sellInfoCount": 0, "netInfoCount": 0, "netInfoShares": 0, "netPercentInsiderShares": 0.0, "totalInsiderShares": 1504612480}, "sectorTrend": {"maxAge": 1, "symbol": null, "estimates": []}, "incomeStatementHistoryQuarterly": {"incomeStatementHistory": [{"maxAge": 1, "endDate": "2020-12-31", "totalRevenue": 117830700000, "costOfRevenue": 100684500000, "grossProfit": 17146200000, "researchDevelopment": {}, "sellingGeneralAdministrative": 688700000, "nonRecurring": {}, "otherOperatingExpenses": 298500000, "totalOperatingExpenses": 102523300000, "operatingIncome": 15307400000, "totalOtherIncomeExpenseNet": -810400000, "ebit": 15307400000, "interestExpense": {}, "incomeBeforeTax": 14497000000, "incomeTaxExpense": 5183500000, "minorityInterest": {}, "netIncomeFromContinuingOps": 9313500000, "discontinuedOperations": {}, "extraordinaryItems": {}, "effectOfAccountingCharges": {}, "otherItems": {}, "netIncome": 9313500000, "netIncomeApplicableToCommonShares": 9313500000}, {"maxAge": 1, "endDate": "2020-09-30", "totalRevenue": 122970900000, "costOfRevenue": 113827000000, "grossProfit": 9143900000, "researchDevelopment": {}, "sellingGeneralAdministrative": 928000000, "nonRecurring": {}, "otherOperatingExpenses": 427100000, "totalOperatingExpenses": 116635500000, "operatingIncome": 6335400000, "totalOtherIncomeExpenseNet": -2219200000, "ebit": 6335400000, "interestExpense": {}, "incomeBeforeTax": 4116200000, "incomeTaxExpense": 1832200000, "minorityInterest": {}, "netIncomeFromContinuingOps": 2284000000, "discontinuedOperations": {}, "extraordinaryItems": {}, "effectOfAccountingCharges": {}, "otherItems": {}, "netIncome": 2284000000, "netIncomeApplicableToCommonShares": 2284000000}, {"maxAge": 1, "endDate": "2020-06-30", "totalRevenue": 148200400000, "costOfRevenue": 155173300000, "grossProfit": -6972900000, "researchDevelopment": {}, "sellingGeneralAdministrative": 356600000, "nonRecurring": {}, "otherOperatingExpenses": 415600000, "totalOperatingExpenses": 157813700000, "operatingIncome": -9613300000, "totalOtherIncomeExpenseNet": 2209800000, "ebit": -9613300000, "interestExpense": {}, "incomeBeforeTax": -7403500000, "incomeTaxExpense": -2433300000, "minorityInterest": {}, "netIncomeFromContinuingOps": -4970200000, "discontinuedOperations": {}, "extraordinaryItems": {}, "effectOfAccountingCharges": {}, "otherItems": {}, "netIncome": -4970200000, "netIncomeApplicableToCommonShares": -4970200000}, {"maxAge": 1, "endDate": "2020-03-31", "totalRevenue": 92919951000, "costOfRevenue": 91137484000, "grossProfit": 1782467000, "researchDevelopment": {}, "sellingGeneralAdministrative": 2552589000, "nonRecurring": {}, "otherOperatingExpenses": -1333300000, "totalOperatingExpenses": 85152700000, "operatingIncome": 7767251000, "totalOtherIncomeExpenseNet": 3960723000, "ebit": 7767251000, "interestExpense": -274105000, "incomeBeforeTax": 11727974000, "incomeTaxExpense": -1368260000, "minorityInterest": {}, "netIncomeFromContinuingOps": 13096234000, "discontinuedOperations": {}, "extraordinaryItems": {}, "effectOfAccountingCharges": {}, "otherItems": {}, "netIncome": 13096234000, "netIncomeApplicableToCommonShares": 13096234000}], "maxAge": 86400}, "cashflowStatementHistoryQuarterly": {"cashflowStatements": [{"maxAge": 1, "endDate": "2020-12-31", "netIncome": 9313500000, "changeToLiabilities": 0}, {"maxAge": 1, "endDate": "2020-09-30", "netIncome": 2284000000, "changeToLiabilities": 0}, {"maxAge": 1, "endDate": "2020-06-30", "netIncome": -4970200000, "changeToLiabilities": 0}, {"maxAge": 1, "endDate": "2020-03-31", "netIncome": 13096234000, "changeToLiabilities": 0}], "maxAge": 86400}, "earnings": {"maxAge": 86400, "earningsChart": {"quarterly": [], "earningsDate": []}, "financialsChart": {"yearly": [{"date": 2017, "revenue": 312895539000, "earnings": 36717406000}, {"date": 2018, "revenue": 435567035000, "earnings": 31455369000}, {"date": 2019, "revenue": 445002050000, "earnings": 27575695000}, {"date": 2020, "revenue": 512213651000, "earnings": -1864566000}], "quarterly": [{"date": "1Q2020", "revenue": 92919951000, "earnings": 13096234000}, {"date": "2Q2020", "revenue": 148200400000, "earnings": -4970200000}, {"date": "3Q2020", "revenue": 122970900000, "earnings": 2284000000}, {"date": "4Q2020", "revenue": 117830700000, "earnings": 9313500000}]}, "financialCurrency": "INR"}, "financialData": {"maxAge": 86400, "currentPrice": 204.75, "targetHighPrice": 400.0, "targetLowPrice": 210.5, "targetMeanPrice": 305.25, "targetMedianPrice": 305.25, "recommendationMean": 2.5, "recommendationKey": "buy", "numberOfAnalystOpinions": 2, "totalCash": 178542100480, "totalCashPerShare": 101.794, "ebitda": 19893872640, "totalDebt": 0, "quickRatio": 0.2, "currentRatio": 0.566, "totalRevenue": 481921957888, "revenuePerShare": 274.773, "returnOnAssets": 0.00913, "returnOnEquity": 0.0397, "grossProfits": -3610433000, "revenueGrowth": 0.174, "grossMargins": 0.04378, "ebitdaMargins": 0.041279998, "operatingMargins": 0.041079998, "profitMargins": 0.04093, "financialCurrency": "INR"}}}