{"GICRE.BO": {"recommendationTrend": {"trend": [{"period": "0m", "strongBuy": 0, "buy": 0, "hold": 0, "sell": 0, "strongSell": 0}, {"period": "-1m", "strongBuy": 0, "buy": 0, "hold": 0, "sell": 0, "strongSell": 0}, {"period": "-2m", "strongBuy": 0, "buy": 0, "hold": 0, "sell": 0, "strongSell": 0}, {"period": "-3m", "strongBuy": 0, "buy": 0, "hold": 0, "sell": 0, "strongSell": 0}], "maxAge": 86400}, "cashflowStatementHistory": {"cashflowStatements": [{"maxAge": 1, "endDate": "2019-03-31", "netIncome": 27575695000, "depreciation": 97689000, "changeToNetincome": 2830960000, "changeToLiabilities": 0, "changeToOperatingActivities": 45490989000, "totalCashFromOperatingActivities": 76041901000, "capitalExpenditures": -402534000, "investments": -78324683000, "otherCashflowsFromInvestingActivities": 77205000, "totalCashflowsFromInvestingActivities": -78645831000, "dividendsPaid": -11842200000, "otherCashflowsFromFinancingActivities": -2434283000, "totalCashFromFinancingActivities": -14276483000, "effectOfExchangeRate": 3640380000, "changeInCash": -13240033000}, {"maxAge": 1, "endDate": "2018-03-31", "netIncome": 31455369000, "depreciation": 77868000, "changeToNetincome": 3168350000, "changeToLiabilities": 0, "changeToOperatingActivities": 53668159000, "totalCashFromOperatingActivities": 88369746000, "capitalExpenditures": -159580000, "investments": -59666049000, "otherCashflowsFromInvestingActivities": 4799026000, "totalCashflowsFromInvestingActivities": -55024644000, "dividendsPaid": -10020000000, "otherCashflowsFromFinancingActivities": -2039872000, "totalCashFromFinancingActivities": -12059872000, "effectOfExchangeRate": -1028125000, "changeInCash": 20257105000}, {"maxAge": 1, "endDate": "2017-03-31", "netIncome": 36717406000, "depreciation": 99479000, "changeToNetincome": 1854949000, "changeToLiabilities": 0, "changeToOperatingActivities": 40340226000, "totalCashFromOperatingActivities": 79012060000, "capitalExpenditures": -35278000, "investments": -38312152000, "otherCashflowsFromInvestingActivities": -5191664000, "totalCashflowsFromInvestingActivities": -43537670000, "dividendsPaid": -8600000000, "otherCashflowsFromFinancingActivities": -1750788000, "totalCashFromFinancingActivities": -10350788000, "effectOfExchangeRate": -602942000, "changeInCash": 24520660000}, {"maxAge": 1, "endDate": "2016-03-31", "netIncome": 28234150000, "depreciation": 36120000, "changeToNetincome": 3137620000, "changeToLiabilities": 0, "changeToOperatingActivities": 28661570000, "totalCashFromOperatingActivities": 60127850000, "capitalExpenditures": -425930000, "investments": -37455550000, "otherCashflowsFromInvestingActivities": 2201210000, "totalCashflowsFromInvestingActivities": -35677640000, "dividendsPaid": -5400000000, "otherCashflowsFromFinancingActivities": -1099330000, "totalCashFromFinancingActivities": -6499330000, "effectOfExchangeRate": 2353990000, "changeInCash": 20304870000}], "maxAge": 86400}, "institutionOwnership": {"ownershipList": [], "maxAge": 1}, "balanceSheetHistoryQuarterly": {"balanceSheetStatements": [{"maxAge": 1, "endDate": "2020-06-30", "cash": 193612600000, "otherCurrentAssets": 388139900000, "totalCurrentAssets": 581752500000, "longTermInvestments": 169686300000, "propertyPlantEquipment": 1794300000, "goodWill": 273800000, "otherAssets": 585038800000, "deferredLongTermAssetCharges": 2787200000, "totalAssets": 1338545700000, "otherCurrentLiab": 910252200000, "otherLiab": 200000, "totalCurrentLiabilities": 910252200000, "totalLiab": 910252400000, "commonStock": 8772000000, "treasuryStock": 419521300000, "otherStockholderEquity": 419521300000, "totalStockholderEquity": 428293300000, "netTangibleAssets": 428019500000}, {"maxAge": 1, "endDate": "2019-12-31", "cash": 145473600000, "otherCurrentAssets": 358528900000, "totalCurrentAssets": 504002500000, "longTermInvestments": 193566900000, "propertyPlantEquipment": 1853000000, "goodWill": 273800000, "otherAssets": 618585400000, "deferredLongTermAssetCharges": 24500000, "totalAssets": 1318281600000, "otherCurrentLiab": 821844300000, "totalCurrentLiabilities": 821844300000, "totalLiab": 821844300000, "commonStock": 8772000000, "treasuryStock": 487665300000, "otherStockholderEquity": 487665300000, "totalStockholderEquity": 496437300000, "netTangibleAssets": 496163500000}, {"maxAge": 1, "endDate": "2019-09-30", "cash": 136008500000, "otherCurrentAssets": 356470400000, "totalCurrentAssets": 492478900000, "longTermInvestments": 197024600000, "propertyPlantEquipment": 1884300000, "goodWill": 273800000, "otherAssets": 602967800000, "deferredLongTermAssetCharges": 29600000, "totalAssets": 1294629400000, "otherCurrentLiab": 794177300000, "totalCurrentLiabilities": 794177300000, "totalLiab": 794177300000, "commonStock": 8772000000, "treasuryStock": 491680100000, "otherStockholderEquity": 491680100000, "totalStockholderEquity": 500452100000, "netTangibleAssets": 500178300000}, {"maxAge": 1, "endDate": "2019-06-30", "cash": 138853300000, "otherCurrentAssets": 357718800000, "totalCurrentAssets": 496572100000, "longTermInvestments": 221829200000, "propertyPlantEquipment": 1936300000, "goodWill": 273800000, "otherAssets": 602683300000, "deferredLongTermAssetCharges": 25000000, "totalAssets": 1323294700000, "otherCurrentLiab": 771587500000, "otherLiab": -200000, "totalCurrentLiabilities": 771587500000, "totalLiab": 771587300000, "commonStock": 8772000000, "treasuryStock": 542935400000, "otherStockholderEquity": 542935400000, "totalStockholderEquity": 551707400000, "netTangibleAssets": 551433600000}], "maxAge": 86400}, "earningsHistory": {"history": [{"maxAge": 1, "epsActual": {}, "epsEstimate": {}, "epsDifference": {}, "surprisePercent": {}, "quarter": {}, "period": "-4q"}, {"maxAge": 1, "epsActual": {}, "epsEstimate": {}, "epsDifference": {}, "surprisePercent": {}, "quarter": {}, "period": "-3q"}, {"maxAge": 1, "epsActual": {}, "epsEstimate": {}, "epsDifference": {}, "surprisePercent": {}, "quarter": {}, "period": "-2q"}, {"maxAge": 1, "epsActual": {}, "epsEstimate": {}, "epsDifference": {}, "surprisePercent": {}, "quarter": {}, "period": "-1q"}], "maxAge": 86400}, "indexTrend": {"maxAge": 1, "symbol": "SP5", "peRatio": 19.7411, "pegRatio": 1.34172, "estimates": [{"period": "0q", "growth": 0.549}, {"period": "+1q", "growth": 0.431}, {"period": "0y", "growth": 0.305}, {"period": "+1y", "growth": 0.109}, {"period": "+5y", "growth": 0.120865}, {"period": "-5y"}]}, "industryTrend": {"maxAge": 1, "symbol": null, "estimates": []}, "quoteType": {"exchange": "BSE", "quoteType": "EQUITY", "symbol": "GICRE.BO", "underlyingSymbol": "GICRE.BO", "shortName": "General Insurance Corporation", "longName": "General Insurance Corporation of India", "firstTradeDateEpochUtc": "2017-10-25 09:15:00", "timeZoneFullName": "Asia/Kolkata", "timeZoneShortName": "IST", "uuid": "4c0138ff-8366-35a9-83c9-4e3f871c81b4", "gmtOffSetMilliseconds": 19800000, "maxAge": 1}, "incomeStatementHistory": {"incomeStatementHistory": [{"maxAge": 1, "endDate": "2019-03-31", "totalRevenue": 445054996000, "costOfRevenue": 405784884000, "grossProfit": 39270112000, "researchDevelopment": {}, "sellingGeneralAdministrative": 3333910000, "nonRecurring": {}, "otherOperatingExpenses": {}, "totalOperatingExpenses": 410136729000, "operatingIncome": 34918267000, "totalOtherIncomeExpenseNet": 4816087000, "ebit": 34918267000, "interestExpense": -129258000, "incomeBeforeTax": 39734354000, "incomeTaxExpense": 12158659000, "minorityInterest": {}, "netIncomeFromContinuingOps": 27575695000, "discontinuedOperations": {}, "extraordinaryItems": {}, "effectOfAccountingCharges": {}, "otherItems": {}, "netIncome": 27575695000, "netIncomeApplicableToCommonShares": 27575695000}, {"maxAge": 1, "endDate": "2018-03-31", "totalRevenue": 435567035000, "costOfRevenue": 394801045000, "grossProfit": 40765990000, "researchDevelopment": {}, "sellingGeneralAdministrative": 2455203000, "nonRecurring": {}, "otherOperatingExpenses": {}, "totalOperatingExpenses": 398131241000, "operatingIncome": 37435794000, "totalOtherIncomeExpenseNet": -1631239000, "ebit": 37435794000, "interestExpense": -116641000, "incomeBeforeTax": 35804555000, "incomeTaxExpense": 4349186000, "minorityInterest": {}, "netIncomeFromContinuingOps": 31455369000, "discontinuedOperations": {}, "extraordinaryItems": {}, "effectOfAccountingCharges": {}, "otherItems": {}, "netIncome": 31455369000, "netIncomeApplicableToCommonShares": 31455367000}, {"maxAge": 1, "endDate": "2017-03-31", "totalRevenue": 312895539000, "costOfRevenue": 269728509000, "grossProfit": 43167030000, "researchDevelopment": {}, "sellingGeneralAdministrative": 2662831000, "nonRecurring": {}, "otherOperatingExpenses": {}, "totalOperatingExpenses": 274696918000, "operatingIncome": 38198621000, "totalOtherIncomeExpenseNet": 3479880000, "ebit": 38198621000, "interestExpense": -72491000, "incomeBeforeTax": 41678501000, "incomeTaxExpense": 4961095000, "minorityInterest": {}, "netIncomeFromContinuingOps": 36717406000, "discontinuedOperations": {}, "extraordinaryItems": {}, "effectOfAccountingCharges": {}, "otherItems": {}, "netIncome": 36717406000, "netIncomeApplicableToCommonShares": 36717406000}, {"maxAge": 1, "endDate": "2016-03-31", "totalRevenue": 193885520000, "costOfRevenue": 165224630000, "grossProfit": 28660890000, "researchDevelopment": {}, "sellingGeneralAdministrative": 2391020000, "nonRecurring": {}, "otherOperatingExpenses": {}, "totalOperatingExpenses": 166042350000, "operatingIncome": 27843170000, "totalOtherIncomeExpenseNet": 3709190000, "ebit": 27843170000, "interestExpense": -7520000, "incomeBeforeTax": 31552360000, "incomeTaxExpense": 3318210000, "minorityInterest": {}, "netIncomeFromContinuingOps": 28234150000, "discontinuedOperations": {}, "extraordinaryItems": {}, "effectOfAccountingCharges": {}, "otherItems": {}, "netIncome": 28234150000, "netIncomeApplicableToCommonShares": 28234150000}], "maxAge": 86400}, "fundOwnership": {"ownershipList": [{"maxAge": 1, "reportDate": "2020-08-31", "organization": "WisdomTree Tr-WisdomTree India Earnings Fd", "pctHeld": 0.0001, "position": 221549, "value": 32545548}, {"maxAge": 1, "reportDate": "2020-07-31", "organization": "DFA Investment Dimensions-DFA Emerging Mkts Value", "pctHeld": 0.0001, "position": 111280, "value": 15996500}, {"maxAge": 1, "reportDate": "2020-06-30", "organization": "PIMCO Equity Series-PIMCO RAE Emerging Markets Fd", "pctHeld": 0.0001, "position": 108135, "value": 16128335}], "maxAge": 1}, "summaryDetail": {"maxAge": 1, "priceHint": 2, "previousClose": 202.65, "open": 204.85, "dayLow": 202.7, "dayHigh": 208.0, "regularMarketPreviousClose": 202.65, "regularMarketOpen": 204.85, "regularMarketDayLow": 202.7, "regularMarketDayHigh": 208.0, "volume": 49406, "regularMarketVolume": 49406, "averageVolume": 52139, "averageVolume10days": 46446, "averageDailyVolume10Day": 46446, "bid": 204.45, "ask": 205.0, "bidSize": 0, "askSize": 0, "marketCap": 358950240256, "fiftyTwoWeekLow": 81.7, "fiftyTwoWeekHigh": 274.95, "fiftyDayAverage": 140.07425, "twoHundredDayAverage": 136.14044, "trailingAnnualDividendRate": 6.75, "trailingAnnualDividendYield": 0.033308662, "currency": "INR", "fromCurrency": null, "lastMarket": null, "algorithm": null, "tradeable": false}, "sectorTrend": {"maxAge": 1, "symbol": null, "estimates": []}, "incomeStatementHistoryQuarterly": {"incomeStatementHistory": [{"maxAge": 1, "endDate": "2020-06-30", "totalRevenue": 148200400000, "costOfRevenue": 155173300000, "grossProfit": -6972900000, "researchDevelopment": {}, "sellingGeneralAdministrative": 356600000, "nonRecurring": {}, "otherOperatingExpenses": 415600000, "totalOperatingExpenses": 157813700000, "operatingIncome": -9613300000, "totalOtherIncomeExpenseNet": 2209800000, "ebit": -9613300000, "interestExpense": {}, "incomeBeforeTax": -7403500000, "incomeTaxExpense": -2433300000, "minorityInterest": {}, "netIncomeFromContinuingOps": -4970200000, "discontinuedOperations": {}, "extraordinaryItems": {}, "effectOfAccountingCharges": {}, "otherItems": {}, "netIncome": -4970200000, "netIncomeApplicableToCommonShares": -4970200000}, {"maxAge": 1, "endDate": "2019-12-31", "totalRevenue": 100407700000, "costOfRevenue": 106915500000, "grossProfit": -6507800000, "researchDevelopment": {}, "sellingGeneralAdministrative": -97500000, "nonRecurring": {}, "otherOperatingExpenses": 559600000, "totalOperatingExpenses": 110498500000, "operatingIncome": -10090800000, "totalOtherIncomeExpenseNet": 74000000, "ebit": -10090800000, "interestExpense": {}, "incomeBeforeTax": -10016800000, "incomeTaxExpense": 338600000, "minorityInterest": {}, "netIncomeFromContinuingOps": -10355400000, "discontinuedOperations": {}, "extraordinaryItems": {}, "effectOfAccountingCharges": {}, "otherItems": {}, "netIncome": -10355400000, "netIncomeApplicableToCommonShares": -10355400000}, {"maxAge": 1, "endDate": "2019-09-30", "totalRevenue": 136560900000, "costOfRevenue": 141348000000, "grossProfit": -4787100000, "researchDevelopment": {}, "sellingGeneralAdministrative": 1675600000, "nonRecurring": {}, "otherOperatingExpenses": 374500000, "totalOperatingExpenses": 144661000000, "operatingIncome": -8100100000, "totalOtherIncomeExpenseNet": 1670100000, "ebit": -8100100000, "interestExpense": {}, "incomeBeforeTax": -6430000000, "incomeTaxExpense": 96000000, "minorityInterest": {}, "netIncomeFromContinuingOps": -6526000000, "discontinuedOperations": {}, "extraordinaryItems": {}, "effectOfAccountingCharges": {}, "otherItems": {}, "netIncome": -6526000000, "netIncomeApplicableToCommonShares": -6526000000}, {"maxAge": 1, "endDate": "2019-06-30", "totalRevenue": 182325000000, "costOfRevenue": 176423100000, "grossProfit": 5901900000, "researchDevelopment": {}, "sellingGeneralAdministrative": 326300000, "nonRecurring": {}, "otherOperatingExpenses": 399200000, "totalOperatingExpenses": 181285900000, "operatingIncome": 1039100000, "totalOtherIncomeExpenseNet": 867500000, "ebit": 1039100000, "interestExpense": {}, "incomeBeforeTax": 1980600000, "incomeTaxExpense": 59900000, "minorityInterest": {}, "netIncomeFromContinuingOps": 1920700000, "discontinuedOperations": {}, "extraordinaryItems": {}, "effectOfAccountingCharges": {}, "otherItems": {}, "netIncome": 1920700000, "netIncomeApplicableToCommonShares": 1920700000}], "maxAge": 86400}, "cashflowStatementHistoryQuarterly": {"cashflowStatements": [{"maxAge": 1, "endDate": "2020-06-30", "netIncome": -4970200000, "changeToLiabilities": 0}, {"maxAge": 1, "endDate": "2019-12-31", "netIncome": -10355400000, "changeToLiabilities": 0}, {"maxAge": 1, "endDate": "2019-09-30", "netIncome": -6526000000, "changeToLiabilities": 0}, {"maxAge": 1, "endDate": "2019-06-30", "netIncome": 1920700000, "changeToLiabilities": 0}], "maxAge": 86400}, "insiderHolders": {"holders": [], "maxAge": 1}, "earnings": {"maxAge": 86400, "earningsChart": {"quarterly": [], "earningsDate": ["2020-09-09 05:30:S"]}, "financialsChart": {"yearly": [{"date": 2016, "revenue": 193885520000, "earnings": 28234150000}, {"date": 2017, "revenue": 312895539000, "earnings": 36717406000}, {"date": 2018, "revenue": 435567035000, "earnings": 31455369000}, {"date": 2019, "revenue": 445054996000, "earnings": 27575695000}], "quarterly": [{"date": "2Q2019", "revenue": 182325000000, "earnings": 1920700000}, {"date": "3Q2019", "revenue": 136560900000, "earnings": -6526000000}, {"date": "4Q2019", "revenue": 100407700000, "earnings": -10355400000}, {"date": "2Q2020", "revenue": 148200400000, "earnings": -4970200000}]}, "financialCurrency": "INR"}, "calendarEvents": {"maxAge": 1, "earnings": {"earningsDate": ["2020-09-09 05:30:S"]}}, "upgradeDowngradeHistory": {"history": [], "maxAge": 86400}, "price": {"maxAge": 1, "regularMarketChangePercent": 0.009622563, "regularMarketChange": 1.9500122, "regularMarketTime": "2021-04-30 15:29:50", "priceHint": 2, "regularMarketPrice": 204.6, "regularMarketDayHigh": 208.0, "regularMarketDayLow": 202.7, "regularMarketVolume": 49406, "averageDailyVolume10Day": 46446, "averageDailyVolume3Month": 52139, "regularMarketPreviousClose": 202.65, "regularMarketSource": "FREE_REALTIME", "regularMarketOpen": 204.85, "exchange": "BSE", "exchangeName": "BSE", "exchangeDataDelayedBy": 0, "marketState": "CLOSED", "quoteType": "EQUITY", "symbol": "GICRE.BO", "underlyingSymbol": null, "shortName": "General Insurance Corporation", "longName": "General Insurance Corporation of India", "currency": "INR", "quoteSourceName": "Delayed Quote", "currencySymbol": "\u20b9", "fromCurrency": null, "lastMarket": null, "marketCap": 358950240256}, "balanceSheetHistory": {"balanceSheetStatements": [{"maxAge": 1, "endDate": "2019-03-31", "cash": 129331368000, "netReceivables": 2423713000, "otherCurrentAssets": 264879622000, "totalCurrentAssets": 396779350000, "longTermInvestments": 245707039000, "propertyPlantEquipment": 1836881000, "goodWill": 273832000, "intangibleAssets": 138911000, "otherAssets": 577350679000, "deferredLongTermAssetCharges": 25562000, "totalAssets": 1222086692000, "accountsPayable": 644677244000, "otherCurrentLiab": 12786059000, "totalCurrentLiabilities": 662923312000, "totalLiab": 662923312000, "commonStock": 8772000000, "retainedEarnings": 221286158000, "treasuryStock": 313664558000, "capitalSurplus": 15440664000, "otherStockholderEquity": 313664558000, "totalStockholderEquity": 559163380000, "netTangibleAssets": 558750637000}, {"maxAge": 1, "endDate": "2018-03-31", "cash": 142571399000, "shortTermInvestments": 12379147000, "netReceivables": 847398000, "otherCurrentAssets": 238438858000, "totalCurrentAssets": 394316186000, "longTermInvestments": 215731503000, "propertyPlantEquipment": 1644999000, "goodWill": 273832000, "intangibleAssets": 76897000, "otherAssets": 512798668000, "deferredLongTermAssetCharges": 174863000, "totalAssets": 1124842085000, "accountsPayable": 575294161000, "otherCurrentLiab": 6803929000, "totalCurrentLiabilities": 584951292000, "totalLiab": 584951292000, "commonStock": 4386000000, "retainedEarnings": 212372945000, "treasuryStock": 307691184000, "capitalSurplus": 15440664000, "otherStockholderEquity": 307691184000, "totalStockholderEquity": 539890793000, "netTangibleAssets": 539540064000}, {"maxAge": 1, "endDate": "2017-03-31", "cash": 122314294000, "shortTermInvestments": 13378989000, "netReceivables": 1345952000, "otherCurrentAssets": 179306139000, "totalCurrentAssets": 316406046000, "longTermInvestments": 220681271000, "propertyPlantEquipment": 1528065000, "goodWill": 273832000, "intangibleAssets": 114108000, "otherAssets": 434136721000, "deferredLongTermAssetCharges": 163151000, "totalAssets": 973140043000, "accountsPayable": 459761775000, "otherCurrentLiab": 10581779000, "totalCurrentLiabilities": 470942387000, "totalLiab": 470942387000, "commonStock": 4300000000, "retainedEarnings": 192977449000, "treasuryStock": 304920207000, "otherStockholderEquity": 304920207000, "totalStockholderEquity": 502197656000, "netTangibleAssets": 501809716000}, {"maxAge": 1, "endDate": "2016-03-31", "cash": 97793630000, "shortTermInvestments": 8988030000, "netReceivables": 175690000, "otherCurrentAssets": 100215990000, "totalCurrentAssets": 207253640000, "longTermInvestments": 192990460000, "propertyPlantEquipment": 1561640000, "goodWill": 378670000, "intangibleAssets": 197380000, "otherAssets": 358645670000, "deferredLongTermAssetCharges": 106790000, "totalAssets": 761027460000, "accountsPayable": 334054780000, "otherCurrentLiab": 5327270000, "totalCurrentLiabilities": 342282320000, "totalLiab": 342282320000, "commonStock": 4300000000, "retainedEarnings": 169943260000, "treasuryStock": 244501880000, "otherStockholderEquity": 244501880000, "totalStockholderEquity": 418745140000, "netTangibleAssets": 418169090000}], "maxAge": 86400}, "earningsTrend": {"trend": [{"maxAge": 1, "period": "0q", "endDate": null, "growth": {}, "earningsEstimate": {"avg": 0.0, "low": 0.0, "high": 0.0, "yearAgoEps": {}, "numberOfAnalysts": 0, "growth": {}}, "revenueEstimate": {"avg": 0, "low": 0, "high": 0, "numberOfAnalysts": 0, "yearAgoRevenue": {}, "growth": {}}, "epsTrend": {"current": 0.0, "7daysAgo": 0.0, "30daysAgo": 0.0, "60daysAgo": 0.0, "90daysAgo": 0.0}, "epsRevisions": {"upLast7days": 0, "upLast30days": 0, "downLast30days": 0, "downLast90days": {}}}, {"maxAge": 1, "period": "+1q", "endDate": null, "growth": {}, "earningsEstimate": {"avg": 0.0, "low": 0.0, "high": 0.0, "yearAgoEps": {}, "numberOfAnalysts": 0, "growth": {}}, "revenueEstimate": {"avg": 0, "low": 0, "high": 0, "numberOfAnalysts": 0, "yearAgoRevenue": {}, "growth": {}}, "epsTrend": {"current": 0.0, "7daysAgo": 0.0, "30daysAgo": 0.0, "60daysAgo": 0.0, "90daysAgo": 0.0}, "epsRevisions": {"upLast7days": 0, "upLast30days": 0, "downLast30days": 0, "downLast90days": {}}}, {"maxAge": 1, "period": "0y", "endDate": null, "growth": {}, "earningsEstimate": {"avg": 0.0, "low": 0.0, "high": 0.0, "yearAgoEps": {}, "numberOfAnalysts": 0, "growth": {}}, "revenueEstimate": {"avg": 0, "low": 0, "high": 0, "numberOfAnalysts": 0, "yearAgoRevenue": {}, "growth": {}}, "epsTrend": {"current": 0.0, "7daysAgo": 0.0, "30daysAgo": 0.0, "60daysAgo": 0.0, "90daysAgo": 0.0}, "epsRevisions": {"upLast7days": 0, "upLast30days": 0, "downLast30days": 0, "downLast90days": {}}}, {"maxAge": 1, "period": "+1y", "endDate": null, "growth": {}, "earningsEstimate": {"avg": 0.0, "low": 0.0, "high": 0.0, "yearAgoEps": {}, "numberOfAnalysts": 0, "growth": {}}, "revenueEstimate": {"avg": 0, "low": 0, "high": 0, "numberOfAnalysts": 0, "yearAgoRevenue": {}, "growth": {}}, "epsTrend": {"current": 0.0, "7daysAgo": 0.0, "30daysAgo": 0.0, "60daysAgo": 0.0, "90daysAgo": 0.0}, "epsRevisions": {"upLast7days": 0, "upLast30days": 0, "downLast30days": 0, "downLast90days": {}}}, {"maxAge": 1, "period": "+5y", "endDate": null, "growth": 0.1067, "earningsEstimate": {"avg": {}, "low": {}, "high": {}, "yearAgoEps": {}, "numberOfAnalysts": {}, "growth": {}}, "revenueEstimate": {"avg": {}, "low": {}, "high": {}, "numberOfAnalysts": {}, "yearAgoRevenue": {}, "growth": {}}, "epsTrend": {"current": {}, "7daysAgo": {}, "30daysAgo": {}, "60daysAgo": {}, "90daysAgo": {}}, "epsRevisions": {"upLast7days": {}, "upLast30days": {}, "downLast30days": {}, "downLast90days": {}}}, {"maxAge": 1, "period": "-5y", "endDate": null, "growth": {}, "earningsEstimate": {"avg": {}, "low": {}, "high": {}, "yearAgoEps": {}, "numberOfAnalysts": {}, "growth": {}}, "revenueEstimate": {"avg": {}, "low": {}, "high": {}, "numberOfAnalysts": {}, "yearAgoRevenue": {}, "growth": {}}, "epsTrend": {"current": {}, "7daysAgo": {}, "30daysAgo": {}, "60daysAgo": {}, "90daysAgo": {}}, "epsRevisions": {"upLast7days": {}, "upLast30days": {}, "downLast30days": {}, "downLast90days": {}}}], "maxAge": 1}, "financialData": {"maxAge": 86400, "currentPrice": 204.6, "targetHighPrice": 480.0, "targetLowPrice": 375.0, "targetMeanPrice": 418.33, "targetMedianPrice": 400.0, "recommendationKey": "none", "numberOfAnalystOpinions": 3, "grossProfits": 39270112000, "financialCurrency": "INR"}}}