{"GILLETTE.NS": {"assetProfile": {"address1": "P&G Plaza", "address2": "Cardinal Gracias Road Chakala Andheri (East)", "city": "Mumbai", "zip": "400099", "country": "India", "phone": "91 22 2826 6000", "fax": "91 22 2826 7337", "website": "http://www.gillette.co.in", "industry": "Household & Personal Products", "sector": "Consumer Defensive", "longBusinessSummary": "Gillette India Limited manufactures and sells grooming and oral care products in India and internationally. The company offers shaving system and cartridges, blades, toiletries, razors, and components; and toothbrushes and oral care products. It also provides female personal care products under the Gillette Venus name; bear trimmers; and skin care and aftershave products. The company sells its products primarily under the Gillette and Oral-B brands. It markets and sells its products through mass merchandisers, grocery stores, membership club stores, drug stores, department stores, and high frequency stores. Gillette India Limited was incorporated in 1984 and is based in Mumbai, India. Gillette India Limited is a subsidiary of Procter & Gamble India Holdings B.V.", "fullTimeEmployees": 576, "companyOfficers": [{"maxAge": 1, "name": "Mr. Madhusudan  Gopalan", "age": 42, "title": "MD & Exec. Director", "yearBorn": 1978, "fiscalYear": 2020, "totalPay": 8557000, "exercisedValue": 0, "unexercisedValue": 0}, {"maxAge": 1, "name": "Mr. Gagan  Sawhney", "age": 44, "title": "Exec. Director of Fin., CFO & Additional Director", "yearBorn": 1976, "fiscalYear": 2020, "totalPay": 5104000, "exercisedValue": 0, "unexercisedValue": 0}, {"maxAge": 1, "name": "Mr. Ghanashyam  Hegde", "age": 42, "title": "Company Sec. & Compliance Officer", "yearBorn": 1978, "fiscalYear": 2020, "totalPay": 24598000, "exercisedValue": 0, "unexercisedValue": 0}, {"maxAge": 1, "name": "Mr. Karthik  Natarajan", "age": 43, "title": "Exec. Director and Sr. VP of Fin. & Accounting - Asia Pacific, Middle East & Africa", "yearBorn": 1977, "fiscalYear": 2020, "totalPay": 5818000, "exercisedValue": 0, "unexercisedValue": 0}, {"maxAge": 1, "name": "Mr. John T. Chevalier", "title": "Chief Investor Relations Officer", "exercisedValue": 0, "unexercisedValue": 0}], "compensationAsOfEpochDate": "2020-12-31 05:30:00", "maxAge": 86400}, "recommendationTrend": {"trend": [{"period": "0m", "strongBuy": 0, "buy": 0, "hold": 0, "sell": 0, "strongSell": 0}, {"period": "-1m", "strongBuy": 0, "buy": 0, "hold": 0, "sell": 0, "strongSell": 0}, {"period": "-2m", "strongBuy": 0, "buy": 0, "hold": 0, "sell": 0, "strongSell": 0}, {"period": "-3m", "strongBuy": 0, "buy": 0, "hold": 0, "sell": 0, "strongSell": 0}], "maxAge": 86400}, "cashflowStatementHistory": {"cashflowStatements": [{"maxAge": 1, "endDate": "2020-06-30", "netIncome": 2301800000, "depreciation": 510500000, "changeToNetincome": 72400000, "changeToAccountReceivables": -108700000, "changeToLiabilities": -72600000, "changeToInventory": -502600000, "changeToOperatingActivities": 51400000, "totalCashFromOperatingActivities": 2252200000, "capitalExpenditures": -355500000, "otherCashflowsFromInvestingActivities": 65200000, "totalCashflowsFromInvestingActivities": -290300000, "dividendsPaid": -814600000, "netBorrowings": -73500000, "otherCashflowsFromFinancingActivities": -166100000, "totalCashFromFinancingActivities": -1054200000, "changeInCash": 907700000}, {"maxAge": 1, "endDate": "2019-06-30", "netIncome": 2529200000, "depreciation": 477000000, "changeToNetincome": -628100000, "changeToAccountReceivables": -72700000, "changeToLiabilities": -543800000, "changeToInventory": -338600000, "changeToOperatingActivities": -81200000, "totalCashFromOperatingActivities": 1341800000, "capitalExpenditures": -754700000, "otherCashflowsFromInvestingActivities": 107900000, "totalCashflowsFromInvestingActivities": -646800000, "dividendsPaid": -1368600000, "netBorrowings": -73500000, "otherCashflowsFromFinancingActivities": -278600000, "totalCashFromFinancingActivities": -1647200000, "changeInCash": -952200000}, {"maxAge": 1, "endDate": "2018-06-30", "netIncome": 2290500000, "depreciation": 422900000, "changeToNetincome": 209300000, "changeToAccountReceivables": -446600000, "changeToLiabilities": 4000000, "changeToInventory": 222300000, "changeToOperatingActivities": -331200000, "totalCashFromOperatingActivities": 2371200000, "capitalExpenditures": -810600000, "otherCashflowsFromInvestingActivities": 43000000, "totalCashflowsFromInvestingActivities": -767600000, "dividendsPaid": -325900000, "netBorrowings": -73500000, "otherCashflowsFromFinancingActivities": -66400000, "totalCashFromFinancingActivities": -392300000, "changeInCash": 1211300000}, {"maxAge": 1, "endDate": "2017-06-30", "netIncome": 2530800000, "depreciation": 383500000, "changeToNetincome": -496500000, "changeToAccountReceivables": -205300000, "changeToLiabilities": -49400000, "changeToInventory": 221700000, "changeToOperatingActivities": 94900000, "totalCashFromOperatingActivities": 2479700000, "capitalExpenditures": -937500000, "otherCashflowsFromInvestingActivities": 312300000, "totalCashflowsFromInvestingActivities": 136900000, "dividendsPaid": -651700000, "netBorrowings": -73500000, "otherCashflowsFromFinancingActivities": -1171200000, "totalCashFromFinancingActivities": -6841000000, "changeInCash": -4224400000}], "maxAge": 86400}, "indexTrend": {"maxAge": 1, "symbol": "SP5", "peRatio": 19.7411, "pegRatio": 1.34172, "estimates": [{"period": "0q", "growth": 0.549}, {"period": "+1q", "growth": 0.431}, {"period": "0y", "growth": 0.305}, {"period": "+1y", "growth": 0.109}, {"period": "+5y", "growth": 0.120865}, {"period": "-5y"}]}, "defaultKeyStatistics": {"maxAge": 1, "priceHint": 2, "enterpriseValue": 174934622208, "profitMargins": 0.153, "floatShares": 6393021, "sharesOutstanding": 32585200, "heldPercentInsiders": 0.79764, "heldPercentInstitutions": 0.11416, "beta": 0.225673, "category": null, "bookValue": 285.018, "priceToBook": 19.271765, "fundFamily": null, "legalType": null, "lastFiscalYearEnd": "2020-06-30 05:30:00", "nextFiscalYearEnd": "2022-06-30 05:30:00", "mostRecentQuarter": "2020-12-31 05:30:00", "earningsQuarterlyGrowth": 0.152, "netIncomeToCommon": 2745400064, "trailingEps": 84.259, "lastSplitFactor": null, "enterpriseToRevenue": 9.749, "enterpriseToEbitda": 40.301}, "industryTrend": {"maxAge": 1, "symbol": null, "estimates": []}, "quoteType": {"exchange": "NSI", "quoteType": "EQUITY", "symbol": "GILLETTE.NS", "underlyingSymbol": "GILLETTE.NS", "shortName": "GILLETTE INDIA LTD", "longName": "Gillette India Limited", "firstTradeDateEpochUtc": "2002-07-01 09:15:00", "timeZoneFullName": "Asia/Kolkata", "timeZoneShortName": "IST", "uuid": "c12d6c46-0637-3774-b500-55a55c2a9a8e", "gmtOffSetMilliseconds": 19800000, "maxAge": 1}, "incomeStatementHistory": {"incomeStatementHistory": [{"maxAge": 1, "endDate": "2020-06-30", "totalRevenue": 16790600000, "costOfRevenue": 7377100000, "grossProfit": 9413500000, "researchDevelopment": {}, "sellingGeneralAdministrative": 3068400000, "nonRecurring": {}, "otherOperatingExpenses": 2700000000, "totalOperatingExpenses": 13656000000, "operatingIncome": 3134600000, "totalOtherIncomeExpenseNet": 5100000, "ebit": 3134600000, "interestExpense": -19600000, "incomeBeforeTax": 3139700000, "incomeTaxExpense": 837900000, "minorityInterest": {}, "netIncomeFromContinuingOps": 2301800000, "discontinuedOperations": {}, "extraordinaryItems": {}, "effectOfAccountingCharges": {}, "otherItems": {}, "netIncome": 2301800000, "netIncomeApplicableToCommonShares": 2301800000}, {"maxAge": 1, "endDate": "2019-06-30", "totalRevenue": 18616500000, "costOfRevenue": 8281900000, "grossProfit": 10334600000, "researchDevelopment": {}, "sellingGeneralAdministrative": 3139000000, "nonRecurring": {}, "otherOperatingExpenses": 3372900000, "totalOperatingExpenses": 15270800000, "operatingIncome": 3345700000, "totalOtherIncomeExpenseNet": 44800000, "ebit": 3345700000, "interestExpense": -51000000, "incomeBeforeTax": 3390500000, "incomeTaxExpense": 861300000, "minorityInterest": {}, "netIncomeFromContinuingOps": 2529200000, "discontinuedOperations": {}, "extraordinaryItems": {}, "effectOfAccountingCharges": {}, "otherItems": {}, "netIncome": 2529200000, "netIncomeApplicableToCommonShares": 2529200000}, {"maxAge": 1, "endDate": "2018-06-30", "totalRevenue": 16768500000, "costOfRevenue": 6971500000, "grossProfit": 9797000000, "researchDevelopment": {}, "sellingGeneralAdministrative": 2909200000, "nonRecurring": {}, "otherOperatingExpenses": 2725600000, "totalOperatingExpenses": 13029200000, "operatingIncome": 3739300000, "totalOtherIncomeExpenseNet": -293300000, "ebit": 3739300000, "interestExpense": -51000000, "incomeBeforeTax": 3446000000, "incomeTaxExpense": 1155500000, "minorityInterest": {}, "netIncomeFromContinuingOps": 2290500000, "discontinuedOperations": {}, "extraordinaryItems": {}, "effectOfAccountingCharges": {}, "otherItems": {}, "netIncome": 2290500000, "netIncomeApplicableToCommonShares": 2290500000}, {"maxAge": 1, "endDate": "2017-06-30", "totalRevenue": 17336000000, "costOfRevenue": 7907400000, "grossProfit": 9428600000, "researchDevelopment": {}, "sellingGeneralAdministrative": 3064700000, "nonRecurring": {}, "otherOperatingExpenses": 2450600000, "totalOperatingExpenses": 13806200000, "operatingIncome": 3529800000, "totalOtherIncomeExpenseNet": 213400000, "ebit": 3529800000, "interestExpense": -53800000, "incomeBeforeTax": 3743200000, "incomeTaxExpense": 1212400000, "minorityInterest": {}, "netIncomeFromContinuingOps": 2530800000, "discontinuedOperations": {}, "extraordinaryItems": {}, "effectOfAccountingCharges": {}, "otherItems": {}, "netIncome": 2530800000, "netIncomeApplicableToCommonShares": 2530800000}], "maxAge": 86400}, "fundOwnership": {"ownershipList": [{"maxAge": 1, "reportDate": "2021-01-31", "organization": "Vanguard International Stock Index-Emerging Markets Stk", "pctHeld": 0.0032, "position": 105789, "value": 594639969}, {"maxAge": 1, "reportDate": "2021-01-31", "organization": "Vanguard International Stock Index-Total Intl Stock Indx", "pctHeld": 0.0028, "position": 91889, "value": 516508069}, {"maxAge": 1, "reportDate": "2021-03-31", "organization": "iShares Core MSCI Emerging Markets ETF", "pctHeld": 0.0017, "position": 56726, "value": 334686236}, {"maxAge": 1, "reportDate": "2021-01-31", "organization": "DFA Emerging Markets Core Equity Portfolio", "pctHeld": 0.0008, "position": 27507, "value": 154616847}, {"maxAge": 1, "reportDate": "2021-01-31", "organization": "DFA Emerging Markets Small Cap Series", "pctHeld": 0.0005, "position": 16462, "value": 92532902}, {"maxAge": 1, "reportDate": "2021-03-31", "organization": "iShares Core MSCI Total International Stock ETF", "pctHeld": 0.0005, "position": 15385, "value": 90772269}, {"maxAge": 1, "reportDate": "2021-01-31", "organization": "Vanguard Intl Equity Index Fds-FTSE All World ex U.S. Index Fund", "pctHeld": 0.0004, "position": 13938, "value": 78345498}, {"maxAge": 1, "reportDate": "2021-03-31", "organization": "iShares MSCI India Small Cap ETF", "pctHeld": 0.0004, "position": 12130, "value": 71567606}, {"maxAge": 1, "reportDate": "2021-02-28", "organization": "Schwab Strategic Tr-Schwab Emerging Markets Equity ETF", "pctHeld": 0.00029999999, "position": 11152, "value": 61682827}, {"maxAge": 1, "reportDate": "2020-12-31", "organization": "College Retirement Equities Fund-Stock Account", "pctHeld": 0.0002, "position": 5042, "value": 29186625}], "maxAge": 1}, "summaryDetail": {"maxAge": 1, "priceHint": 2, "previousClose": 5492.4, "open": 5495.0, "dayLow": 5439.1, "dayHigh": 5510.0, "regularMarketPreviousClose": 5492.4, "regularMarketOpen": 5495.0, "regularMarketDayLow": 5439.1, "regularMarketDayHigh": 5510.0, "dividendRate": 82.0, "dividendYield": 0.0149, "exDividendDate": "2021-02-11 05:30:00", "payoutRatio": 0.5815, "fiveYearAvgDividendYield": 1.07, "beta": 0.225673, "trailingPE": 65.18947, "volume": 3936, "regularMarketVolume": 3936, "averageVolume": 8862, "averageVolume10days": 18532, "averageDailyVolume10Day": 18532, "bid": 0.0, "ask": 0.0, "bidSize": 0, "askSize": 0, "marketCap": 178983976960, "fiftyTwoWeekLow": 4670.1, "fiftyTwoWeekHigh": 6200.0, "priceToSalesTrailing12Months": 9.974753, "fiftyDayAverage": 5607.647, "twoHundredDayAverage": 5612.853, "trailingAnnualDividendRate": 82.0, "trailingAnnualDividendYield": 0.014929721, "currency": "INR", "fromCurrency": null, "lastMarket": null, "algorithm": null, "tradeable": false}, "insiderHolders": {"holders": [{"maxAge": 1, "name": "Adventz Investments & Holdings Ltd", "relation": "Promoter", "url": "", "transactionDescription": "Sale", "latestTransDate": "2013-11-20", "positionDirect": 1109104, "positionDirectDate": "2013-11-20"}, {"maxAge": 1, "name": "Agarwala (Sharadha)", "relation": "UNREPORTED", "url": "", "transactionDescription": "Sale", "latestTransDate": "2013-11-19", "positionDirect": 0, "positionDirectDate": "2013-11-19"}, {"maxAge": 1, "name": "Globalware Tading & Holdings Ltd", "relation": "Promoter", "url": "", "transactionDescription": "Sale", "latestTransDate": "2013-11-19", "positionDirect": 0, "positionDirectDate": "2013-11-19"}, {"maxAge": 1, "name": "Life Insurance Corporation of India", "relation": "Promoter", "url": "", "transactionDescription": "Acquisition", "latestTransDate": "2020-08-18", "positionDirect": 1637673, "positionDirectDate": "2020-08-18"}, {"maxAge": 1, "name": "Mining Consultants India Pvt Ltd", "relation": "Promoter", "url": "", "transactionDescription": "Other", "latestTransDate": "2017-12-22", "positionDirect": 0, "positionDirectDate": "2017-12-22"}, {"maxAge": 1, "name": "Nexus Mercantile Pvt Ltd", "relation": "Promoter", "url": "", "transactionDescription": "Other", "latestTransDate": "2017-12-22", "positionDirect": 0, "positionDirectDate": "2017-12-22"}, {"maxAge": 1, "name": "Planon Group Ltd", "relation": "Promoter", "url": "", "transactionDescription": "Sale", "latestTransDate": "2013-11-19", "positionDirect": 516038, "positionDirectDate": "2013-11-19"}, {"maxAge": 1, "name": "Poddar (Akshay)", "relation": "Director (Non-Executive)", "url": "", "transactionDescription": "Sale", "latestTransDate": "2013-11-19", "positionDirect": 0, "positionDirectDate": "2013-11-19"}, {"maxAge": 1, "name": "Poddar (Jyotsna)", "relation": "Promoter", "url": "", "transactionDescription": "Sale", "latestTransDate": "2013-11-20", "positionDirect": 0, "positionDirectDate": "2013-11-20"}, {"maxAge": 1, "name": "Poddar (Saroj Kumar)", "relation": "Non Executive Chairman", "url": "", "transactionDescription": "Sale", "latestTransDate": "2013-11-19", "positionDirect": 0, "positionDirectDate": "2013-11-19"}], "maxAge": 1}, "calendarEvents": {"maxAge": 1, "earnings": {"earningsDate": []}, "exDividendDate": "2021-02-11 05:30:00"}, "upgradeDowngradeHistory": {"history": [], "maxAge": 86400}, "price": {"maxAge": 1, "regularMarketChangePercent": 7.281013e-05, "regularMarketChange": 0.39990234, "regularMarketTime": "2021-04-30 15:29:20", "priceHint": 2, "regularMarketPrice": 5492.8, "regularMarketDayHigh": 5510.0, "regularMarketDayLow": 5439.1, "regularMarketVolume": 3936, "averageDailyVolume10Day": 18532, "averageDailyVolume3Month": 8862, "regularMarketPreviousClose": 5492.4, "regularMarketSource": "FREE_REALTIME", "regularMarketOpen": 5495.0, "exchange": "NSI", "exchangeName": "NSE", "exchangeDataDelayedBy": 15, "marketState": "CLOSED", "quoteType": "EQUITY", "symbol": "GILLETTE.NS", "underlyingSymbol": null, "shortName": "GILLETTE INDIA LTD", "longName": "Gillette India Limited", "currency": "INR", "quoteSourceName": "Delayed Quote", "currencySymbol": "\u20b9", "fromCurrency": null, "lastMarket": null, "marketCap": 178983976960}, "balanceSheetHistory": {"balanceSheetStatements": [{"maxAge": 1, "endDate": "2020-06-30", "cash": 2307000000, "shortTermInvestments": 300000, "netReceivables": 2116200000, "inventory": 2842700000, "otherCurrentAssets": 378500000, "totalCurrentAssets": 7647700000, "propertyPlantEquipment": 3176500000, "otherAssets": 2694000000, "deferredLongTermAssetCharges": 230400000, "totalAssets": 13518200000, "accountsPayable": 2873500000, "otherCurrentLiab": 482400000, "otherLiab": 614100000, "totalCurrentLiabilities": 3789900000, "totalLiab": 4405400000, "commonStock": 325900000, "retainedEarnings": 7129000000, "treasuryStock": 1328900000, "capitalSurplus": 329000000, "otherStockholderEquity": 1328900000, "totalStockholderEquity": 9112800000, "netTangibleAssets": 9112800000}, {"maxAge": 1, "endDate": "2019-06-30", "cash": 1399300000, "shortTermInvestments": 300000, "netReceivables": 2032700000, "inventory": 2340100000, "otherCurrentAssets": 237600000, "totalCurrentAssets": 6011600000, "propertyPlantEquipment": 3247300000, "otherAssets": 2845200000, "deferredLongTermAssetCharges": 321700000, "totalAssets": 12104100000, "accountsPayable": 2817100000, "otherCurrentLiab": 460400000, "otherLiab": 511000000, "totalCurrentLiabilities": 3809500000, "totalLiab": 4320500000, "commonStock": 325900000, "retainedEarnings": 5819700000, "treasuryStock": 1309000000, "capitalSurplus": 329000000, "otherStockholderEquity": 1309000000, "totalStockholderEquity": 7783600000, "netTangibleAssets": 7783600000}, {"maxAge": 1, "endDate": "2018-06-30", "cash": 2351500000, "shortTermInvestments": 300000, "netReceivables": 1847000000, "inventory": 2001500000, "otherCurrentAssets": 117600000, "totalCurrentAssets": 6319500000, "propertyPlantEquipment": 3047800000, "otherAssets": 2722700000, "deferredLongTermAssetCharges": 164000000, "totalAssets": 12090000000, "accountsPayable": 3293000000, "otherCurrentLiab": 998500000, "otherLiab": 354700000, "totalCurrentLiabilities": 4793500000, "totalLiab": 5148200000, "commonStock": 325900000, "retainedEarnings": 4989500000, "treasuryStock": 1297400000, "capitalSurplus": 329000000, "otherStockholderEquity": 1297400000, "totalStockholderEquity": 6941800000, "netTangibleAssets": 6941800000}, {"maxAge": 1, "endDate": "2017-06-30", "cash": 1140200000, "shortTermInvestments": 300000, "netReceivables": 1572200000, "inventory": 2223800000, "otherCurrentAssets": 46500000, "totalCurrentAssets": 4984600000, "propertyPlantEquipment": 2774300000, "otherAssets": 2225700000, "deferredLongTermAssetCharges": 190100000, "totalAssets": 9984600000, "accountsPayable": 3227300000, "otherCurrentLiab": 904000000, "otherLiab": 338100000, "totalCurrentLiabilities": 4640400000, "totalLiab": 4978500000, "commonStock": 325900000, "retainedEarnings": 3062500000, "treasuryStock": 1288700000, "capitalSurplus": 329000000, "otherStockholderEquity": 1288700000, "totalStockholderEquity": 5006100000, "netTangibleAssets": 5006100000}], "maxAge": 86400}, "earningsTrend": {"trend": [{"maxAge": 1, "period": "0q", "endDate": null, "growth": {}, "earningsEstimate": {"avg": 0.0, "low": 0.0, "high": 0.0, "yearAgoEps": {}, "numberOfAnalysts": 0, "growth": {}}, "revenueEstimate": {"avg": 0, "low": 0, "high": 0, "numberOfAnalysts": 0, "yearAgoRevenue": {}, "growth": {}}, "epsTrend": {"current": 0.0, "7daysAgo": 0.0, "30daysAgo": 0.0, "60daysAgo": 0.0, "90daysAgo": 0.0}, "epsRevisions": {"upLast7days": 0, "upLast30days": 0, "downLast30days": 0, "downLast90days": {}}}, {"maxAge": 1, "period": "+1q", "endDate": null, "growth": {}, "earningsEstimate": {"avg": 0.0, "low": 0.0, "high": 0.0, "yearAgoEps": {}, "numberOfAnalysts": 0, "growth": {}}, "revenueEstimate": {"avg": 0, "low": 0, "high": 0, "numberOfAnalysts": 0, "yearAgoRevenue": {}, "growth": {}}, "epsTrend": {"current": 0.0, "7daysAgo": 0.0, "30daysAgo": 0.0, "60daysAgo": 0.0, "90daysAgo": 0.0}, "epsRevisions": {"upLast7days": 0, "upLast30days": 0, "downLast30days": 0, "downLast90days": {}}}, {"maxAge": 1, "period": "0y", "endDate": null, "growth": {}, "earningsEstimate": {"avg": 0.0, "low": 0.0, "high": 0.0, "yearAgoEps": {}, "numberOfAnalysts": 0, "growth": {}}, "revenueEstimate": {"avg": 0, "low": 0, "high": 0, "numberOfAnalysts": 0, "yearAgoRevenue": {}, "growth": {}}, "epsTrend": {"current": 0.0, "7daysAgo": 0.0, "30daysAgo": 0.0, "60daysAgo": 0.0, "90daysAgo": 0.0}, "epsRevisions": {"upLast7days": 0, "upLast30days": 0, "downLast30days": 0, "downLast90days": {}}}, {"maxAge": 1, "period": "+1y", "endDate": null, "growth": {}, "earningsEstimate": {"avg": 0.0, "low": 0.0, "high": 0.0, "yearAgoEps": {}, "numberOfAnalysts": 0, "growth": {}}, "revenueEstimate": {"avg": 0, "low": 0, "high": 0, "numberOfAnalysts": 0, "yearAgoRevenue": {}, "growth": {}}, "epsTrend": {"current": 0.0, "7daysAgo": 0.0, "30daysAgo": 0.0, "60daysAgo": 0.0, "90daysAgo": 0.0}, "epsRevisions": {"upLast7days": 0, "upLast30days": 0, "downLast30days": 0, "downLast90days": {}}}, {"maxAge": 1, "period": "+5y", "endDate": null, "growth": {}, "earningsEstimate": {"avg": {}, "low": {}, "high": {}, "yearAgoEps": {}, "numberOfAnalysts": {}, "growth": {}}, "revenueEstimate": {"avg": {}, "low": {}, "high": {}, "numberOfAnalysts": {}, "yearAgoRevenue": {}, "growth": {}}, "epsTrend": {"current": {}, "7daysAgo": {}, "30daysAgo": {}, "60daysAgo": {}, "90daysAgo": {}}, "epsRevisions": {"upLast7days": {}, "upLast30days": {}, "downLast30days": {}, "downLast90days": {}}}, {"maxAge": 1, "period": "-5y", "endDate": null, "growth": 0.66183, "earningsEstimate": {"avg": {}, "low": {}, "high": {}, "yearAgoEps": {}, "numberOfAnalysts": {}, "growth": {}}, "revenueEstimate": {"avg": {}, "low": {}, "high": {}, "numberOfAnalysts": {}, "yearAgoRevenue": {}, "growth": {}}, "epsTrend": {"current": {}, "7daysAgo": {}, "30daysAgo": {}, "60daysAgo": {}, "90daysAgo": {}}, "epsRevisions": {"upLast7days": {}, "upLast30days": {}, "downLast30days": {}, "downLast90days": {}}}], "maxAge": 1}, "institutionOwnership": {"ownershipList": [], "maxAge": 1}, "majorHoldersBreakdown": {"maxAge": 1, "insidersPercentHeld": 0.79764, "institutionsPercentHeld": 0.11416, "institutionsFloatPercentHeld": 0.56413, "institutionsCount": 34}, "balanceSheetHistoryQuarterly": {"balanceSheetStatements": [{"maxAge": 1, "endDate": "2020-12-31", "cash": 3995500000, "netReceivables": 2028500000, "inventory": 3621300000, "otherCurrentAssets": 213400000, "totalCurrentAssets": 9858700000, "propertyPlantEquipment": 3399700000, "otherAssets": 2413200000, "deferredLongTermAssetCharges": 284300000, "totalAssets": 15671600000, "accountsPayable": 4900100000, "otherCurrentLiab": 815400000, "otherLiab": 669800000, "totalCurrentLiabilities": 5715500000, "totalLiab": 6386400000, "commonStock": 325900000, "treasuryStock": 8959300000, "otherStockholderEquity": 8959300000, "totalStockholderEquity": 9285200000, "netTangibleAssets": 9285200000}, {"maxAge": 1, "endDate": "2020-09-30", "totalStockholderEquity": 9112800000, "netTangibleAssets": 9112800000}, {"maxAge": 1, "endDate": "2020-06-30", "cash": 2307000000, "shortTermInvestments": 300000, "netReceivables": 2116200000, "inventory": 2842700000, "otherCurrentAssets": 378500000, "totalCurrentAssets": 7647700000, "propertyPlantEquipment": 3176500000, "otherAssets": 2694000000, "deferredLongTermAssetCharges": 230400000, "totalAssets": 13518200000, "accountsPayable": 2873500000, "otherCurrentLiab": 482400000, "otherLiab": 614100000, "totalCurrentLiabilities": 3789900000, "totalLiab": 4405400000, "commonStock": 325900000, "retainedEarnings": 7129000000, "treasuryStock": 1328900000, "capitalSurplus": 329000000, "otherStockholderEquity": 1328900000, "totalStockholderEquity": 9112800000, "netTangibleAssets": 9112800000}, {"maxAge": 1, "endDate": "2020-03-31", "totalStockholderEquity": 8140000000, "netTangibleAssets": 8140000000}], "maxAge": 86400}, "earningsHistory": {"history": [{"maxAge": 1, "epsActual": {}, "epsEstimate": {}, "epsDifference": {}, "surprisePercent": {}, "quarter": {}, "period": "-4q"}, {"maxAge": 1, "epsActual": {}, "epsEstimate": {}, "epsDifference": {}, "surprisePercent": {}, "quarter": {}, "period": "-3q"}, {"maxAge": 1, "epsActual": {}, "epsEstimate": {}, "epsDifference": {}, "surprisePercent": {}, "quarter": {}, "period": "-2q"}, {"maxAge": 1, "epsActual": {}, "epsEstimate": {}, "epsDifference": {}, "surprisePercent": {}, "quarter": {}, "period": "-1q"}], "maxAge": 86400}, "summaryProfile": {"address1": "P&G Plaza", "address2": "Cardinal Gracias Road Chakala Andheri (East)", "city": "Mumbai", "zip": "400099", "country": "India", "phone": "91 22 2826 6000", "fax": "91 22 2826 7337", "website": "http://www.gillette.co.in", "industry": "Household & Personal Products", "sector": "Consumer Defensive", "longBusinessSummary": "Gillette India Limited manufactures and sells grooming and oral care products in India and internationally. The company offers shaving system and cartridges, blades, toiletries, razors, and components; and toothbrushes and oral care products. It also provides female personal care products under the Gillette Venus name; bear trimmers; and skin care and aftershave products. The company sells its products primarily under the Gillette and Oral-B brands. It markets and sells its products through mass merchandisers, grocery stores, membership club stores, drug stores, department stores, and high frequency stores. Gillette India Limited was incorporated in 1984 and is based in Mumbai, India. Gillette India Limited is a subsidiary of Procter & Gamble India Holdings B.V.", "fullTimeEmployees": 576, "companyOfficers": [], "maxAge": 86400}, "netSharePurchaseActivity": {"maxAge": 1, "period": "6m", "buyInfoCount": 0, "buyInfoShares": 0, "sellInfoCount": 0, "netInfoCount": 0, "netInfoShares": 0, "netPercentInsiderShares": 0.0, "totalInsiderShares": 25985168}, "insiderTransactions": {"transactions": [{"maxAge": 1, "shares": 17000, "filerUrl": "", "transactionText": "", "filerName": "Life Insurance Corporation of India", "filerRelation": "Promoter", "moneyText": "", "startDate": "2020-08-18", "ownership": "D"}, {"maxAge": 1, "shares": 636671, "filerUrl": "", "transactionText": "", "filerName": "Mining Consultants India Pvt Ltd", "filerRelation": "Promoter", "moneyText": "", "startDate": "2017-12-22", "ownership": "D"}, {"maxAge": 1, "shares": 133700, "filerUrl": "", "transactionText": "", "filerName": "Nexus Mercantile Pvt Ltd", "filerRelation": "Promoter", "moneyText": "", "startDate": "2017-12-22", "ownership": "D"}, {"maxAge": 1, "shares": 100000, "filerUrl": "", "transactionText": "", "filerName": "Poddar (Jyotsna)", "filerRelation": "Promoter", "moneyText": "", "startDate": "2013-11-20", "ownership": "D"}, {"maxAge": 1, "shares": 1379746, "filerUrl": "", "transactionText": "", "filerName": "Adventz Investments & Holdings Ltd", "filerRelation": "Promoter", "moneyText": "", "startDate": "2013-11-20", "ownership": "D"}, {"maxAge": 1, "shares": 11000, "filerUrl": "", "transactionText": "", "filerName": "Globalware Tading & Holdings Ltd", "filerRelation": "Promoter", "moneyText": "", "startDate": "2013-11-19", "ownership": "D"}, {"maxAge": 1, "shares": 516038, "filerUrl": "", "transactionText": "", "filerName": "Planon Group Ltd", "filerRelation": "Promoter", "moneyText": "", "startDate": "2013-11-19", "ownership": "D"}, {"maxAge": 1, "shares": 76923, "filerUrl": "", "transactionText": "", "filerName": "Poddar (Akshay)", "filerRelation": "Director (Non-Executive)", "moneyText": "", "startDate": "2013-11-19", "ownership": "D"}, {"maxAge": 1, "shares": 25500, "filerUrl": "", "transactionText": "", "filerName": "Agarwala (Sharadha)", "filerRelation": "UNREPORTED", "moneyText": "", "startDate": "2013-11-19", "ownership": "D"}, {"maxAge": 1, "shares": 323480, "filerUrl": "", "transactionText": "", "filerName": "Poddar (Saroj Kumar)", "filerRelation": "Non Executive Chairman", "moneyText": "", "startDate": "2013-11-19", "ownership": "D"}, {"maxAge": 1, "shares": 11741, "filerUrl": "", "transactionText": "", "filerName": "Adventz Finance Pvt Ltd", "filerRelation": "Promoter", "moneyText": "", "startDate": "2013-11-19", "ownership": "D"}, {"maxAge": 1, "shares": 98000, "filerUrl": "", "transactionText": "", "filerName": "Poddar (Saroj Kumar)", "filerRelation": "President", "moneyText": "", "startDate": "2010-05-27", "ownership": "D"}], "maxAge": 1}, "sectorTrend": {"maxAge": 1, "symbol": null, "estimates": []}, "incomeStatementHistoryQuarterly": {"incomeStatementHistory": [{"maxAge": 1, "endDate": "2020-12-31", "totalRevenue": 5204200000, "costOfRevenue": 2342700000, "grossProfit": 2861500000, "researchDevelopment": {}, "sellingGeneralAdministrative": 932300000, "nonRecurring": {}, "otherOperatingExpenses": 577400000, "totalOperatingExpenses": 3990300000, "operatingIncome": 1213900000, "totalOtherIncomeExpenseNet": 18300000, "ebit": 1213900000, "interestExpense": -19600000, "incomeBeforeTax": 1232200000, "incomeTaxExpense": 413200000, "minorityInterest": {}, "netIncomeFromContinuingOps": 819000000, "discontinuedOperations": {}, "extraordinaryItems": {}, "effectOfAccountingCharges": {}, "otherItems": {}, "netIncome": 819000000, "netIncomeApplicableToCommonShares": 819000000}, {"maxAge": 1, "endDate": "2020-09-30", "totalRevenue": 5164000000, "costOfRevenue": 2583700000, "grossProfit": 2580300000, "researchDevelopment": {}, "sellingGeneralAdministrative": 806100000, "nonRecurring": {}, "otherOperatingExpenses": 450200000, "totalOperatingExpenses": 3973700000, "operatingIncome": 1190300000, "totalOtherIncomeExpenseNet": 32500000, "ebit": 1190300000, "interestExpense": -2500000, "incomeBeforeTax": 1222800000, "incomeTaxExpense": 269900000, "minorityInterest": {}, "netIncomeFromContinuingOps": 952900000, "discontinuedOperations": {}, "extraordinaryItems": {}, "effectOfAccountingCharges": {}, "otherItems": {}, "netIncome": 952900000, "netIncomeApplicableToCommonShares": 952900000}, {"maxAge": 1, "endDate": "2020-06-30", "totalRevenue": 3509800000, "costOfRevenue": 1592900000, "grossProfit": 1916900000, "researchDevelopment": {}, "sellingGeneralAdministrative": 261600000, "nonRecurring": {}, "otherOperatingExpenses": 793200000, "totalOperatingExpenses": 2781800000, "operatingIncome": 728000000, "totalOtherIncomeExpenseNet": -61000000, "ebit": 728000000, "interestExpense": -2500000, "incomeBeforeTax": 667000000, "incomeTaxExpense": 217300000, "minorityInterest": {}, "netIncomeFromContinuingOps": 449700000, "discontinuedOperations": {}, "extraordinaryItems": {}, "effectOfAccountingCharges": {}, "otherItems": {}, "netIncome": 449700000, "netIncomeApplicableToCommonShares": 449700000}, {"maxAge": 1, "endDate": "2020-03-31", "totalRevenue": 4065700000, "costOfRevenue": 1801400000, "grossProfit": 2264300000, "researchDevelopment": {}, "sellingGeneralAdministrative": 813400000, "nonRecurring": {}, "otherOperatingExpenses": 646500000, "totalOperatingExpenses": 3390600000, "operatingIncome": 675100000, "totalOtherIncomeExpenseNet": 32400000, "ebit": 675100000, "interestExpense": -3700000, "incomeBeforeTax": 707500000, "incomeTaxExpense": 183700000, "minorityInterest": {}, "netIncomeFromContinuingOps": 523800000, "discontinuedOperations": {}, "extraordinaryItems": {}, "effectOfAccountingCharges": {}, "otherItems": {}, "netIncome": 523800000, "netIncomeApplicableToCommonShares": 523800000}], "maxAge": 86400}, "cashflowStatementHistoryQuarterly": {"cashflowStatements": [{"maxAge": 1, "endDate": "2020-12-31", "netIncome": 819000000, "changeToLiabilities": 0}, {"maxAge": 1, "endDate": "2020-09-30", "netIncome": 952900000, "changeToLiabilities": 0}, {"maxAge": 1, "endDate": "2020-06-30", "netIncome": 449700000, "changeToLiabilities": 0}, {"maxAge": 1, "endDate": "2020-03-31", "netIncome": 523800000, "changeToLiabilities": 0}], "maxAge": 86400}, "earnings": {"maxAge": 86400, "earningsChart": {"quarterly": [], "earningsDate": []}, "financialsChart": {"yearly": [{"date": 2017, "revenue": 17336000000, "earnings": 2530800000}, {"date": 2018, "revenue": 16768500000, "earnings": 2290500000}, {"date": 2019, "revenue": 18616500000, "earnings": 2529200000}, {"date": 2020, "revenue": 16790600000, "earnings": 2301800000}], "quarterly": [{"date": "1Q2020", "revenue": 4065700000, "earnings": 523800000}, {"date": "2Q2020", "revenue": 3509800000, "earnings": 449700000}, {"date": "3Q2020", "revenue": 5164000000, "earnings": 952900000}, {"date": "4Q2020", "revenue": 5204200000, "earnings": 819000000}]}, "financialCurrency": "INR"}, "financialData": {"maxAge": 86400, "currentPrice": 5492.8, "targetHighPrice": 7600.0, "targetLowPrice": 7600.0, "targetMeanPrice": 7600.0, "targetMedianPrice": 7600.0, "recommendationMean": 1.0, "recommendationKey": "strong_buy", "numberOfAnalystOpinions": 1, "totalCash": 3995500032, "totalCashPerShare": 122.646, "ebitda": 4340700160, "totalDebt": 1100000, "quickRatio": 1.046, "currentRatio": 1.725, "totalRevenue": 17943699456, "debtToEquity": 0.012, "revenuePerShare": 550.709, "returnOnAssets": 0.16500999, "returnOnEquity": 0.31511, "grossProfits": 9413500000, "freeCashflow": 3251650048, "operatingCashflow": 4606799872, "earningsGrowth": 0.153, "revenueGrowth": 0.133, "grossMargins": 0.54303, "ebitdaMargins": 0.24191, "operatingMargins": 0.21218, "profitMargins": 0.153, "financialCurrency": "INR"}}}