{"GILLANDERS.NS": {"assetProfile": {"address1": "C-4 Gillander House", "address2": "Netaji Subhas Road", "city": "Kolkata", "zip": "700001", "country": "India", "phone": "91 33 2230 2331", "fax": "91 33 2230 4185", "website": "http://www.gillandersarbuthnot.com", "industry": "Conglomerates", "sector": "Industrials", "longBusinessSummary": "Gillanders Arbuthnot and Company Limited engages in the textile, engineering, tea, and property businesses in India and internationally. The company's Textile division manufactures and sells grey, melange and dyed yarns in cotton, polyester, acrylic, viscose, modal, and blends. Its Engineering division engages in the design, detail engineering, manufacture, and supply of equipment, electrical, instrumentation, erection, commissioning, and performance tests in the field of building and technological structures, tankages, piping, blast furnaces, re-heating furnaces, industrial furnaces, cold rolling mills, continuous casting machines, gas holders, coke oven battery projects, raw material handling, etc. The company's Tea division manufactures and sells tea. Its Property division is involved in letting out commercial properties on rent. Gillanders Arbuthnot and Company Limited was incorporated in 1935 and is headquartered in Kolkata, India.", "fullTimeEmployees": 9078, "companyOfficers": [{"maxAge": 1, "name": "Mr. Manoj  Sodhani", "age": 49, "title": "CEO & Exec. Director", "yearBorn": 1971, "fiscalYear": 2020, "totalPay": 8920000, "exercisedValue": 0, "unexercisedValue": 0}, {"maxAge": 1, "name": "Mr. Niraj  Singh", "age": 44, "title": "Chief Financial Officer", "yearBorn": 1976, "exercisedValue": 0, "unexercisedValue": 0}, {"maxAge": 1, "name": "Mr. Mahesh  Sodhani", "age": 48, "title": "MD & Exec. Director", "yearBorn": 1972, "fiscalYear": 2020, "totalPay": 8976000, "exercisedValue": 0, "unexercisedValue": 0}, {"maxAge": 1, "name": "Mr. Bithal Kumar Kothari", "age": 58, "title": "Sr. VP of Tea Division", "yearBorn": 1962, "exercisedValue": 0, "unexercisedValue": 0}, {"maxAge": 1, "name": "Mr. Gautam  Samanta", "age": 51, "title": "Sr. Gen. Mang. of Taxation", "yearBorn": 1969, "exercisedValue": 0, "unexercisedValue": 0}, {"maxAge": 1, "name": "Mr. Bhisham Chander Kaushik", "age": 57, "title": "Pres of Cotton Mill", "yearBorn": 1963, "exercisedValue": 0, "unexercisedValue": 0}, {"maxAge": 1, "name": "Mr. Rajat  Arora", "title": "Company Sec. & Acting Compliance Officer", "exercisedValue": 0, "unexercisedValue": 0}, {"maxAge": 1, "name": "Mr. Subir  Sen", "age": 53, "title": "Sr. Gen. Mang. of HR", "yearBorn": 1967, "exercisedValue": 0, "unexercisedValue": 0}], "compensationAsOfEpochDate": "2020-12-31 05:30:00", "maxAge": 86400}, "cashflowStatementHistory": {"cashflowStatements": [{"maxAge": 1, "endDate": "2020-03-31", "netIncome": -152196000, "depreciation": 195635000, "changeToNetincome": 326870000, "changeToAccountReceivables": 280204000, "changeToLiabilities": -222342000, "changeToInventory": 298833000, "totalCashFromOperatingActivities": 727954000, "capitalExpenditures": -227844000, "investments": 98565000, "otherCashflowsFromInvestingActivities": 21418000, "totalCashflowsFromInvestingActivities": 10717000, "dividendsPaid": -1748000, "netBorrowings": -248696000, "otherCashflowsFromFinancingActivities": -478295000, "totalCashFromFinancingActivities": -728739000, "changeInCash": 9932000}, {"maxAge": 1, "endDate": "2019-03-31", "netIncome": 3241000, "depreciation": 201518000, "changeToNetincome": 423068000, "changeToAccountReceivables": 234601000, "changeToLiabilities": 177697000, "changeToInventory": -25846000, "totalCashFromOperatingActivities": 1015067000, "capitalExpenditures": -164325000, "investments": -55815000, "otherCashflowsFromInvestingActivities": 18088000, "totalCashflowsFromInvestingActivities": -182098000, "dividendsPaid": -3000, "netBorrowings": -327573000, "otherCashflowsFromFinancingActivities": -496479000, "totalCashFromFinancingActivities": -824055000, "changeInCash": 8914000}, {"maxAge": 1, "endDate": "2018-03-31", "netIncome": -85675000, "depreciation": 241720000, "changeToNetincome": 413906000, "changeToAccountReceivables": 79003000, "changeToLiabilities": 233473000, "changeToInventory": -195699000, "totalCashFromOperatingActivities": 687406000, "capitalExpenditures": -207573000, "investments": -11847000, "otherCashflowsFromInvestingActivities": 29272000, "totalCashflowsFromInvestingActivities": -142649000, "dividendsPaid": -1942000, "netBorrowings": -268684000, "otherCashflowsFromFinancingActivities": -473909000, "totalCashFromFinancingActivities": -744535000, "changeInCash": -199778000}, {"maxAge": 1, "endDate": "2017-03-31", "netIncome": -188543000, "depreciation": 219874000, "changeToNetincome": 292310000, "changeToAccountReceivables": 275062000, "changeToLiabilities": -57422000, "changeToInventory": -69191000, "totalCashFromOperatingActivities": 473071000, "capitalExpenditures": -132176000, "investments": 210139000, "otherCashflowsFromInvestingActivities": 26242000, "totalCashflowsFromInvestingActivities": 407678000, "dividendsPaid": -209000, "netBorrowings": -423907000, "otherCashflowsFromFinancingActivities": -523777000, "totalCashFromFinancingActivities": -826893000, "changeInCash": 53856000}], "maxAge": 86400}, "institutionOwnership": {"ownershipList": [], "maxAge": 1}, "majorHoldersBreakdown": {"maxAge": 1, "insidersPercentHeld": 0.70242, "institutionsPercentHeld": 0.04802, "institutionsFloatPercentHeld": 0.16138001, "institutionsCount": 1}, "balanceSheetHistoryQuarterly": {"balanceSheetStatements": [{"maxAge": 1, "endDate": "2020-12-31", "totalStockholderEquity": 2844160000, "netTangibleAssets": 2839536000}, {"maxAge": 1, "endDate": "2020-09-30", "cash": 158323000, "shortTermInvestments": 773147000, "netReceivables": 721131000, "inventory": 1258003000, "otherCurrentAssets": 461118000, "totalCurrentAssets": 3371722000, "longTermInvestments": 107918000, "propertyPlantEquipment": 4233863000, "intangibleAssets": 4624000, "otherAssets": 62582000, "totalAssets": 7780709000, "accountsPayable": 858952000, "otherCurrentLiab": 978983000, "longTermDebt": 1191205000, "otherLiab": 163868000, "totalCurrentLiabilities": 3581476000, "totalLiab": 4936549000, "commonStock": 213423000, "treasuryStock": 2630737000, "otherStockholderEquity": 2630737000, "totalStockholderEquity": 2844160000, "netTangibleAssets": 2839536000}, {"maxAge": 1, "endDate": "2020-06-30", "totalStockholderEquity": 2759461000, "netTangibleAssets": 2755341000}, {"maxAge": 1, "endDate": "2020-03-31", "cash": 35496000, "shortTermInvestments": 264662000, "netReceivables": 870787000, "inventory": 1671462000, "otherCurrentAssets": 1043694000, "totalCurrentAssets": 3931820000, "longTermInvestments": 126469000, "propertyPlantEquipment": 4352594000, "intangibleAssets": 4120000, "otherAssets": 151640000, "totalAssets": 8566643000, "accountsPayable": 1260111000, "shortLongTermDebt": 735549000, "otherCurrentLiab": 178155000, "longTermDebt": 1123687000, "otherLiab": 192293000, "totalCurrentLiabilities": 4488815000, "totalLiab": 5807182000, "commonStock": 213423000, "retainedEarnings": 1530402000, "treasuryStock": 1015636000, "otherStockholderEquity": 1015636000, "totalStockholderEquity": 2759461000, "netTangibleAssets": 2755341000}], "maxAge": 86400}, "indexTrend": {"maxAge": 1, "symbol": "SP5", "peRatio": 19.7411, "pegRatio": 1.34172, "estimates": [{"period": "0q", "growth": 0.549}, {"period": "+1q", "growth": 0.431}, {"period": "0y", "growth": 0.305}, {"period": "+1y", "growth": 0.109}, {"period": "+5y", "growth": 0.120865}, {"period": "-5y"}]}, "defaultKeyStatistics": {"maxAge": 1, "priceHint": 2, "enterpriseValue": 2559615232, "profitMargins": -0.084, "floatShares": 5522379, "sharesOutstanding": 21342300, "heldPercentInsiders": 0.70242, "heldPercentInstitutions": 0.04802, "beta": 1.338967, "category": null, "bookValue": 133.269, "priceToBook": 0.28926456, "fundFamily": null, "legalType": null, "lastFiscalYearEnd": "2020-03-31 05:30:00", "nextFiscalYearEnd": "2022-03-31 05:30:00", "mostRecentQuarter": "2020-12-31 05:30:00", "netIncomeToCommon": -383027008, "trailingEps": -17.968, "lastSplitFactor": "3:2", "lastSplitDate": "2010-09-14 05:30:00", "enterpriseToRevenue": 0.561, "enterpriseToEbitda": 11.412}, "summaryProfile": {"address1": "C-4 Gillander House", "address2": "Netaji Subhas Road", "city": "Kolkata", "zip": "700001", "country": "India", "phone": "91 33 2230 2331", "fax": "91 33 2230 4185", "website": "http://www.gillandersarbuthnot.com", "industry": "Conglomerates", "sector": "Industrials", "longBusinessSummary": "Gillanders Arbuthnot and Company Limited engages in the textile, engineering, tea, and property businesses in India and internationally. The company's Textile division manufactures and sells grey, melange and dyed yarns in cotton, polyester, acrylic, viscose, modal, and blends. Its Engineering division engages in the design, detail engineering, manufacture, and supply of equipment, electrical, instrumentation, erection, commissioning, and performance tests in the field of building and technological structures, tankages, piping, blast furnaces, re-heating furnaces, industrial furnaces, cold rolling mills, continuous casting machines, gas holders, coke oven battery projects, raw material handling, etc. The company's Tea division manufactures and sells tea. Its Property division is involved in letting out commercial properties on rent. Gillanders Arbuthnot and Company Limited was incorporated in 1935 and is headquartered in Kolkata, India.", "fullTimeEmployees": 9078, "companyOfficers": [], "maxAge": 86400}, "netSharePurchaseActivity": {"maxAge": 1, "period": "6m", "buyInfoCount": 0, "buyInfoShares": 0, "sellInfoCount": 0, "netInfoCount": 0, "netInfoShares": 0, "netPercentInsiderShares": 0.0, "totalInsiderShares": 14986785}, "insiderTransactions": {"transactions": [{"maxAge": 1, "shares": 20941, "value": 12830, "filerUrl": "", "transactionText": "Acquisition at price 0.61 per share.", "filerName": "G Das & Company Pvt Ltd", "filerRelation": "Institution- Corporation", "moneyText": "", "startDate": "2021-03-30", "ownership": "D"}, {"maxAge": 1, "shares": 11500, "value": 7540, "filerUrl": "", "transactionText": "Acquisition at price 0.66 per share.", "filerName": "Kothari (Arun Kumar)", "filerRelation": "Promoter", "moneyText": "", "startDate": "2021-03-22", "ownership": "D"}, {"maxAge": 1, "shares": 58926, "value": 38637, "filerUrl": "", "transactionText": "Acquisition at price 0.66 per share.", "filerName": "Kothari (Arun Kumar)", "filerRelation": "Promoter", "moneyText": "", "startDate": "2021-03-22", "ownership": "D"}, {"maxAge": 1, "shares": 12114, "value": 7931, "filerUrl": "", "transactionText": "Acquisition at price 0.65 per share.", "filerName": "Kothari Investment & Industries Pvt Ltd", "filerRelation": "Promoter", "moneyText": "", "startDate": "2021-03-15", "ownership": "D"}, {"maxAge": 1, "shares": 9486, "value": 5957, "filerUrl": "", "transactionText": "Acquisition at price 0.63 per share.", "filerName": "Kothari Investment & Industries Pvt Ltd", "filerRelation": "Promoter", "moneyText": "", "startDate": "2021-03-10", "ownership": "D"}, {"maxAge": 1, "shares": 10000, "value": 5384, "filerUrl": "", "transactionText": "Acquisition at price 0.54 per share.", "filerName": "Kothari (Anand Vardhan)", "filerRelation": "Promoter", "moneyText": "", "startDate": "2021-02-26", "ownership": "D"}, {"maxAge": 1, "shares": 1426199, "filerUrl": "", "transactionText": "", "filerName": "Kothari & Company Pvt. Ltd.", "filerRelation": "Promoter", "moneyText": "", "startDate": "2019-12-04", "ownership": "D"}, {"maxAge": 1, "shares": 5011450, "filerUrl": "", "transactionText": "", "filerName": "Kothari Investment & Industries Pvt Ltd", "filerRelation": "Promoter", "moneyText": "", "startDate": "2019-12-04", "ownership": "D"}], "maxAge": 1}, "quoteType": {"exchange": "NSI", "quoteType": "EQUITY", "symbol": "GILLANDERS.NS", "underlyingSymbol": "GILLANDERS.NS", "shortName": "GILLANDERS ARBUTHN", "longName": "Gillanders Arbuthnot and Company Limited", "firstTradeDateEpochUtc": "2009-12-14 09:15:00", "timeZoneFullName": "Asia/Kolkata", "timeZoneShortName": "IST", "uuid": "66d1fc4a-0e30-319b-ba28-4e971e7e6630", "gmtOffSetMilliseconds": 19800000, "maxAge": 1}, "incomeStatementHistory": {"incomeStatementHistory": [{"maxAge": 1, "endDate": "2020-03-31", "totalRevenue": 6600307000, "costOfRevenue": 2913599000, "grossProfit": 3686708000, "researchDevelopment": {}, "sellingGeneralAdministrative": 1576716000, "nonRecurring": {}, "otherOperatingExpenses": 1796106000, "totalOperatingExpenses": 6495130000, "operatingIncome": 105177000, "totalOtherIncomeExpenseNet": -229990000, "ebit": 105177000, "interestExpense": -438035000, "incomeBeforeTax": -124813000, "incomeTaxExpense": 27383000, "minorityInterest": {}, "netIncomeFromContinuingOps": -152196000, "discontinuedOperations": {}, "extraordinaryItems": {}, "effectOfAccountingCharges": {}, "otherItems": {}, "netIncome": -152196000, "netIncomeApplicableToCommonShares": -152196000}, {"maxAge": 1, "endDate": "2019-03-31", "totalRevenue": 7511531000, "costOfRevenue": 3276466000, "grossProfit": 4235065000, "researchDevelopment": {}, "sellingGeneralAdministrative": 1615169000, "nonRecurring": {}, "otherOperatingExpenses": 1924952000, "totalOperatingExpenses": 7047178000, "operatingIncome": 464353000, "totalOtherIncomeExpenseNet": -396942000, "ebit": 464353000, "interestExpense": -453542000, "incomeBeforeTax": 67411000, "incomeTaxExpense": 64170000, "minorityInterest": {}, "netIncomeFromContinuingOps": 3241000, "discontinuedOperations": {}, "extraordinaryItems": {}, "effectOfAccountingCharges": {}, "otherItems": {}, "netIncome": 3241000, "netIncomeApplicableToCommonShares": 3241000}, {"maxAge": 1, "endDate": "2018-03-31", "totalRevenue": 6647993000, "costOfRevenue": 2768968000, "grossProfit": 3879025000, "researchDevelopment": {}, "sellingGeneralAdministrative": 1497973000, "nonRecurring": {}, "otherOperatingExpenses": 1810205000, "totalOperatingExpenses": 6337282000, "operatingIncome": 310711000, "totalOtherIncomeExpenseNet": -351145000, "ebit": 310711000, "interestExpense": -461536000, "incomeBeforeTax": -40434000, "incomeTaxExpense": 45241000, "minorityInterest": {}, "netIncomeFromContinuingOps": -85675000, "discontinuedOperations": {}, "extraordinaryItems": {}, "effectOfAccountingCharges": {}, "otherItems": {}, "netIncome": -85675000, "netIncomeApplicableToCommonShares": -85675000}, {"maxAge": 1, "endDate": "2017-03-31", "totalRevenue": 6810378000, "costOfRevenue": 3035231000, "grossProfit": 3775147000, "researchDevelopment": {}, "sellingGeneralAdministrative": 1534267000, "nonRecurring": {}, "otherOperatingExpenses": 1982233000, "totalOperatingExpenses": 6784392000, "operatingIncome": 25986000, "totalOtherIncomeExpenseNet": -207156000, "ebit": 25986000, "interestExpense": -491188000, "incomeBeforeTax": -181170000, "incomeTaxExpense": 7373000, "minorityInterest": {}, "netIncomeFromContinuingOps": -188543000, "discontinuedOperations": {}, "extraordinaryItems": {}, "effectOfAccountingCharges": {}, "otherItems": {}, "netIncome": -188543000, "netIncomeApplicableToCommonShares": -188543000}], "maxAge": 86400}, "fundOwnership": {"ownershipList": [], "maxAge": 1}, "summaryDetail": {"maxAge": 1, "priceHint": 2, "previousClose": 39.0, "open": 39.1, "dayLow": 38.2, "dayHigh": 40.95, "regularMarketPreviousClose": 39.0, "regularMarketOpen": 39.1, "regularMarketDayLow": 38.2, "regularMarketDayHigh": 40.95, "exDividendDate": "2014-08-05 05:30:00", "payoutRatio": 0.0, "beta": 1.338967, "volume": 3393, "regularMarketVolume": 3393, "averageVolume": 10827, "averageVolume10days": 2157, "averageDailyVolume10Day": 2157, "bid": 0.0, "ask": 0.0, "bidSize": 0, "askSize": 0, "marketCap": 857556288, "fiftyTwoWeekLow": 17.6, "fiftyTwoWeekHigh": 51.1, "priceToSalesTrailing12Months": 0.18807642, "fiftyDayAverage": 41.889393, "twoHundredDayAverage": 38.146427, "currency": "INR", "fromCurrency": null, "lastMarket": null, "algorithm": null, "tradeable": false}, "incomeStatementHistoryQuarterly": {"incomeStatementHistory": [{"maxAge": 1, "endDate": "2020-12-31", "totalRevenue": 1014320000, "costOfRevenue": 574544000, "grossProfit": 439776000, "researchDevelopment": {}, "sellingGeneralAdministrative": 306297000, "nonRecurring": {}, "otherOperatingExpenses": 170809000, "totalOperatingExpenses": 1094259000, "operatingIncome": -79939000, "totalOtherIncomeExpenseNet": -211435000, "ebit": -79939000, "interestExpense": -86183000, "incomeBeforeTax": -291374000, "incomeTaxExpense": 1355000, "minorityInterest": {}, "netIncomeFromContinuingOps": -292729000, "discontinuedOperations": {}, "extraordinaryItems": {}, "effectOfAccountingCharges": {}, "otherItems": {}, "netIncome": -292729000, "netIncomeApplicableToCommonShares": -292729000}, {"maxAge": 1, "endDate": "2020-09-30", "totalRevenue": 1448485000, "costOfRevenue": 538863000, "grossProfit": 909622000, "researchDevelopment": {}, "sellingGeneralAdministrative": 313700000, "nonRecurring": {}, "otherOperatingExpenses": 242114000, "totalOperatingExpenses": 1134795000, "operatingIncome": 313690000, "totalOtherIncomeExpenseNet": -54359000, "ebit": 313690000, "interestExpense": -97274000, "incomeBeforeTax": 259331000, "incomeTaxExpense": 32000, "minorityInterest": {}, "netIncomeFromContinuingOps": 259299000, "discontinuedOperations": {}, "extraordinaryItems": {}, "effectOfAccountingCharges": {}, "otherItems": {}, "netIncome": 259299000, "netIncomeApplicableToCommonShares": 259299000}, {"maxAge": 1, "endDate": "2020-06-30", "totalRevenue": 722887000, "costOfRevenue": 296728000, "grossProfit": 426159000, "researchDevelopment": {}, "sellingGeneralAdministrative": 275139000, "nonRecurring": {}, "otherOperatingExpenses": 160052000, "totalOperatingExpenses": 776005000, "operatingIncome": -53118000, "totalOtherIncomeExpenseNet": -95557000, "ebit": -53118000, "interestExpense": -115036000, "incomeBeforeTax": -148675000, "incomeTaxExpense": -1088000, "minorityInterest": {}, "netIncomeFromContinuingOps": -147587000, "discontinuedOperations": {}, "extraordinaryItems": {}, "effectOfAccountingCharges": {}, "otherItems": {}, "netIncome": -147587000, "netIncomeApplicableToCommonShares": -147587000}, {"maxAge": 1, "endDate": "2020-03-31", "totalRevenue": 1373924000, "costOfRevenue": 99397000, "grossProfit": 1274527000, "researchDevelopment": {}, "sellingGeneralAdministrative": 377488000, "nonRecurring": {}, "otherOperatingExpenses": 984501000, "totalOperatingExpenses": 1521105000, "operatingIncome": -147181000, "totalOtherIncomeExpenseNet": -33182000, "ebit": -147181000, "interestExpense": -81639000, "incomeBeforeTax": -180363000, "incomeTaxExpense": 21647000, "minorityInterest": {}, "netIncomeFromContinuingOps": -202010000, "discontinuedOperations": {}, "extraordinaryItems": {}, "effectOfAccountingCharges": {}, "otherItems": {}, "netIncome": -202010000, "netIncomeApplicableToCommonShares": -202010000}], "maxAge": 86400}, "cashflowStatementHistoryQuarterly": {"cashflowStatements": [{"maxAge": 1, "endDate": "2020-12-31", "netIncome": -292729000, "changeToLiabilities": 0}, {"maxAge": 1, "endDate": "2020-09-30", "netIncome": 259299000, "changeToLiabilities": 0}, {"maxAge": 1, "endDate": "2020-06-30", "netIncome": -147587000, "changeToLiabilities": 0}, {"maxAge": 1, "endDate": "2020-03-31", "netIncome": -202010000, "changeToLiabilities": 0}], "maxAge": 86400}, "insiderHolders": {"holders": [{"maxAge": 1, "name": "G Das & Company Pvt Ltd", "relation": "Institution- Corporation", "url": "", "transactionDescription": "Acquisition", "latestTransDate": "2021-03-30", "positionDirect": 22503, "positionDirectDate": "2021-03-30"}, {"maxAge": 1, "name": "Kothari & Company Pvt. Ltd.", "relation": "Promoter", "url": "", "transactionDescription": "Other", "latestTransDate": "2019-12-04", "positionDirect": 0, "positionDirectDate": "2019-12-04"}, {"maxAge": 1, "name": "Kothari (Anand Vardhan)", "relation": "Promoter", "url": "", "transactionDescription": "Acquisition", "latestTransDate": "2021-02-26", "positionDirect": 53306, "positionDirectDate": "2021-02-26"}, {"maxAge": 1, "name": "Kothari (Arun Kumar)", "relation": "Promoter", "url": "", "transactionDescription": "Acquisition", "latestTransDate": "2021-03-22", "positionDirect": 119972, "positionDirectDate": "2021-03-22"}, {"maxAge": 1, "name": "Kothari Investment & Industries Pvt Ltd", "relation": "Promoter", "url": "", "transactionDescription": "Acquisition", "latestTransDate": "2021-03-15", "positionDirect": 7286798, "positionDirectDate": "2021-03-15"}], "maxAge": 1}, "calendarEvents": {"maxAge": 1, "earnings": {"earningsDate": []}, "exDividendDate": "2014-08-05 05:30:00"}, "upgradeDowngradeHistory": {"history": [], "maxAge": 86400}, "price": {"maxAge": 1, "regularMarketChangePercent": -0.011538481, "regularMarketChange": -0.45000076, "regularMarketTime": "2021-04-30 15:27:38", "priceHint": 2, "regularMarketPrice": 38.55, "regularMarketDayHigh": 40.95, "regularMarketDayLow": 38.2, "regularMarketVolume": 3393, "averageDailyVolume10Day": 2157, "averageDailyVolume3Month": 10827, "regularMarketPreviousClose": 39.0, "regularMarketSource": "FREE_REALTIME", "regularMarketOpen": 39.1, "exchange": "NSI", "exchangeName": "NSE", "exchangeDataDelayedBy": 15, "marketState": "CLOSED", "quoteType": "EQUITY", "symbol": "GILLANDERS.NS", "underlyingSymbol": null, "shortName": "GILLANDERS ARBUTHN", "longName": "Gillanders Arbuthnot and Company Limited", "currency": "INR", "quoteSourceName": "Delayed Quote", "currencySymbol": "\u20b9", "fromCurrency": null, "lastMarket": null, "marketCap": 857556288}, "balanceSheetHistory": {"balanceSheetStatements": [{"maxAge": 1, "endDate": "2020-03-31", "cash": 35496000, "shortTermInvestments": 264662000, "netReceivables": 870787000, "inventory": 1671462000, "otherCurrentAssets": 1043694000, "totalCurrentAssets": 3931820000, "longTermInvestments": 126469000, "propertyPlantEquipment": 4352594000, "intangibleAssets": 4120000, "otherAssets": 151640000, "totalAssets": 8566643000, "accountsPayable": 1260111000, "shortLongTermDebt": 735549000, "otherCurrentLiab": 178155000, "longTermDebt": 1123687000, "otherLiab": 192293000, "totalCurrentLiabilities": 4488815000, "totalLiab": 5807182000, "commonStock": 213423000, "retainedEarnings": 1530402000, "treasuryStock": 1015636000, "otherStockholderEquity": 1015636000, "totalStockholderEquity": 2759461000, "netTangibleAssets": 2755341000}, {"maxAge": 1, "endDate": "2019-03-31", "cash": 25564000, "shortTermInvestments": 167277000, "netReceivables": 1042403000, "inventory": 1970536000, "otherCurrentAssets": 1107110000, "totalCurrentAssets": 4350534000, "longTermInvestments": 188265000, "propertyPlantEquipment": 4408833000, "intangibleAssets": 3960000, "otherAssets": 294628000, "totalAssets": 9246220000, "accountsPayable": 1424911000, "shortLongTermDebt": 415930000, "otherCurrentLiab": 260599000, "longTermDebt": 1511649000, "otherLiab": 166617000, "totalCurrentLiabilities": 4676880000, "totalLiab": 6355146000, "commonStock": 213423000, "retainedEarnings": 1691668000, "treasuryStock": 985983000, "otherStockholderEquity": 985983000, "totalStockholderEquity": 2891074000, "netTangibleAssets": 2887114000}, {"maxAge": 1, "endDate": "2018-03-31", "cash": 16650000, "shortTermInvestments": 85279000, "netReceivables": 1012420000, "inventory": 1952080000, "otherCurrentAssets": 1214229000, "totalCurrentAssets": 4318393000, "longTermInvestments": 326020000, "propertyPlantEquipment": 4481862000, "intangibleAssets": 1860000, "otherAssets": 289309000, "totalAssets": 9417444000, "accountsPayable": 1316527000, "shortLongTermDebt": 496241000, "otherCurrentLiab": 244191000, "longTermDebt": 1659868000, "otherLiab": 178268000, "totalCurrentLiabilities": 4659627000, "totalLiab": 6497763000, "commonStock": 213423000, "retainedEarnings": 1682783000, "treasuryStock": 1023475000, "otherStockholderEquity": 1023475000, "totalStockholderEquity": 2919681000, "netTangibleAssets": 2917821000}, {"maxAge": 1, "endDate": "2017-03-31", "cash": 22697000, "shortTermInvestments": 71166000, "netReceivables": 1078825000, "inventory": 1715008000, "otherCurrentAssets": 1422479000, "totalCurrentAssets": 4338971000, "longTermInvestments": 276162000, "propertyPlantEquipment": 4497654000, "intangibleAssets": 1998000, "otherAssets": 244635000, "totalAssets": 9359420000, "accountsPayable": 1151834000, "shortLongTermDebt": 439262000, "otherCurrentLiab": 208910000, "longTermDebt": 1956632000, "otherLiab": 219176000, "totalCurrentLiabilities": 4345492000, "totalLiab": 6521300000, "commonStock": 213423000, "retainedEarnings": 1778224000, "treasuryStock": 846473000, "otherStockholderEquity": 846473000, "totalStockholderEquity": 2838120000, "netTangibleAssets": 2836122000}], "maxAge": 86400}, "financialData": {"maxAge": 86400, "currentPrice": 38.55, "recommendationKey": "none", "totalCash": 931470016, "totalCashPerShare": 43.657, "ebitda": 224282752, "totalDebt": 2658983936, "totalRevenue": 4559616000, "debtToEquity": 93.489, "revenuePerShare": 213.89, "grossProfits": 3686708000, "revenueGrowth": -0.364, "grossMargins": 0.66893, "ebitdaMargins": 0.04919, "operatingMargins": 0.0073400005, "profitMargins": -0.084, "financialCurrency": "INR"}}}