{"GILLETTE.BO": {"recommendationTrend": {"trend": [{"period": "0m", "strongBuy": 0, "buy": 0, "hold": 0, "sell": 0, "strongSell": 0}, {"period": "-1m", "strongBuy": 0, "buy": 0, "hold": 0, "sell": 0, "strongSell": 0}, {"period": "-2m", "strongBuy": 0, "buy": 0, "hold": 0, "sell": 0, "strongSell": 0}, {"period": "-3m", "strongBuy": 0, "buy": 0, "hold": 0, "sell": 0, "strongSell": 0}], "maxAge": 86400}, "cashflowStatementHistory": {"cashflowStatements": [{"maxAge": 1, "endDate": "2020-06-30", "netIncome": 2301800000, "depreciation": 510500000, "changeToNetincome": 72400000, "changeToAccountReceivables": -108700000, "changeToLiabilities": -72600000, "changeToInventory": -502600000, "changeToOperatingActivities": 51400000, "totalCashFromOperatingActivities": 2252200000, "capitalExpenditures": -355500000, "otherCashflowsFromInvestingActivities": 65200000, "totalCashflowsFromInvestingActivities": -290300000, "dividendsPaid": -814600000, "netBorrowings": -73500000, "otherCashflowsFromFinancingActivities": -166100000, "totalCashFromFinancingActivities": -1054200000, "changeInCash": 907700000}, {"maxAge": 1, "endDate": "2019-06-30", "netIncome": 2529200000, "depreciation": 477000000, "changeToNetincome": -611700000, "changeToAccountReceivables": -62800000, "changeToLiabilities": -548300000, "changeToInventory": -338600000, "changeToOperatingActivities": -85900000, "totalCashFromOperatingActivities": 1358900000, "capitalExpenditures": -771800000, "otherCashflowsFromInvestingActivities": 107900000, "totalCashflowsFromInvestingActivities": -663900000, "dividendsPaid": -1368600000, "netBorrowings": -73500000, "otherCashflowsFromFinancingActivities": -278600000, "totalCashFromFinancingActivities": -1647200000, "changeInCash": -952200000}, {"maxAge": 1, "endDate": "2018-06-30", "netIncome": 2290500000, "depreciation": 422900000, "changeToNetincome": 209300000, "changeToAccountReceivables": -446600000, "changeToLiabilities": 4000000, "changeToInventory": 222300000, "changeToOperatingActivities": -331200000, "totalCashFromOperatingActivities": 2371200000, "capitalExpenditures": -810600000, "otherCashflowsFromInvestingActivities": 43000000, "totalCashflowsFromInvestingActivities": -767600000, "dividendsPaid": -325900000, "netBorrowings": -73500000, "otherCashflowsFromFinancingActivities": -66400000, "totalCashFromFinancingActivities": -392300000, "changeInCash": 1211300000}, {"maxAge": 1, "endDate": "2017-06-30", "netIncome": 2530800000, "depreciation": 383500000, "changeToNetincome": -496500000, "changeToAccountReceivables": -205300000, "changeToLiabilities": -49400000, "changeToInventory": 221700000, "changeToOperatingActivities": 94900000, "totalCashFromOperatingActivities": 2479700000, "capitalExpenditures": -937500000, "otherCashflowsFromInvestingActivities": 312300000, "totalCashflowsFromInvestingActivities": 136900000, "dividendsPaid": -651700000, "netBorrowings": -73500000, "otherCashflowsFromFinancingActivities": -1171200000, "totalCashFromFinancingActivities": -6841000000, "changeInCash": -4224400000}], "maxAge": 86400}, "institutionOwnership": {"ownershipList": [], "maxAge": 1}, "balanceSheetHistoryQuarterly": {"balanceSheetStatements": [{"maxAge": 1, "endDate": "2020-06-30", "cash": 2324800000, "netReceivables": 2116200000, "inventory": 2842700000, "otherCurrentAssets": 364000000, "totalCurrentAssets": 7647700000, "propertyPlantEquipment": 3176500000, "otherAssets": 2694000000, "deferredLongTermAssetCharges": 230400000, "totalAssets": 13518200000, "accountsPayable": 2873500000, "otherCurrentLiab": 916400000, "otherLiab": 615500000, "totalCurrentLiabilities": 3789900000, "totalLiab": 4405400000, "commonStock": 325900000, "treasuryStock": 8786900000, "otherStockholderEquity": 8786900000, "totalStockholderEquity": 9112800000, "netTangibleAssets": 9112800000}, {"maxAge": 1, "endDate": "2020-03-31", "totalStockholderEquity": 8140000000, "netTangibleAssets": 8140000000}, {"maxAge": 1, "endDate": "2019-12-31", "cash": 1719400000, "netReceivables": 2322700000, "inventory": 2871200000, "otherCurrentAssets": 190100000, "totalCurrentAssets": 7103400000, "propertyPlantEquipment": 3184600000, "otherAssets": 2881300000, "deferredLongTermAssetCharges": 294100000, "totalAssets": 13169300000, "accountsPayable": 3510900000, "otherCurrentLiab": 685100000, "otherLiab": 833300000, "totalCurrentLiabilities": 4196000000, "totalLiab": 5029300000, "commonStock": 325900000, "treasuryStock": 7814100000, "otherStockholderEquity": 7814100000, "totalStockholderEquity": 8140000000, "netTangibleAssets": 8140000000}, {"maxAge": 1, "endDate": "2019-09-30", "totalStockholderEquity": 7783600000, "netTangibleAssets": 7783600000}], "maxAge": 86400}, "earningsHistory": {"history": [{"maxAge": 1, "epsActual": {}, "epsEstimate": {}, "epsDifference": {}, "surprisePercent": {}, "quarter": {}, "period": "-4q"}, {"maxAge": 1, "epsActual": {}, "epsEstimate": {}, "epsDifference": {}, "surprisePercent": {}, "quarter": {}, "period": "-3q"}, {"maxAge": 1, "epsActual": {}, "epsEstimate": {}, "epsDifference": {}, "surprisePercent": {}, "quarter": {}, "period": "-2q"}, {"maxAge": 1, "epsActual": {}, "epsEstimate": {}, "epsDifference": {}, "surprisePercent": {}, "quarter": {}, "period": "-1q"}], "maxAge": 86400}, "indexTrend": {"maxAge": 1, "symbol": "SP5", "peRatio": 19.7411, "pegRatio": 1.34172, "estimates": [{"period": "0q", "growth": 0.549}, {"period": "+1q", "growth": 0.431}, {"period": "0y", "growth": 0.305}, {"period": "+1y", "growth": 0.109}, {"period": "+5y", "growth": 0.120865}, {"period": "-5y"}]}, "industryTrend": {"maxAge": 1, "symbol": null, "estimates": []}, "insiderTransactions": {"transactions": [{"maxAge": 1, "shares": 17000, "filerUrl": "", "transactionText": "", "filerName": "Life Insurance Corporation of India", "filerRelation": "Promoter", "moneyText": "", "startDate": "2020-08-18", "ownership": "D"}, {"maxAge": 1, "shares": 133700, "filerUrl": "", "transactionText": "", "filerName": "Nexus Mercantile Pvt Ltd", "filerRelation": "Promoter", "moneyText": "", "startDate": "2017-12-22", "ownership": "D"}, {"maxAge": 1, "shares": 636671, "filerUrl": "", "transactionText": "", "filerName": "Mining Consultants India Pvt Ltd", "filerRelation": "Promoter", "moneyText": "", "startDate": "2017-12-22", "ownership": "D"}, {"maxAge": 1, "shares": 100000, "filerUrl": "", "transactionText": "", "filerName": "Poddar (Jyotsna)", "filerRelation": "Promoter", "moneyText": "", "startDate": "2013-11-20", "ownership": "D"}, {"maxAge": 1, "shares": 1379746, "filerUrl": "", "transactionText": "", "filerName": "Adventz Investments & Holdings Ltd", "filerRelation": "Promoter", "moneyText": "", "startDate": "2013-11-20", "ownership": "D"}, {"maxAge": 1, "shares": 11741, "filerUrl": "", "transactionText": "", "filerName": "Adventz Finance Pvt Ltd", "filerRelation": "Promoter", "moneyText": "", "startDate": "2013-11-19", "ownership": "D"}, {"maxAge": 1, "shares": 323480, "filerUrl": "", "transactionText": "", "filerName": "Poddar (Saroj Kumar)", "filerRelation": "Non Executive Chairman", "moneyText": "", "startDate": "2013-11-19", "ownership": "D"}, {"maxAge": 1, "shares": 76923, "filerUrl": "", "transactionText": "", "filerName": "Poddar (Akshay)", "filerRelation": "Director (Non-Executive)", "moneyText": "", "startDate": "2013-11-19", "ownership": "D"}, {"maxAge": 1, "shares": 516038, "filerUrl": "", "transactionText": "", "filerName": "Planon Group Ltd", "filerRelation": "Promoter", "moneyText": "", "startDate": "2013-11-19", "ownership": "D"}, {"maxAge": 1, "shares": 11000, "filerUrl": "", "transactionText": "", "filerName": "Globalware Tading & Holdings Ltd", "filerRelation": "Promoter", "moneyText": "", "startDate": "2013-11-19", "ownership": "D"}, {"maxAge": 1, "shares": 25500, "filerUrl": "", "transactionText": "", "filerName": "Agarwala (Sharadha)", "filerRelation": "UNREPORTED", "moneyText": "", "startDate": "2013-11-19", "ownership": "D"}, {"maxAge": 1, "shares": 98000, "filerUrl": "", "transactionText": "", "filerName": "Poddar (Saroj Kumar)", "filerRelation": "President", "moneyText": "", "startDate": "2010-05-27", "ownership": "D"}], "maxAge": 1}, "quoteType": {"exchange": "BSE", "quoteType": "EQUITY", "symbol": "GILLETTE.BO", "underlyingSymbol": "GILLETTE.BO", "shortName": "GILLETTE INDIA LTD.", "longName": "Gillette India Limited", "firstTradeDateEpochUtc": "2000-01-28 09:15:00", "timeZoneFullName": "Asia/Kolkata", "timeZoneShortName": "IST", "uuid": "a9854815-e5af-30e8-ba3b-4ee71bf390b6", "gmtOffSetMilliseconds": 19800000, "maxAge": 1}, "incomeStatementHistory": {"incomeStatementHistory": [{"maxAge": 1, "endDate": "2020-06-30", "totalRevenue": 16790600000, "costOfRevenue": 7290700000, "grossProfit": 9499900000, "researchDevelopment": {}, "sellingGeneralAdministrative": 3227700000, "nonRecurring": {}, "otherOperatingExpenses": 2681800000, "totalOperatingExpenses": 13710700000, "operatingIncome": 3079900000, "totalOtherIncomeExpenseNet": 59800000, "ebit": 3079900000, "interestExpense": -54400000, "incomeBeforeTax": 3139700000, "incomeTaxExpense": 837900000, "minorityInterest": {}, "netIncomeFromContinuingOps": 2301800000, "discontinuedOperations": {}, "extraordinaryItems": {}, "effectOfAccountingCharges": {}, "otherItems": {}, "netIncome": 2301800000, "netIncomeApplicableToCommonShares": 2301800000}, {"maxAge": 1, "endDate": "2019-06-30", "totalRevenue": 18616500000, "costOfRevenue": 8277500000, "grossProfit": 10339000000, "researchDevelopment": {}, "sellingGeneralAdministrative": 3214500000, "nonRecurring": {}, "otherOperatingExpenses": 3284700000, "totalOperatingExpenses": 15253700000, "operatingIncome": 3362800000, "totalOtherIncomeExpenseNet": 27700000, "ebit": 3362800000, "interestExpense": -51000000, "incomeBeforeTax": 3390500000, "incomeTaxExpense": 861300000, "minorityInterest": {}, "netIncomeFromContinuingOps": 2529200000, "discontinuedOperations": {}, "extraordinaryItems": {}, "effectOfAccountingCharges": {}, "otherItems": {}, "netIncome": 2529200000, "netIncomeApplicableToCommonShares": 2529200000}, {"maxAge": 1, "endDate": "2018-06-30", "totalRevenue": 16768500000, "costOfRevenue": 6971500000, "grossProfit": 9797000000, "researchDevelopment": {}, "sellingGeneralAdministrative": 2909200000, "nonRecurring": {}, "otherOperatingExpenses": 2725600000, "totalOperatingExpenses": 13029200000, "operatingIncome": 3739300000, "totalOtherIncomeExpenseNet": -293300000, "ebit": 3739300000, "interestExpense": -51000000, "incomeBeforeTax": 3446000000, "incomeTaxExpense": 1155500000, "minorityInterest": {}, "netIncomeFromContinuingOps": 2290500000, "discontinuedOperations": {}, "extraordinaryItems": {}, "effectOfAccountingCharges": {}, "otherItems": {}, "netIncome": 2290500000, "netIncomeApplicableToCommonShares": 2290500000}, {"maxAge": 1, "endDate": "2017-06-30", "totalRevenue": 17336000000, "costOfRevenue": 7907400000, "grossProfit": 9428600000, "researchDevelopment": {}, "sellingGeneralAdministrative": 3064700000, "nonRecurring": {}, "otherOperatingExpenses": 2450600000, "totalOperatingExpenses": 13806200000, "operatingIncome": 3529800000, "totalOtherIncomeExpenseNet": 213400000, "ebit": 3529800000, "interestExpense": -53800000, "incomeBeforeTax": 3743200000, "incomeTaxExpense": 1212400000, "minorityInterest": {}, "netIncomeFromContinuingOps": 2530800000, "discontinuedOperations": {}, "extraordinaryItems": {}, "effectOfAccountingCharges": {}, "otherItems": {}, "netIncome": 2530800000, "netIncomeApplicableToCommonShares": 2530800000}], "maxAge": 86400}, "fundOwnership": {"ownershipList": [{"maxAge": 1, "reportDate": "2020-07-31", "organization": "Vanguard International Stock Index-Total Intl Stock Indx", "pctHeld": 0.0036000002, "position": 116135, "value": 583328684}, {"maxAge": 1, "reportDate": "2020-07-31", "organization": "Vanguard International Stock Index-Emerging Markets Stk", "pctHeld": 0.0032, "position": 104759, "value": 526188743}, {"maxAge": 1, "reportDate": "2020-07-31", "organization": "iShares Core MSCI Emerging Markets ETF", "pctHeld": 0.0016, "position": 53232, "value": 267376351}, {"maxAge": 1, "reportDate": "2020-07-31", "organization": "DFA Emerging Markets Core Equity Portfolio", "pctHeld": 0.0008, "position": 27507, "value": 138163534}, {"maxAge": 1, "reportDate": "2020-07-31", "organization": "DFA Emerging Markets Small Cap Series", "pctHeld": 0.0005, "position": 15725, "value": 78984316}, {"maxAge": 1, "reportDate": "2020-08-31", "organization": "iShares MSCI India Small Cap ETF", "pctHeld": 0.0004, "position": 14336, "value": 77779968}, {"maxAge": 1, "reportDate": "2020-07-31", "organization": "Vanguard Intl Equity Index Fds-FTSE All World ex U.S. Index Fund", "pctHeld": 0.0004, "position": 13938, "value": 70008483}, {"maxAge": 1, "reportDate": "2020-08-31", "organization": "iShares Core MSCI Total International Stock ETF", "pctHeld": 0.0004, "position": 13142, "value": 71301921}, {"maxAge": 1, "reportDate": "2020-05-31", "organization": "Schwab Strategic Tr-Schwab Emerging Markets Equity ETF", "pctHeld": 0.00029999999, "position": 10363, "value": 50115986}, {"maxAge": 1, "reportDate": "2020-06-30", "organization": "College Retirement Equities Fund-Stock Account", "pctHeld": 0.0002, "position": 6389, "value": 31811469}], "maxAge": 1}, "summaryDetail": {"maxAge": 1, "priceHint": 2, "previousClose": 5489.5, "open": 5489.5, "dayLow": 5444.0, "dayHigh": 5508.25, "regularMarketPreviousClose": 5489.5, "regularMarketOpen": 5489.5, "regularMarketDayLow": 5444.0, "regularMarketDayHigh": 5508.25, "trailingPE": 77.79941, "volume": 150, "regularMarketVolume": 150, "averageVolume": 1154, "averageVolume10days": 509, "averageDailyVolume10Day": 509, "bid": 5495.75, "ask": 0.0, "bidSize": 0, "askSize": 0, "marketCap": 179080118272, "fiftyTwoWeekLow": 4420.0, "fiftyTwoWeekHigh": 6730.15, "fiftyDayAverage": 5791.3545, "twoHundredDayAverage": 5488.758, "trailingAnnualDividendRate": 49.0, "trailingAnnualDividendYield": 0.008926132, "currency": "INR", "fromCurrency": null, "lastMarket": null, "algorithm": null, "tradeable": false}, "sectorTrend": {"maxAge": 1, "symbol": null, "estimates": []}, "incomeStatementHistoryQuarterly": {"incomeStatementHistory": [{"maxAge": 1, "endDate": "2020-06-30", "totalRevenue": 3509800000, "costOfRevenue": 1506500000, "grossProfit": 2003300000, "researchDevelopment": {}, "sellingGeneralAdministrative": 420900000, "nonRecurring": {}, "otherOperatingExpenses": 775000000, "totalOperatingExpenses": 2836500000, "operatingIncome": 673300000, "totalOtherIncomeExpenseNet": -6300000, "ebit": 673300000, "interestExpense": -23900000, "incomeBeforeTax": 667000000, "incomeTaxExpense": 217300000, "minorityInterest": {}, "netIncomeFromContinuingOps": 449700000, "discontinuedOperations": {}, "extraordinaryItems": {}, "effectOfAccountingCharges": {}, "otherItems": {}, "netIncome": 449700000, "netIncomeApplicableToCommonShares": 449700000}, {"maxAge": 1, "endDate": "2020-03-31", "totalRevenue": 4065700000, "costOfRevenue": 1801400000, "grossProfit": 2264300000, "researchDevelopment": {}, "sellingGeneralAdministrative": 813400000, "nonRecurring": {}, "otherOperatingExpenses": 646500000, "totalOperatingExpenses": 3390600000, "operatingIncome": 675100000, "totalOtherIncomeExpenseNet": 32400000, "ebit": 675100000, "interestExpense": -3700000, "incomeBeforeTax": 707500000, "incomeTaxExpense": 183700000, "minorityInterest": {}, "netIncomeFromContinuingOps": 523800000, "discontinuedOperations": {}, "extraordinaryItems": {}, "effectOfAccountingCharges": {}, "otherItems": {}, "netIncome": 523800000, "netIncomeApplicableToCommonShares": 523800000}, {"maxAge": 1, "endDate": "2019-12-31", "totalRevenue": 4593100000, "costOfRevenue": 1846500000, "grossProfit": 2746600000, "researchDevelopment": {}, "sellingGeneralAdministrative": 1007500000, "nonRecurring": {}, "otherOperatingExpenses": 739600000, "totalOperatingExpenses": 3718800000, "operatingIncome": 874300000, "totalOtherIncomeExpenseNet": 24900000, "ebit": 874300000, "interestExpense": -18800000, "incomeBeforeTax": 899200000, "incomeTaxExpense": 188500000, "minorityInterest": {}, "netIncomeFromContinuingOps": 710700000, "discontinuedOperations": {}, "extraordinaryItems": {}, "effectOfAccountingCharges": {}, "otherItems": {}, "netIncome": 710700000, "netIncomeApplicableToCommonShares": 710700000}, {"maxAge": 1, "endDate": "2019-09-30", "totalRevenue": 4622000000, "costOfRevenue": 2136300000, "grossProfit": 2485700000, "researchDevelopment": {}, "sellingGeneralAdministrative": 985900000, "nonRecurring": {}, "otherOperatingExpenses": 520700000, "totalOperatingExpenses": 3764800000, "operatingIncome": 857200000, "totalOtherIncomeExpenseNet": 8800000, "ebit": 857200000, "interestExpense": -8000000, "incomeBeforeTax": 866000000, "incomeTaxExpense": 248400000, "minorityInterest": {}, "netIncomeFromContinuingOps": 617600000, "discontinuedOperations": {}, "extraordinaryItems": {}, "effectOfAccountingCharges": {}, "otherItems": {}, "netIncome": 617600000, "netIncomeApplicableToCommonShares": 617600000}], "maxAge": 86400}, "cashflowStatementHistoryQuarterly": {"cashflowStatements": [{"maxAge": 1, "endDate": "2020-06-30", "netIncome": 449700000, "changeToLiabilities": 0}, {"maxAge": 1, "endDate": "2020-03-31", "netIncome": 523800000, "changeToLiabilities": 0}, {"maxAge": 1, "endDate": "2019-12-31", "netIncome": 710700000, "changeToLiabilities": 0}, {"maxAge": 1, "endDate": "2019-09-30", "netIncome": 617600000, "changeToLiabilities": 0}], "maxAge": 86400}, "insiderHolders": {"holders": [{"maxAge": 1, "name": "Adventz Finance Pvt Ltd", "relation": "Promoter", "url": "", "transactionDescription": "Sale", "latestTransDate": "2013-11-19", "positionDirect": 0, "positionDirectDate": "2013-11-19"}, {"maxAge": 1, "name": "Adventz Investments & Holdings Ltd", "relation": "Promoter", "url": "", "transactionDescription": "Sale", "latestTransDate": "2013-11-20", "positionDirect": 1109104, "positionDirectDate": "2013-11-20"}, {"maxAge": 1, "name": "Globalware Tading & Holdings Ltd", "relation": "Promoter", "url": "", "transactionDescription": "Sale", "latestTransDate": "2013-11-19", "positionDirect": 0, "positionDirectDate": "2013-11-19"}, {"maxAge": 1, "name": "Life Insurance Corporation of India", "relation": "Promoter", "url": "", "transactionDescription": "Acquisition", "latestTransDate": "2020-08-18", "positionDirect": 1637673, "positionDirectDate": "2020-08-18"}, {"maxAge": 1, "name": "Mining Consultants India Pvt Ltd", "relation": "Promoter", "url": "", "transactionDescription": "Other", "latestTransDate": "2017-12-22", "positionDirect": 0, "positionDirectDate": "2017-12-22"}, {"maxAge": 1, "name": "Nexus Mercantile Pvt Ltd", "relation": "Promoter", "url": "", "transactionDescription": "Other", "latestTransDate": "2017-12-22", "positionDirect": 0, "positionDirectDate": "2017-12-22"}, {"maxAge": 1, "name": "Planon Group Ltd", "relation": "Promoter", "url": "", "transactionDescription": "Sale", "latestTransDate": "2013-11-19", "positionDirect": 516038, "positionDirectDate": "2013-11-19"}, {"maxAge": 1, "name": "Poddar (Akshay)", "relation": "Director (Non-Executive)", "url": "", "transactionDescription": "Sale", "latestTransDate": "2013-11-19", "positionDirect": 0, "positionDirectDate": "2013-11-19"}, {"maxAge": 1, "name": "Poddar (Jyotsna)", "relation": "Promoter", "url": "", "transactionDescription": "Sale", "latestTransDate": "2013-11-20", "positionDirect": 0, "positionDirectDate": "2013-11-20"}, {"maxAge": 1, "name": "Poddar (Saroj Kumar)", "relation": "Non Executive Chairman", "url": "", "transactionDescription": "Sale", "latestTransDate": "2013-11-19", "positionDirect": 0, "positionDirectDate": "2013-11-19"}], "maxAge": 1}, "earnings": {"maxAge": 86400, "earningsChart": {"quarterly": [], "earningsDate": []}, "financialsChart": {"yearly": [{"date": 2017, "revenue": 17336000000, "earnings": 2530800000}, {"date": 2018, "revenue": 16768500000, "earnings": 2290500000}, {"date": 2019, "revenue": 18616500000, "earnings": 2529200000}, {"date": 2020, "revenue": 16790600000, "earnings": 2301800000}], "quarterly": [{"date": "3Q2019", "revenue": 4622000000, "earnings": 617600000}, {"date": "4Q2019", "revenue": 4593100000, "earnings": 710700000}, {"date": "1Q2020", "revenue": 4065700000, "earnings": 523800000}, {"date": "2Q2020", "revenue": 3509800000, "earnings": 449700000}]}, "financialCurrency": "INR"}, "calendarEvents": {"maxAge": 1, "earnings": {"earningsDate": []}}, "upgradeDowngradeHistory": {"history": [], "maxAge": 86400}, "price": {"maxAge": 1, "regularMarketChangePercent": 0.0011385372, "regularMarketChange": 6.25, "regularMarketTime": "2021-04-30 15:45:00", "priceHint": 2, "regularMarketPrice": 5495.75, "regularMarketDayHigh": 5508.25, "regularMarketDayLow": 5444.0, "regularMarketVolume": 150, "averageDailyVolume10Day": 509, "averageDailyVolume3Month": 1154, "regularMarketPreviousClose": 5489.5, "regularMarketSource": "FREE_REALTIME", "regularMarketOpen": 5489.5, "exchange": "BSE", "exchangeName": "BSE", "exchangeDataDelayedBy": 0, "marketState": "CLOSED", "quoteType": "EQUITY", "symbol": "GILLETTE.BO", "underlyingSymbol": null, "shortName": "GILLETTE INDIA LTD.", "longName": "Gillette India Limited", "currency": "INR", "quoteSourceName": "Delayed Quote", "currencySymbol": "\u20b9", "fromCurrency": null, "lastMarket": null, "marketCap": 179080118272}, "balanceSheetHistory": {"balanceSheetStatements": [{"maxAge": 1, "endDate": "2020-06-30", "cash": 2324800000, "netReceivables": 2116200000, "inventory": 2842700000, "otherCurrentAssets": 364000000, "totalCurrentAssets": 7647700000, "propertyPlantEquipment": 3176500000, "otherAssets": 2694000000, "deferredLongTermAssetCharges": 230400000, "totalAssets": 13518200000, "accountsPayable": 2873500000, "otherCurrentLiab": 916400000, "otherLiab": 615500000, "totalCurrentLiabilities": 3789900000, "totalLiab": 4405400000, "commonStock": 325900000, "treasuryStock": 8786900000, "otherStockholderEquity": 8786900000, "totalStockholderEquity": 9112800000, "netTangibleAssets": 9112800000}, {"maxAge": 1, "endDate": "2019-06-30", "cash": 1399300000, "shortTermInvestments": 300000, "netReceivables": 2021900000, "inventory": 2340100000, "otherCurrentAssets": 209300000, "totalCurrentAssets": 5972500000, "propertyPlantEquipment": 3247300000, "otherAssets": 2879800000, "deferredLongTermAssetCharges": 321700000, "totalAssets": 12099600000, "accountsPayable": 2811900000, "otherCurrentLiab": 180400000, "otherLiab": 791000000, "totalCurrentLiabilities": 3525000000, "totalLiab": 4316000000, "commonStock": 325900000, "retainedEarnings": 5819700000, "treasuryStock": 1309000000, "capitalSurplus": 329000000, "otherStockholderEquity": 1309000000, "totalStockholderEquity": 7783600000, "netTangibleAssets": 7783600000}, {"maxAge": 1, "endDate": "2018-06-30", "cash": 2351500000, "shortTermInvestments": 300000, "netReceivables": 1847000000, "inventory": 2001500000, "otherCurrentAssets": 117600000, "totalCurrentAssets": 6319500000, "propertyPlantEquipment": 3047800000, "otherAssets": 2722700000, "deferredLongTermAssetCharges": 164000000, "totalAssets": 12090000000, "accountsPayable": 3293000000, "otherCurrentLiab": 998500000, "otherLiab": 354700000, "totalCurrentLiabilities": 4793500000, "totalLiab": 5148200000, "commonStock": 325900000, "retainedEarnings": 4989500000, "treasuryStock": 1297400000, "capitalSurplus": 329000000, "otherStockholderEquity": 1297400000, "totalStockholderEquity": 6941800000, "netTangibleAssets": 6941800000}, {"maxAge": 1, "endDate": "2017-06-30", "cash": 1140200000, "shortTermInvestments": 300000, "netReceivables": 1572200000, "inventory": 2223800000, "otherCurrentAssets": 46500000, "totalCurrentAssets": 4984600000, "propertyPlantEquipment": 2774300000, "otherAssets": 2225700000, "deferredLongTermAssetCharges": 190100000, "totalAssets": 9984600000, "accountsPayable": 3227300000, "otherCurrentLiab": 904000000, "otherLiab": 338100000, "totalCurrentLiabilities": 4640400000, "totalLiab": 4978500000, "commonStock": 325900000, "retainedEarnings": 3062500000, "treasuryStock": 1288700000, "capitalSurplus": 329000000, "otherStockholderEquity": 1288700000, "totalStockholderEquity": 5006100000, "netTangibleAssets": 5006100000}], "maxAge": 86400}, "earningsTrend": {"trend": [{"maxAge": 1, "period": "0q", "endDate": null, "growth": {}, "earningsEstimate": {"avg": 0.0, "low": 0.0, "high": 0.0, "yearAgoEps": {}, "numberOfAnalysts": 0, "growth": {}}, "revenueEstimate": {"avg": 0, "low": 0, "high": 0, "numberOfAnalysts": 0, "yearAgoRevenue": {}, "growth": {}}, "epsTrend": {"current": 0.0, "7daysAgo": 0.0, "30daysAgo": 0.0, "60daysAgo": 0.0, "90daysAgo": 0.0}, "epsRevisions": {"upLast7days": 0, "upLast30days": 0, "downLast30days": 0, "downLast90days": {}}}, {"maxAge": 1, "period": "+1q", "endDate": null, "growth": {}, "earningsEstimate": {"avg": 0.0, "low": 0.0, "high": 0.0, "yearAgoEps": {}, "numberOfAnalysts": 0, "growth": {}}, "revenueEstimate": {"avg": 0, "low": 0, "high": 0, "numberOfAnalysts": 0, "yearAgoRevenue": {}, "growth": {}}, "epsTrend": {"current": 0.0, "7daysAgo": 0.0, "30daysAgo": 0.0, "60daysAgo": 0.0, "90daysAgo": 0.0}, "epsRevisions": {"upLast7days": 0, "upLast30days": 0, "downLast30days": 0, "downLast90days": {}}}, {"maxAge": 1, "period": "0y", "endDate": null, "growth": {}, "earningsEstimate": {"avg": 0.0, "low": 0.0, "high": 0.0, "yearAgoEps": {}, "numberOfAnalysts": 0, "growth": {}}, "revenueEstimate": {"avg": 0, "low": 0, "high": 0, "numberOfAnalysts": 0, "yearAgoRevenue": {}, "growth": {}}, "epsTrend": {"current": 0.0, "7daysAgo": 0.0, "30daysAgo": 0.0, "60daysAgo": 0.0, "90daysAgo": 0.0}, "epsRevisions": {"upLast7days": 0, "upLast30days": 0, "downLast30days": 0, "downLast90days": {}}}, {"maxAge": 1, "period": "+1y", "endDate": null, "growth": {}, "earningsEstimate": {"avg": 0.0, "low": 0.0, "high": 0.0, "yearAgoEps": {}, "numberOfAnalysts": 0, "growth": {}}, "revenueEstimate": {"avg": 0, "low": 0, "high": 0, "numberOfAnalysts": 0, "yearAgoRevenue": {}, "growth": {}}, "epsTrend": {"current": 0.0, "7daysAgo": 0.0, "30daysAgo": 0.0, "60daysAgo": 0.0, "90daysAgo": 0.0}, "epsRevisions": {"upLast7days": 0, "upLast30days": 0, "downLast30days": 0, "downLast90days": {}}}, {"maxAge": 1, "period": "+5y", "endDate": null, "growth": {}, "earningsEstimate": {"avg": {}, "low": {}, "high": {}, "yearAgoEps": {}, "numberOfAnalysts": {}, "growth": {}}, "revenueEstimate": {"avg": {}, "low": {}, "high": {}, "numberOfAnalysts": {}, "yearAgoRevenue": {}, "growth": {}}, "epsTrend": {"current": {}, "7daysAgo": {}, "30daysAgo": {}, "60daysAgo": {}, "90daysAgo": {}}, "epsRevisions": {"upLast7days": {}, "upLast30days": {}, "downLast30days": {}, "downLast90days": {}}}, {"maxAge": 1, "period": "-5y", "endDate": null, "growth": {}, "earningsEstimate": {"avg": {}, "low": {}, "high": {}, "yearAgoEps": {}, "numberOfAnalysts": {}, "growth": {}}, "revenueEstimate": {"avg": {}, "low": {}, "high": {}, "numberOfAnalysts": {}, "yearAgoRevenue": {}, "growth": {}}, "epsTrend": {"current": {}, "7daysAgo": {}, "30daysAgo": {}, "60daysAgo": {}, "90daysAgo": {}}, "epsRevisions": {"upLast7days": {}, "upLast30days": {}, "downLast30days": {}, "downLast90days": {}}}], "maxAge": 1}, "financialData": {"maxAge": 86400, "currentPrice": 5495.75, "targetHighPrice": 7500.0, "targetLowPrice": 7500.0, "targetMeanPrice": 7500.0, "targetMedianPrice": 7500.0, "recommendationKey": "none", "numberOfAnalystOpinions": 1, "grossProfits": 9499900000, "financialCurrency": "INR"}}}