{"GINNIFILA.NS": {"assetProfile": {"address1": "D-196, Sector \u00e2\u0080\u0093 63", "city": "Noida", "zip": "201307", "country": "India", "phone": "91 12 0405 8400", "fax": "91 12 0425 0975", "website": "http://www.ginnifilaments.com", "industry": "Textile Manufacturing", "sector": "Consumer Cyclical", "longBusinessSummary": "Ginni Filaments Limited manufactures and sells cotton yarns, knitted fabrics, non-woven fabrics, garments, wipes, and cosmetics in India. The company operates through Textiles and Others segments. It offers ring spun, open end, and specialty yarns; single and double jersey, and flat knit fabrics; and garments, such as polo's, round necks, rugby's, henley's, sweat shirts, and leggings for men, ladies, and children. The company also provides nonwoven fabrics comprising polyester, viscose, and cotton enriched blends that are used in various applications, including personal hygiene, medical, hospitality, packaging, garments, pultrusion, leather, filtration, automobile, and home furnishing; and filters used for the removal of contaminants from water and other liquids in pharmaceutical, cosmetic, biotechnology, and other industries. In addition, it offers hygiene, cosmetic, medical, home care, and baby care disposable wipes. The company also exports its products. Ginni Filaments Limited was incorporated in 1982 and is based in Noida, India.", "fullTimeEmployees": 2278, "companyOfficers": [{"maxAge": 1, "name": "Mr. Shishir  Jaipuria", "age": 63, "title": "Chairman, CEO & MD", "yearBorn": 1957, "fiscalYear": 2020, "totalPay": 16681000, "exercisedValue": 0, "unexercisedValue": 0}, {"maxAge": 1, "name": "Mr. Saket  Jaipuria", "age": 38, "title": "Pres & Exec. Director", "yearBorn": 1982, "fiscalYear": 2020, "totalPay": 9752000, "exercisedValue": 0, "unexercisedValue": 0}, {"maxAge": 1, "name": "Mr. Suresh  Singhvi", "age": 67, "title": "Director of Fin., CFO & Director", "yearBorn": 1953, "fiscalYear": 2020, "totalPay": 4748000, "exercisedValue": 0, "unexercisedValue": 0}, {"maxAge": 1, "name": "Mr. Bharat  Singh", "age": 58, "title": "Compliance Officer & Company Sec.", "yearBorn": 1962, "fiscalYear": 2020, "totalPay": 1763000, "exercisedValue": 0, "unexercisedValue": 0}, {"maxAge": 1, "name": "Mr. Rajiv  Sharma", "age": 46, "title": "Sr. VP", "yearBorn": 1974, "exercisedValue": 0, "unexercisedValue": 0}, {"maxAge": 1, "name": "Dr. R. K. Gaur", "age": 60, "title": "Sr. VP", "yearBorn": 1960, "exercisedValue": 0, "unexercisedValue": 0}, {"maxAge": 1, "name": "Mr. Balkrishan  Sharma", "age": 49, "title": "Sr. VP", "yearBorn": 1971, "exercisedValue": 0, "unexercisedValue": 0}, {"maxAge": 1, "name": "Pradeep Kumar Cherot", "age": 61, "title": "Sr. VP", "yearBorn": 1959, "exercisedValue": 0, "unexercisedValue": 0}, {"maxAge": 1, "name": "Mr. Yash  Jaipuria", "age": 30, "title": "Exec. Officer", "yearBorn": 1990, "exercisedValue": 0, "unexercisedValue": 0}, {"maxAge": 1, "name": "Mr. Arun  Nag", "age": 60, "title": "VP", "yearBorn": 1960, "exercisedValue": 0, "unexercisedValue": 0}], "compensationAsOfEpochDate": "2020-12-31 05:30:00", "maxAge": 86400}, "recommendationTrend": {"trend": [{"period": "0m", "strongBuy": 0, "buy": 0, "hold": 0, "sell": 0, "strongSell": 0}, {"period": "-1m", "strongBuy": 0, "buy": 0, "hold": 0, "sell": 0, "strongSell": 0}, {"period": "-2m", "strongBuy": 0, "buy": 0, "hold": 0, "sell": 0, "strongSell": 0}, {"period": "-3m", "strongBuy": 0, "buy": 0, "hold": 0, "sell": 0, "strongSell": 0}], "maxAge": 86400}, "cashflowStatementHistory": {"cashflowStatements": [{"maxAge": 1, "endDate": "2020-03-31", "netIncome": 56992000, "depreciation": 258780000, "changeToNetincome": 325654000, "changeToAccountReceivables": -98491000, "changeToLiabilities": -274048000, "changeToInventory": -172382000, "changeToOperatingActivities": 22905000, "totalCashFromOperatingActivities": 119601000, "capitalExpenditures": -94381000, "otherCashflowsFromInvestingActivities": 19336000, "totalCashflowsFromInvestingActivities": 62931000, "netBorrowings": 164686000, "otherCashflowsFromFinancingActivities": -333194000, "totalCashFromFinancingActivities": -168508000, "changeInCash": 14024000}, {"maxAge": 1, "endDate": "2019-03-31", "netIncome": -34947000, "depreciation": 257181000, "changeToNetincome": 329740000, "changeToAccountReceivables": -102612000, "changeToLiabilities": 116740000, "changeToInventory": 43014000, "changeToOperatingActivities": -50076000, "totalCashFromOperatingActivities": 559063000, "capitalExpenditures": -113550000, "otherCashflowsFromInvestingActivities": 5069000, "totalCashflowsFromInvestingActivities": -107772000, "dividendsPaid": -10280000, "netBorrowings": -125865000, "otherCashflowsFromFinancingActivities": -326271000, "totalCashFromFinancingActivities": -462416000, "changeInCash": -11125000}, {"maxAge": 1, "endDate": "2018-03-31", "netIncome": 26565000, "depreciation": 256281000, "changeToNetincome": 217279000, "changeToAccountReceivables": -221279000, "changeToLiabilities": 192925000, "changeToInventory": -178400000, "changeToOperatingActivities": 56060000, "totalCashFromOperatingActivities": 349484000, "capitalExpenditures": -353234000, "otherCashflowsFromInvestingActivities": 9515000, "totalCashflowsFromInvestingActivities": -308193000, "dividendsPaid": -10280000, "netBorrowings": 238429000, "otherCashflowsFromFinancingActivities": -276203000, "totalCashFromFinancingActivities": -37774000, "changeInCash": 3517000}, {"maxAge": 1, "endDate": "2017-03-31", "netIncome": 161486000, "depreciation": 262277000, "changeToNetincome": 307403000, "changeToAccountReceivables": 106484000, "changeToLiabilities": 202112000, "changeToInventory": -235813000, "changeToOperatingActivities": 49373000, "totalCashFromOperatingActivities": 853375000, "capitalExpenditures": -326328000, "otherCashflowsFromInvestingActivities": 10627000, "totalCashflowsFromInvestingActivities": -298319000, "dividendsPaid": -10280000, "netBorrowings": -274161000, "otherCashflowsFromFinancingActivities": -271226000, "totalCashFromFinancingActivities": -545387000, "changeInCash": 9669000}], "maxAge": 86400}, "indexTrend": {"maxAge": 1, "symbol": "SP5", "peRatio": 19.7411, "pegRatio": 1.34172, "estimates": [{"period": "0q", "growth": 0.549}, {"period": "+1q", "growth": 0.431}, {"period": "0y", "growth": 0.305}, {"period": "+1y", "growth": 0.109}, {"period": "+5y", "growth": 0.120865}, {"period": "-5y"}]}, "defaultKeyStatistics": {"maxAge": 1, "priceHint": 2, "enterpriseValue": 3296784128, "profitMargins": 0.04492, "floatShares": 15062125, "sharesOutstanding": 70650096, "heldPercentInsiders": 0.61974, "heldPercentInstitutions": 0.0, "beta": 1.611238, "category": null, "bookValue": 28.098, "priceToBook": 0.7758559, "fundFamily": null, "legalType": null, "lastFiscalYearEnd": "2020-03-31 05:30:00", "nextFiscalYearEnd": "2022-03-31 05:30:00", "mostRecentQuarter": "2020-12-31 05:30:00", "earningsQuarterlyGrowth": 130.072, "netIncomeToCommon": 329464000, "trailingEps": 4.697, "lastSplitFactor": null, "enterpriseToRevenue": 0.45, "enterpriseToEbitda": 3.462}, "industryTrend": {"maxAge": 1, "symbol": null, "estimates": []}, "quoteType": {"exchange": "NSI", "quoteType": "EQUITY", "symbol": "GINNIFILA.NS", "underlyingSymbol": "GINNIFILA.NS", "shortName": "GINNI FILAMENTS", "longName": "Ginni Filaments Limited", "firstTradeDateEpochUtc": "2002-07-01 09:15:00", "timeZoneFullName": "Asia/Kolkata", "timeZoneShortName": "IST", "uuid": "6695a632-2c97-3be3-a26d-d51048dc5794", "gmtOffSetMilliseconds": 19800000, "maxAge": 1}, "incomeStatementHistory": {"incomeStatementHistory": [{"maxAge": 1, "endDate": "2020-03-31", "totalRevenue": 7883609000, "costOfRevenue": 4907962000, "grossProfit": 2975647000, "researchDevelopment": {}, "sellingGeneralAdministrative": 632966000, "nonRecurring": {}, "otherOperatingExpenses": 1745388000, "totalOperatingExpenses": 7545287000, "operatingIncome": 338322000, "totalOtherIncomeExpenseNet": -246112000, "ebit": 338322000, "interestExpense": -296234000, "incomeBeforeTax": 92210000, "incomeTaxExpense": 35218000, "minorityInterest": {}, "netIncomeFromContinuingOps": 56992000, "discontinuedOperations": {}, "extraordinaryItems": {}, "effectOfAccountingCharges": {}, "otherItems": {}, "netIncome": 56992000, "netIncomeApplicableToCommonShares": 56992000}, {"maxAge": 1, "endDate": "2019-03-31", "totalRevenue": 8089840000, "costOfRevenue": 5238615000, "grossProfit": 2851225000, "researchDevelopment": {}, "sellingGeneralAdministrative": 605235000, "nonRecurring": {}, "otherOperatingExpenses": 1721165000, "totalOperatingExpenses": 7821462000, "operatingIncome": 268378000, "totalOtherIncomeExpenseNet": -303167000, "ebit": 268378000, "interestExpense": -294124000, "incomeBeforeTax": -34789000, "incomeTaxExpense": 158000, "minorityInterest": {}, "netIncomeFromContinuingOps": -34947000, "discontinuedOperations": {}, "extraordinaryItems": {}, "effectOfAccountingCharges": {}, "otherItems": {}, "netIncome": -34947000, "netIncomeApplicableToCommonShares": -34947000}, {"maxAge": 1, "endDate": "2018-03-31", "totalRevenue": 7029995000, "costOfRevenue": 4204896000, "grossProfit": 2825099000, "researchDevelopment": {}, "sellingGeneralAdministrative": 565426000, "nonRecurring": {}, "otherOperatingExpenses": 1703025000, "totalOperatingExpenses": 6729246000, "operatingIncome": 300749000, "totalOtherIncomeExpenseNet": -278855000, "ebit": 300749000, "interestExpense": -276203000, "incomeBeforeTax": 21894000, "incomeTaxExpense": -4671000, "minorityInterest": {}, "netIncomeFromContinuingOps": 26565000, "discontinuedOperations": {}, "extraordinaryItems": {}, "effectOfAccountingCharges": {}, "otherItems": {}, "netIncome": 26565000, "netIncomeApplicableToCommonShares": 26565000}, {"maxAge": 1, "endDate": "2017-03-31", "totalRevenue": 7663772000, "costOfRevenue": 4500039000, "grossProfit": 3163733000, "researchDevelopment": {}, "sellingGeneralAdministrative": 574248000, "nonRecurring": {}, "otherOperatingExpenses": 1737064000, "totalOperatingExpenses": 7073167000, "operatingIncome": 590605000, "totalOtherIncomeExpenseNet": -287522000, "ebit": 590605000, "interestExpense": -257307000, "incomeBeforeTax": 303083000, "incomeTaxExpense": 141597000, "minorityInterest": {}, "netIncomeFromContinuingOps": 161486000, "discontinuedOperations": {}, "extraordinaryItems": {}, "effectOfAccountingCharges": {}, "otherItems": {}, "netIncome": 161486000, "netIncomeApplicableToCommonShares": 161486000}], "maxAge": 86400}, "fundOwnership": {"ownershipList": [], "maxAge": 1}, "summaryDetail": {"maxAge": 1, "priceHint": 2, "previousClose": 20.65, "open": 20.65, "dayLow": 20.5, "dayHigh": 22.3, "regularMarketPreviousClose": 20.65, "regularMarketOpen": 20.65, "regularMarketDayLow": 20.5, "regularMarketDayHigh": 22.3, "exDividendDate": "2007-03-21 05:30:00", "payoutRatio": 0.0, "beta": 1.611238, "trailingPE": 4.64126, "volume": 264286, "regularMarketVolume": 264286, "averageVolume": 92421, "averageVolume10days": 60913, "averageDailyVolume10Day": 60913, "bid": 0.0, "ask": 0.0, "bidSize": 0, "askSize": 0, "marketCap": 1536442112, "fiftyTwoWeekLow": 5.95, "fiftyTwoWeekHigh": 24.75, "priceToSalesTrailing12Months": 0.20948736, "fiftyDayAverage": 19.813236, "twoHundredDayAverage": 17.357801, "currency": "INR", "fromCurrency": null, "lastMarket": null, "algorithm": null, "tradeable": false}, "insiderHolders": {"holders": [{"maxAge": 1, "name": "Raghukul Trading Pvt. Ltd.", "relation": "Institution- Corporation", "url": "", "transactionDescription": "Acquisition", "latestTransDate": "2015-03-18", "positionDirect": 30000, "positionDirectDate": "2015-03-18"}], "maxAge": 1}, "calendarEvents": {"maxAge": 1, "earnings": {"earningsDate": []}, "exDividendDate": "2007-03-21 05:30:00"}, "upgradeDowngradeHistory": {"history": [], "maxAge": 86400}, "price": {"maxAge": 1, "regularMarketChangePercent": 0.055690054, "regularMarketChange": 1.1499996, "regularMarketTime": "2021-04-30 15:29:48", "priceHint": 2, "regularMarketPrice": 21.8, "regularMarketDayHigh": 22.3, "regularMarketDayLow": 20.5, "regularMarketVolume": 264286, "averageDailyVolume10Day": 60913, "averageDailyVolume3Month": 92421, "regularMarketPreviousClose": 20.65, "regularMarketSource": "FREE_REALTIME", "regularMarketOpen": 20.65, "exchange": "NSI", "exchangeName": "NSE", "exchangeDataDelayedBy": 15, "marketState": "CLOSED", "quoteType": "EQUITY", "symbol": "GINNIFILA.NS", "underlyingSymbol": null, "shortName": "GINNI FILAMENTS", "longName": "Ginni Filaments Limited", "currency": "INR", "quoteSourceName": "Delayed Quote", "currencySymbol": "\u20b9", "fromCurrency": null, "lastMarket": null, "marketCap": 1536442112}, "balanceSheetHistory": {"balanceSheetStatements": [{"maxAge": 1, "endDate": "2020-03-31", "cash": 24524000, "netReceivables": 1273484000, "inventory": 1748311000, "otherCurrentAssets": 297614000, "totalCurrentAssets": 3359202000, "longTermInvestments": 335245000, "propertyPlantEquipment": 2241057000, "intangibleAssets": 809000, "otherAssets": 8738000, "totalAssets": 5945051000, "accountsPayable": 396867000, "shortLongTermDebt": 85000000, "otherCurrentLiab": 183526000, "longTermDebt": 859525000, "otherLiab": 210517000, "totalCurrentLiabilities": 2994372000, "totalLiab": 4089829000, "commonStock": 706501000, "retainedEarnings": 183794000, "treasuryStock": 336184000, "capitalSurplus": 628743000, "otherStockholderEquity": 336184000, "totalStockholderEquity": 1855222000, "netTangibleAssets": 1854413000}, {"maxAge": 1, "endDate": "2019-03-31", "cash": 10500000, "shortTermInvestments": 71094000, "netReceivables": 1169246000, "inventory": 1575929000, "otherCurrentAssets": 372621000, "totalCurrentAssets": 3141803000, "longTermInvestments": 335245000, "propertyPlantEquipment": 2396516000, "intangibleAssets": 1657000, "otherAssets": 1320000, "totalAssets": 5876541000, "accountsPayable": 673544000, "shortLongTermDebt": 36000000, "otherCurrentLiab": 166623000, "longTermDebt": 646421000, "otherLiab": 204113000, "totalCurrentLiabilities": 3237132000, "totalLiab": 4087666000, "commonStock": 706501000, "retainedEarnings": 126802000, "treasuryStock": 326829000, "capitalSurplus": 628743000, "otherStockholderEquity": 326829000, "totalStockholderEquity": 1788875000, "netTangibleAssets": 1787218000}, {"maxAge": 1, "endDate": "2018-03-31", "cash": 31832000, "netReceivables": 931029000, "inventory": 1618943000, "otherCurrentAssets": 292742000, "totalCurrentAssets": 2884746000, "longTermInvestments": 289002000, "propertyPlantEquipment": 2541168000, "intangibleAssets": 1733000, "otherAssets": 12573000, "totalAssets": 5729222000, "accountsPayable": 556804000, "shortLongTermDebt": 267602000, "otherCurrentLiab": 85150000, "longTermDebt": 622080000, "otherLiab": 209453000, "totalCurrentLiabilities": 3109492000, "totalLiab": 3941025000, "commonStock": 706501000, "retainedEarnings": 180749000, "treasuryStock": 272204000, "capitalSurplus": 628743000, "otherStockholderEquity": 272204000, "totalStockholderEquity": 1788197000, "netTangibleAssets": 1786464000}, {"maxAge": 1, "endDate": "2017-03-31", "cash": 32386000, "netReceivables": 736865000, "inventory": 1440542000, "otherCurrentAssets": 269109000, "totalCurrentAssets": 2487497000, "longTermInvestments": 289002000, "propertyPlantEquipment": 2476910000, "intangibleAssets": 1252000, "otherAssets": 46008000, "totalAssets": 5300669000, "accountsPayable": 368761000, "shortLongTermDebt": 435638000, "otherCurrentLiab": 92064000, "longTermDebt": 718224000, "otherLiab": 220163000, "totalCurrentLiabilities": 2602726000, "totalLiab": 3541113000, "commonStock": 706501000, "retainedEarnings": 154184000, "treasuryStock": 270128000, "capitalSurplus": 628743000, "otherStockholderEquity": 270128000, "totalStockholderEquity": 1759556000, "netTangibleAssets": 1758304000}], "maxAge": 86400}, "earningsTrend": {"trend": [{"maxAge": 1, "period": "0q", "endDate": null, "growth": {}, "earningsEstimate": {"avg": 0.0, "low": 0.0, "high": 0.0, "yearAgoEps": {}, "numberOfAnalysts": 0, "growth": {}}, "revenueEstimate": {"avg": 0, "low": 0, "high": 0, "numberOfAnalysts": 0, "yearAgoRevenue": {}, "growth": {}}, "epsTrend": {"current": 0.0, "7daysAgo": 0.0, "30daysAgo": 0.0, "60daysAgo": 0.0, "90daysAgo": 0.0}, "epsRevisions": {"upLast7days": 0, "upLast30days": 0, "downLast30days": 0, "downLast90days": {}}}, {"maxAge": 1, "period": "+1q", "endDate": null, "growth": {}, "earningsEstimate": {"avg": 0.0, "low": 0.0, "high": 0.0, "yearAgoEps": {}, "numberOfAnalysts": 0, "growth": {}}, "revenueEstimate": {"avg": 0, "low": 0, "high": 0, "numberOfAnalysts": 0, "yearAgoRevenue": {}, "growth": {}}, "epsTrend": {"current": 0.0, "7daysAgo": 0.0, "30daysAgo": 0.0, "60daysAgo": 0.0, "90daysAgo": 0.0}, "epsRevisions": {"upLast7days": 0, "upLast30days": 0, "downLast30days": 0, "downLast90days": {}}}, {"maxAge": 1, "period": "0y", "endDate": null, "growth": {}, "earningsEstimate": {"avg": 0.0, "low": 0.0, "high": 0.0, "yearAgoEps": {}, "numberOfAnalysts": 0, "growth": {}}, "revenueEstimate": {"avg": 0, "low": 0, "high": 0, "numberOfAnalysts": 0, "yearAgoRevenue": {}, "growth": {}}, "epsTrend": {"current": 0.0, "7daysAgo": 0.0, "30daysAgo": 0.0, "60daysAgo": 0.0, "90daysAgo": 0.0}, "epsRevisions": {"upLast7days": 0, "upLast30days": 0, "downLast30days": 0, "downLast90days": {}}}, {"maxAge": 1, "period": "+1y", "endDate": null, "growth": {}, "earningsEstimate": {"avg": 0.0, "low": 0.0, "high": 0.0, "yearAgoEps": {}, "numberOfAnalysts": 0, "growth": {}}, "revenueEstimate": {"avg": 0, "low": 0, "high": 0, "numberOfAnalysts": 0, "yearAgoRevenue": {}, "growth": {}}, "epsTrend": {"current": 0.0, "7daysAgo": 0.0, "30daysAgo": 0.0, "60daysAgo": 0.0, "90daysAgo": 0.0}, "epsRevisions": {"upLast7days": 0, "upLast30days": 0, "downLast30days": 0, "downLast90days": {}}}, {"maxAge": 1, "period": "+5y", "endDate": null, "growth": {}, "earningsEstimate": {"avg": {}, "low": {}, "high": {}, "yearAgoEps": {}, "numberOfAnalysts": {}, "growth": {}}, "revenueEstimate": {"avg": {}, "low": {}, "high": {}, "numberOfAnalysts": {}, "yearAgoRevenue": {}, "growth": {}}, "epsTrend": {"current": {}, "7daysAgo": {}, "30daysAgo": {}, "60daysAgo": {}, "90daysAgo": {}}, "epsRevisions": {"upLast7days": {}, "upLast30days": {}, "downLast30days": {}, "downLast90days": {}}}, {"maxAge": 1, "period": "-5y", "endDate": null, "growth": {}, "earningsEstimate": {"avg": {}, "low": {}, "high": {}, "yearAgoEps": {}, "numberOfAnalysts": {}, "growth": {}}, "revenueEstimate": {"avg": {}, "low": {}, "high": {}, "numberOfAnalysts": {}, "yearAgoRevenue": {}, "growth": {}}, "epsTrend": {"current": {}, "7daysAgo": {}, "30daysAgo": {}, "60daysAgo": {}, "90daysAgo": {}}, "epsRevisions": {"upLast7days": {}, "upLast30days": {}, "downLast30days": {}, "downLast90days": {}}}], "maxAge": 1}, "institutionOwnership": {"ownershipList": [], "maxAge": 1}, "majorHoldersBreakdown": {"maxAge": 1, "insidersPercentHeld": 0.61974, "institutionsPercentHeld": 0.0, "institutionsFloatPercentHeld": 0.0, "institutionsCount": 0}, "balanceSheetHistoryQuarterly": {"balanceSheetStatements": [{"maxAge": 1, "endDate": "2020-12-31", "totalStockholderEquity": 1986617000, "netTangibleAssets": 1986234000}, {"maxAge": 1, "endDate": "2020-09-30", "cash": 38884000, "shortTermInvestments": 82341000, "netReceivables": 867469000, "inventory": 963614000, "otherCurrentAssets": 298377000, "totalCurrentAssets": 2250685000, "longTermInvestments": 335245000, "propertyPlantEquipment": 2197959000, "intangibleAssets": 383000, "otherAssets": 4198000, "totalAssets": 4788470000, "accountsPayable": 316328000, "otherCurrentLiab": 308700000, "longTermDebt": 804197000, "otherLiab": 249987000, "totalCurrentLiabilities": 1723086000, "totalLiab": 2801853000, "commonStock": 706501000, "treasuryStock": 1280116000, "otherStockholderEquity": 1280116000, "totalStockholderEquity": 1986617000, "netTangibleAssets": 1986234000}, {"maxAge": 1, "endDate": "2020-06-30", "totalStockholderEquity": 1855222000, "netTangibleAssets": 1854413000}, {"maxAge": 1, "endDate": "2020-03-31", "cash": 24524000, "netReceivables": 1273484000, "inventory": 1748311000, "otherCurrentAssets": 297614000, "totalCurrentAssets": 3359202000, "longTermInvestments": 335245000, "propertyPlantEquipment": 2241057000, "intangibleAssets": 809000, "otherAssets": 8738000, "totalAssets": 5945051000, "accountsPayable": 396867000, "shortLongTermDebt": 85000000, "otherCurrentLiab": 183526000, "longTermDebt": 859525000, "otherLiab": 210517000, "totalCurrentLiabilities": 2994372000, "totalLiab": 4089829000, "commonStock": 706501000, "retainedEarnings": 183794000, "treasuryStock": 336184000, "capitalSurplus": 628743000, "otherStockholderEquity": 336184000, "totalStockholderEquity": 1855222000, "netTangibleAssets": 1854413000}], "maxAge": 86400}, "earningsHistory": {"history": [{"maxAge": 1, "epsActual": {}, "epsEstimate": {}, "epsDifference": {}, "surprisePercent": {}, "quarter": {}, "period": "-4q"}, {"maxAge": 1, "epsActual": {}, "epsEstimate": {}, "epsDifference": {}, "surprisePercent": {}, "quarter": {}, "period": "-3q"}, {"maxAge": 1, "epsActual": {}, "epsEstimate": {}, "epsDifference": {}, "surprisePercent": {}, "quarter": {}, "period": "-2q"}, {"maxAge": 1, "epsActual": {}, "epsEstimate": {}, "epsDifference": {}, "surprisePercent": {}, "quarter": {}, "period": "-1q"}], "maxAge": 86400}, "summaryProfile": {"address1": "D-196, Sector \u00e2\u0080\u0093 63", "city": "Noida", "zip": "201307", "country": "India", "phone": "91 12 0405 8400", "fax": "91 12 0425 0975", "website": "http://www.ginnifilaments.com", "industry": "Textile Manufacturing", "sector": "Consumer Cyclical", "longBusinessSummary": "Ginni Filaments Limited manufactures and sells cotton yarns, knitted fabrics, non-woven fabrics, garments, wipes, and cosmetics in India. The company operates through Textiles and Others segments. It offers ring spun, open end, and specialty yarns; single and double jersey, and flat knit fabrics; and garments, such as polo's, round necks, rugby's, henley's, sweat shirts, and leggings for men, ladies, and children. The company also provides nonwoven fabrics comprising polyester, viscose, and cotton enriched blends that are used in various applications, including personal hygiene, medical, hospitality, packaging, garments, pultrusion, leather, filtration, automobile, and home furnishing; and filters used for the removal of contaminants from water and other liquids in pharmaceutical, cosmetic, biotechnology, and other industries. In addition, it offers hygiene, cosmetic, medical, home care, and baby care disposable wipes. The company also exports its products. Ginni Filaments Limited was incorporated in 1982 and is based in Noida, India.", "fullTimeEmployees": 2278, "companyOfficers": [], "maxAge": 86400}, "netSharePurchaseActivity": {"maxAge": 1, "period": "6m", "buyInfoCount": 0, "buyInfoShares": 0, "sellInfoCount": 0, "netInfoCount": 0, "netInfoShares": 0, "netPercentInsiderShares": 0.0, "totalInsiderShares": 43746376}, "insiderTransactions": {"transactions": [{"maxAge": 1, "shares": 30000, "filerUrl": "", "transactionText": "", "filerName": "Raghukul Trading Pvt. Ltd.", "filerRelation": "Institution- Corporation", "moneyText": "", "startDate": "2015-03-18", "ownership": "D"}], "maxAge": 1}, "sectorTrend": {"maxAge": 1, "symbol": null, "estimates": []}, "incomeStatementHistoryQuarterly": {"incomeStatementHistory": [{"maxAge": 1, "endDate": "2020-12-31", "totalRevenue": 2171332000, "costOfRevenue": 1184282000, "grossProfit": 987050000, "researchDevelopment": {}, "sellingGeneralAdministrative": 154265000, "nonRecurring": {}, "otherOperatingExpenses": 513863000, "totalOperatingExpenses": 1915847000, "operatingIncome": 255485000, "totalOtherIncomeExpenseNet": -59456000, "ebit": 255485000, "interestExpense": -64059000, "incomeBeforeTax": 196029000, "incomeTaxExpense": 69676000, "minorityInterest": {}, "netIncomeFromContinuingOps": 126353000, "discontinuedOperations": {}, "extraordinaryItems": {}, "effectOfAccountingCharges": {}, "otherItems": {}, "netIncome": 126353000, "netIncomeApplicableToCommonShares": 126353000}, {"maxAge": 1, "endDate": "2020-09-30", "totalRevenue": 1940785000, "costOfRevenue": 1134897000, "grossProfit": 805888000, "researchDevelopment": {}, "sellingGeneralAdministrative": 142821000, "nonRecurring": {}, "otherOperatingExpenses": 393908000, "totalOperatingExpenses": 1738134000, "operatingIncome": 202651000, "totalOtherIncomeExpenseNet": -72780000, "ebit": 202651000, "interestExpense": -76599000, "incomeBeforeTax": 129871000, "incomeTaxExpense": 47147000, "minorityInterest": {}, "netIncomeFromContinuingOps": 82724000, "discontinuedOperations": {}, "extraordinaryItems": {}, "effectOfAccountingCharges": {}, "otherItems": {}, "netIncome": 82724000, "netIncomeApplicableToCommonShares": 82724000}, {"maxAge": 1, "endDate": "2020-06-30", "totalRevenue": 1284630000, "costOfRevenue": 713022000, "grossProfit": 571608000, "researchDevelopment": {}, "sellingGeneralAdministrative": 101256000, "nonRecurring": {}, "otherOperatingExpenses": 274152000, "totalOperatingExpenses": 1154218000, "operatingIncome": 130412000, "totalOtherIncomeExpenseNet": -60335000, "ebit": 130412000, "interestExpense": -77064000, "incomeBeforeTax": 70077000, "incomeTaxExpense": 18792000, "minorityInterest": {}, "netIncomeFromContinuingOps": 51285000, "discontinuedOperations": {}, "extraordinaryItems": {}, "effectOfAccountingCharges": {}, "otherItems": {}, "netIncome": 51285000, "netIncomeApplicableToCommonShares": 51285000}, {"maxAge": 1, "endDate": "2020-03-31", "totalRevenue": 1937548000, "costOfRevenue": 1170212000, "grossProfit": 767336000, "researchDevelopment": {}, "sellingGeneralAdministrative": 164081000, "nonRecurring": {}, "otherOperatingExpenses": 402843000, "totalOperatingExpenses": 1800140000, "operatingIncome": 137408000, "totalOtherIncomeExpenseNet": -23786000, "ebit": 137408000, "interestExpense": -51023000, "incomeBeforeTax": 113622000, "incomeTaxExpense": 44520000, "minorityInterest": {}, "netIncomeFromContinuingOps": 69102000, "discontinuedOperations": {}, "extraordinaryItems": {}, "effectOfAccountingCharges": {}, "otherItems": {}, "netIncome": 69102000, "netIncomeApplicableToCommonShares": 69102000}], "maxAge": 86400}, "cashflowStatementHistoryQuarterly": {"cashflowStatements": [{"maxAge": 1, "endDate": "2020-12-31", "netIncome": 126353000, "changeToLiabilities": 0}, {"maxAge": 1, "endDate": "2020-09-30", "netIncome": 82724000, "changeToLiabilities": 0}, {"maxAge": 1, "endDate": "2020-06-30", "netIncome": 51285000, "changeToLiabilities": 0}, {"maxAge": 1, "endDate": "2020-03-31", "netIncome": 69102000, "changeToLiabilities": 0}], "maxAge": 86400}, "earnings": {"maxAge": 86400, "earningsChart": {"quarterly": [], "earningsDate": []}, "financialsChart": {"yearly": [{"date": 2017, "revenue": 7663772000, "earnings": 161486000}, {"date": 2018, "revenue": 7029995000, "earnings": 26565000}, {"date": 2019, "revenue": 8089840000, "earnings": -34947000}, {"date": 2020, "revenue": 7883609000, "earnings": 56992000}], "quarterly": [{"date": "1Q2020", "revenue": 1937548000, "earnings": 69102000}, {"date": "2Q2020", "revenue": 1284630000, "earnings": 51285000}, {"date": "3Q2020", "revenue": 1940785000, "earnings": 82724000}, {"date": "4Q2020", "revenue": 2171332000, "earnings": 126353000}]}, "financialCurrency": "INR"}, "financialData": {"maxAge": 86400, "currentPrice": 21.8, "recommendationMean": 2.0, "recommendationKey": "buy", "totalCash": 121225000, "totalCashPerShare": 1.717, "ebitda": 952241024, "totalDebt": 1879185024, "totalRevenue": 7334295040, "debtToEquity": 94.592, "revenuePerShare": 104.563, "grossProfits": 2975647000, "earningsGrowth": 178.0, "revenueGrowth": 0.036, "grossMargins": 0.42501998, "ebitdaMargins": 0.12983, "operatingMargins": 0.09698, "profitMargins": 0.04492, "financialCurrency": "INR"}}}