{"GIPCL.BO": {"recommendationTrend": {"trend": [{"period": "0m", "strongBuy": 0, "buy": 0, "hold": 0, "sell": 0, "strongSell": 0}, {"period": "-1m", "strongBuy": 0, "buy": 0, "hold": 0, "sell": 0, "strongSell": 0}, {"period": "-2m", "strongBuy": 0, "buy": 0, "hold": 0, "sell": 0, "strongSell": 0}, {"period": "-3m", "strongBuy": 0, "buy": 0, "hold": 0, "sell": 0, "strongSell": 0}], "maxAge": 86400}, "cashflowStatementHistory": {"cashflowStatements": [{"maxAge": 1, "endDate": "2020-03-31", "netIncome": 2479838000, "depreciation": 1974673000, "changeToNetincome": 184826000, "changeToAccountReceivables": 218483000, "changeToLiabilities": -345781000, "changeToInventory": 50974000, "changeToOperatingActivities": -64072000, "totalCashFromOperatingActivities": 4498941000, "capitalExpenditures": -1197111000, "otherCashflowsFromInvestingActivities": 10457000, "totalCashflowsFromInvestingActivities": -1185684000, "dividendsPaid": -438628000, "netBorrowings": -1258004000, "otherCashflowsFromFinancingActivities": -522170000, "totalCashFromFinancingActivities": -2218802000, "changeInCash": 1094455000}, {"maxAge": 1, "endDate": "2019-03-31", "netIncome": 2547591000, "depreciation": 1738548000, "changeToNetincome": 1716790000, "changeToAccountReceivables": 455646000, "changeToLiabilities": 504345000, "changeToInventory": -139723000, "changeToOperatingActivities": -1017285000, "totalCashFromOperatingActivities": 5818728000, "capitalExpenditures": -2528095000, "otherCashflowsFromInvestingActivities": 215350000, "totalCashflowsFromInvestingActivities": -2311623000, "dividendsPaid": -458505000, "netBorrowings": -435340000, "otherCashflowsFromFinancingActivities": -529138000, "totalCashFromFinancingActivities": -1422983000, "changeInCash": 2084122000}, {"maxAge": 1, "endDate": "2018-03-31", "netIncome": 1660477000, "depreciation": 1649701000, "changeToNetincome": 1238933000, "changeToAccountReceivables": -119567000, "changeToLiabilities": -23579000, "changeToInventory": 82038000, "changeToOperatingActivities": -1190091000, "totalCashFromOperatingActivities": 3310153000, "capitalExpenditures": -3783515000, "investments": -120000000, "otherCashflowsFromInvestingActivities": 75513000, "totalCashflowsFromInvestingActivities": -3827972000, "dividendsPaid": -398133000, "netBorrowings": 1989859000, "otherCashflowsFromFinancingActivities": -566592000, "totalCashFromFinancingActivities": 1025134000, "changeInCash": 507315000}, {"maxAge": 1, "endDate": "2017-03-31", "netIncome": 2292535000, "depreciation": 1316189000, "changeToNetincome": 773040000, "changeToAccountReceivables": 176411000, "changeToLiabilities": 190298000, "changeToInventory": -91070000, "changeToOperatingActivities": -343927000, "totalCashFromOperatingActivities": 4327175000, "capitalExpenditures": -4773807000, "investments": -120000000, "otherCashflowsFromInvestingActivities": 174528000, "totalCashflowsFromInvestingActivities": -4587848000, "dividendsPaid": -397207000, "netBorrowings": -576664000, "otherCashflowsFromFinancingActivities": -639189000, "totalCashFromFinancingActivities": -1613060000, "changeInCash": -1873733000}], "maxAge": 86400}, "institutionOwnership": {"ownershipList": [], "maxAge": 1}, "balanceSheetHistoryQuarterly": {"balanceSheetStatements": [{"maxAge": 1, "endDate": "2020-06-30", "totalStockholderEquity": 27480715000, "netTangibleAssets": 27440051000}, {"maxAge": 1, "endDate": "2020-03-31", "cash": 3717658000, "shortTermInvestments": 175280000, "netReceivables": 1958006000, "inventory": 1604739000, "otherCurrentAssets": 258993000, "totalCurrentAssets": 7714676000, "longTermInvestments": 598058000, "propertyPlantEquipment": 28839089000, "intangibleAssets": 40664000, "otherAssets": 2105596000, "totalAssets": 39298083000, "accountsPayable": 1095702000, "otherCurrentLiab": 1274425000, "longTermDebt": 3835571000, "otherLiab": 5414429000, "totalCurrentLiabilities": 2567368000, "totalLiab": 11817368000, "commonStock": 1512512000, "treasuryStock": 25968203000, "otherStockholderEquity": 25968203000, "totalStockholderEquity": 27480715000, "netTangibleAssets": 27440051000}, {"maxAge": 1, "endDate": "2019-12-31"}, {"maxAge": 1, "endDate": "2019-06-30", "totalStockholderEquity": 25707392000, "netTangibleAssets": 25657808000}], "maxAge": 86400}, "earningsHistory": {"history": [{"maxAge": 1, "epsActual": 3.91, "epsEstimate": 4.48, "epsDifference": -0.57, "surprisePercent": -0.127, "quarter": "2017-12-31", "period": "-4q"}, {"maxAge": 1, "epsActual": 4.57, "epsEstimate": 4.69, "epsDifference": -0.12, "surprisePercent": -0.025999999, "quarter": "2018-03-31", "period": "-3q"}, {"maxAge": 1, "epsActual": 3.82, "epsEstimate": 4.7, "epsDifference": -0.88, "surprisePercent": -0.187, "quarter": "2018-06-30", "period": "-2q"}, {"maxAge": 1, "epsActual": 7.89, "epsEstimate": 4.3, "epsDifference": 3.59, "surprisePercent": 0.835, "quarter": "2018-09-30", "period": "-1q"}], "maxAge": 86400}, "indexTrend": {"maxAge": 1, "symbol": "SP5", "peRatio": 19.7411, "pegRatio": 1.34172, "estimates": [{"period": "0q", "growth": 0.549}, {"period": "+1q", "growth": 0.431}, {"period": "0y", "growth": 0.305}, {"period": "+1y", "growth": 0.109}, {"period": "+5y", "growth": 0.120865}, {"period": "-5y"}]}, "industryTrend": {"maxAge": 1, "symbol": null, "estimates": []}, "insiderTransactions": {"transactions": [{"maxAge": 1, "shares": 539872, "filerUrl": "", "transactionText": "", "filerName": "ICICI Prudential Life Insurance Company Ltd", "filerRelation": "Institution- Corporation", "moneyText": "", "startDate": "2010-03-30", "ownership": "D"}], "maxAge": 1}, "quoteType": {"exchange": "BSE", "quoteType": "EQUITY", "symbol": "GIPCL.BO", "underlyingSymbol": "GIPCL.BO", "shortName": "GUJARAT INDUSTRIES POWER CO.LT", "longName": "Gujarat Industries Power Company Limited", "firstTradeDateEpochUtc": "2000-01-03 09:15:00", "timeZoneFullName": "Asia/Kolkata", "timeZoneShortName": "IST", "uuid": "f73081c7-f980-34cc-af3b-fde9c51dc344", "gmtOffSetMilliseconds": 19800000, "maxAge": 1}, "incomeStatementHistory": {"incomeStatementHistory": [{"maxAge": 1, "endDate": "2020-03-31", "totalRevenue": 13788282000, "costOfRevenue": 7204936000, "grossProfit": 6583346000, "researchDevelopment": {}, "sellingGeneralAdministrative": 1084100000, "nonRecurring": {}, "otherOperatingExpenses": 449491000, "totalOperatingExpenses": 10646077000, "operatingIncome": 3142205000, "totalOtherIncomeExpenseNet": -88406000, "ebit": 3142205000, "interestExpense": -507299000, "incomeBeforeTax": 3053799000, "incomeTaxExpense": 573961000, "minorityInterest": {}, "netIncomeFromContinuingOps": 2479838000, "discontinuedOperations": {}, "extraordinaryItems": {}, "effectOfAccountingCharges": {}, "otherItems": {}, "netIncome": 2479838000, "netIncomeApplicableToCommonShares": 2479838000}, {"maxAge": 1, "endDate": "2019-03-31", "totalRevenue": 14073526000, "costOfRevenue": 7372484000, "grossProfit": 6701042000, "researchDevelopment": {}, "sellingGeneralAdministrative": 910211000, "nonRecurring": {}, "otherOperatingExpenses": 309199000, "totalOperatingExpenses": 10275912000, "operatingIncome": 3797614000, "totalOtherIncomeExpenseNet": -731199000, "ebit": 3797614000, "interestExpense": -485766000, "incomeBeforeTax": 3066415000, "incomeTaxExpense": 518824000, "minorityInterest": {}, "netIncomeFromContinuingOps": 2547591000, "discontinuedOperations": {}, "extraordinaryItems": {}, "effectOfAccountingCharges": {}, "otherItems": {}, "netIncome": 2547591000, "netIncomeApplicableToCommonShares": 2547591000}, {"maxAge": 1, "endDate": "2018-03-31", "totalRevenue": 13538384000, "costOfRevenue": 7409991000, "grossProfit": 6128393000, "researchDevelopment": {}, "sellingGeneralAdministrative": 936428000, "nonRecurring": {}, "otherOperatingExpenses": 360352000, "totalOperatingExpenses": 10303765000, "operatingIncome": 3234619000, "totalOtherIncomeExpenseNet": -844358000, "ebit": 3234619000, "interestExpense": -523975000, "incomeBeforeTax": 2390261000, "incomeTaxExpense": 729784000, "minorityInterest": {}, "netIncomeFromContinuingOps": 1660477000, "discontinuedOperations": {}, "extraordinaryItems": {}, "effectOfAccountingCharges": {}, "otherItems": {}, "netIncome": 1660477000, "netIncomeApplicableToCommonShares": 1660477000}, {"maxAge": 1, "endDate": "2017-03-31", "totalRevenue": 13105625000, "costOfRevenue": 7730263000, "grossProfit": 5375362000, "researchDevelopment": {}, "sellingGeneralAdministrative": 738461000, "nonRecurring": {}, "otherOperatingExpenses": 316116000, "totalOperatingExpenses": 10057036000, "operatingIncome": 3048589000, "totalOtherIncomeExpenseNet": -38654000, "ebit": 3048589000, "interestExpense": -602693000, "incomeBeforeTax": 3009935000, "incomeTaxExpense": 717400000, "minorityInterest": {}, "netIncomeFromContinuingOps": 2292535000, "discontinuedOperations": {}, "extraordinaryItems": {}, "effectOfAccountingCharges": {}, "otherItems": {}, "netIncome": 2292535000, "netIncomeApplicableToCommonShares": 2292535000}], "maxAge": 86400}, "fundOwnership": {"ownershipList": [{"maxAge": 1, "reportDate": "2020-07-31", "organization": "DFA Emerging Markets Core Equity Portfolio", "pctHeld": 0.0015, "position": 230702, "value": 15964578}, {"maxAge": 1, "reportDate": "2020-07-31", "organization": "DFA Emerging Markets Small Cap Series", "pctHeld": 0.0014, "position": 207737, "value": 14375400}, {"maxAge": 1, "reportDate": "2020-07-31", "organization": "DFA Investment Dimensions-Emerging Markets Social Core Equity", "pctHeld": 0.0001, "position": 19775, "value": 1368430}], "maxAge": 1}, "summaryDetail": {"maxAge": 1, "priceHint": 2, "previousClose": 75.5, "open": 75.15, "dayLow": 75.1, "dayHigh": 76.5, "regularMarketPreviousClose": 75.5, "regularMarketOpen": 75.15, "regularMarketDayLow": 75.1, "regularMarketDayHigh": 76.5, "trailingPE": 5.0947227, "forwardPE": 5.02, "volume": 13001, "regularMarketVolume": 13001, "averageVolume": 47822, "averageVolume10days": 13828, "averageDailyVolume10Day": 13828, "bid": 75.25, "ask": 75.85, "bidSize": 0, "askSize": 0, "marketCap": 11389201408, "fiftyTwoWeekLow": 42.5, "fiftyTwoWeekHigh": 94.5, "fiftyDayAverage": 82.35, "twoHundredDayAverage": 74.7375, "trailingAnnualDividendRate": 2.9, "trailingAnnualDividendYield": 0.038410597, "currency": "INR", "fromCurrency": null, "lastMarket": null, "algorithm": null, "tradeable": false}, "sectorTrend": {"maxAge": 1, "symbol": null, "estimates": []}, "incomeStatementHistoryQuarterly": {"incomeStatementHistory": [{"maxAge": 1, "endDate": "2020-06-30", "totalRevenue": 3358780000, "costOfRevenue": 1770693000, "grossProfit": 1588087000, "researchDevelopment": {}, "sellingGeneralAdministrative": 238993000, "nonRecurring": {}, "otherOperatingExpenses": 71983000, "totalOperatingExpenses": 2575826000, "operatingIncome": 782954000, "totalOtherIncomeExpenseNet": -42834000, "ebit": 782954000, "interestExpense": -115021000, "incomeBeforeTax": 740120000, "incomeTaxExpense": 131478000, "minorityInterest": {}, "netIncomeFromContinuingOps": 608642000, "discontinuedOperations": {}, "extraordinaryItems": {}, "effectOfAccountingCharges": {}, "otherItems": {}, "netIncome": 608642000, "netIncomeApplicableToCommonShares": 608642000}, {"maxAge": 1, "endDate": "2020-03-31", "totalRevenue": 3425072000, "costOfRevenue": 1663096000, "grossProfit": 1761976000, "researchDevelopment": {}, "sellingGeneralAdministrative": 344961000, "nonRecurring": {}, "otherOperatingExpenses": 207085000, "totalOperatingExpenses": 2705295000, "operatingIncome": 719777000, "totalOtherIncomeExpenseNet": 5283000, "ebit": 719777000, "interestExpense": -119344000, "incomeBeforeTax": 725060000, "incomeTaxExpense": 105827000, "minorityInterest": {}, "netIncomeFromContinuingOps": 619233000, "discontinuedOperations": {}, "extraordinaryItems": {}, "effectOfAccountingCharges": {}, "otherItems": {}, "netIncome": 619233000, "netIncomeApplicableToCommonShares": 619233000}, {"maxAge": 1, "endDate": "2019-12-31", "totalRevenue": 3502586000, "costOfRevenue": 2022065000, "grossProfit": 1480521000, "researchDevelopment": {}, "sellingGeneralAdministrative": 249360000, "nonRecurring": {}, "otherOperatingExpenses": 79671000, "totalOperatingExpenses": 2831511000, "operatingIncome": 671075000, "totalOtherIncomeExpenseNet": -40291000, "ebit": 671075000, "interestExpense": -129284000, "incomeBeforeTax": 630784000, "incomeTaxExpense": 141096000, "minorityInterest": {}, "netIncomeFromContinuingOps": 489688000, "discontinuedOperations": {}, "extraordinaryItems": {}, "effectOfAccountingCharges": {}, "otherItems": {}, "netIncome": 489688000, "netIncomeApplicableToCommonShares": 489688000}, {"maxAge": 1, "endDate": "2019-06-30", "totalRevenue": 3536838000, "costOfRevenue": 1633024000, "grossProfit": 1903814000, "researchDevelopment": {}, "sellingGeneralAdministrative": 257412000, "nonRecurring": {}, "otherOperatingExpenses": 81549000, "totalOperatingExpenses": 2432979000, "operatingIncome": 1103859000, "totalOtherIncomeExpenseNet": 1696000, "ebit": 1103859000, "interestExpense": -128311000, "incomeBeforeTax": 1105555000, "incomeTaxExpense": 252360000, "minorityInterest": {}, "netIncomeFromContinuingOps": 853195000, "discontinuedOperations": {}, "extraordinaryItems": {}, "effectOfAccountingCharges": {}, "otherItems": {}, "netIncome": 853195000, "netIncomeApplicableToCommonShares": 853195000}], "maxAge": 86400}, "cashflowStatementHistoryQuarterly": {"cashflowStatements": [{"maxAge": 1, "endDate": "2020-06-30", "netIncome": 608642000, "changeToLiabilities": 0}, {"maxAge": 1, "endDate": "2020-03-31", "netIncome": 619233000, "changeToLiabilities": 0}, {"maxAge": 1, "endDate": "2019-12-31", "netIncome": 489688000, "changeToLiabilities": 0}, {"maxAge": 1, "endDate": "2019-06-30", "netIncome": 853195000, "changeToLiabilities": 0}], "maxAge": 86400}, "insiderHolders": {"holders": [{"maxAge": 1, "name": "ICICI Prudential Life Insurance Company Ltd", "relation": "Institution- Corporation", "url": "", "transactionDescription": "Acquisition", "latestTransDate": "2010-03-30", "positionDirect": 7900131, "positionDirectDate": "2010-03-30"}], "maxAge": 1}, "earnings": {"maxAge": 86400, "earningsChart": {"quarterly": [{"date": "4Q2017", "actual": 3.91, "estimate": 4.48}, {"date": "1Q2018", "actual": 4.57, "estimate": 4.69}, {"date": "2Q2018", "actual": 3.82, "estimate": 4.7}, {"date": "3Q2018", "actual": 7.89, "estimate": 4.3}], "currentQuarterEstimateDate": "4Q", "currentQuarterEstimateYear": 2018, "earningsDate": ["2020-06-15 05:30:S"]}, "financialsChart": {"yearly": [{"date": 2017, "revenue": 13105625000, "earnings": 2292535000}, {"date": 2018, "revenue": 13538384000, "earnings": 1660477000}, {"date": 2019, "revenue": 14073526000, "earnings": 2547591000}, {"date": 2020, "revenue": 13788282000, "earnings": 2479838000}], "quarterly": [{"date": "2Q2019", "revenue": 3536838000, "earnings": 853195000}, {"date": "4Q2019", "revenue": 3502586000, "earnings": 489688000}, {"date": "1Q2020", "revenue": 3425072000, "earnings": 619233000}, {"date": "2Q2020", "revenue": 3358780000, "earnings": 608642000}]}, "financialCurrency": "INR"}, "calendarEvents": {"maxAge": 1, "earnings": {"earningsDate": ["2020-06-15 05:30:S"]}}, "upgradeDowngradeHistory": {"history": [], "maxAge": 86400}, "price": {"maxAge": 1, "regularMarketChangePercent": -0.002648966, "regularMarketChange": -0.19999695, "regularMarketTime": "2021-04-30 15:40:48", "priceHint": 2, "regularMarketPrice": 75.3, "regularMarketDayHigh": 76.5, "regularMarketDayLow": 75.1, "regularMarketVolume": 13001, "averageDailyVolume10Day": 13828, "averageDailyVolume3Month": 47822, "regularMarketPreviousClose": 75.5, "regularMarketSource": "FREE_REALTIME", "regularMarketOpen": 75.15, "exchange": "BSE", "exchangeName": "BSE", "exchangeDataDelayedBy": 0, "marketState": "CLOSED", "quoteType": "EQUITY", "symbol": "GIPCL.BO", "underlyingSymbol": null, "shortName": "GUJARAT INDUSTRIES POWER CO.LT", "longName": "Gujarat Industries Power Company Limited", "currency": "INR", "quoteSourceName": "Delayed Quote", "currencySymbol": "\u20b9", "fromCurrency": null, "lastMarket": null, "marketCap": 11389201408}, "balanceSheetHistory": {"balanceSheetStatements": [{"maxAge": 1, "endDate": "2020-03-31", "cash": 3717658000, "shortTermInvestments": 175280000, "netReceivables": 1958006000, "inventory": 1604739000, "otherCurrentAssets": 258993000, "totalCurrentAssets": 7714676000, "longTermInvestments": 598058000, "propertyPlantEquipment": 28839089000, "intangibleAssets": 40664000, "otherAssets": 2105596000, "totalAssets": 39298083000, "accountsPayable": 1095702000, "otherCurrentLiab": 1274425000, "longTermDebt": 3835571000, "otherLiab": 5373478000, "totalCurrentLiabilities": 2567368000, "totalLiab": 11817368000, "commonStock": 1512512000, "treasuryStock": 25968203000, "otherStockholderEquity": 25968203000, "totalStockholderEquity": 27480715000, "netTangibleAssets": 27440051000}, {"maxAge": 1, "endDate": "2019-03-31", "cash": 2606034000, "netReceivables": 2280006000, "inventory": 1655713000, "otherCurrentAssets": 107744000, "totalCurrentAssets": 6683090000, "longTermInvestments": 895542000, "propertyPlantEquipment": 27947176000, "intangibleAssets": 49584000, "otherAssets": 2738398000, "totalAssets": 38313790000, "accountsPayable": 1518283000, "shortLongTermDebt": 1473200000, "otherCurrentLiab": 724000000, "longTermDebt": 3665850000, "otherLiab": 4563795000, "totalCurrentLiabilities": 4376753000, "totalLiab": 12606398000, "commonStock": 1512512000, "retainedEarnings": 20028391000, "treasuryStock": 834792000, "capitalSurplus": 3331697000, "otherStockholderEquity": 834792000, "totalStockholderEquity": 25707392000, "netTangibleAssets": 25657808000}, {"maxAge": 1, "endDate": "2018-03-31", "cash": 521912000, "netReceivables": 3197187000, "inventory": 1515990000, "otherCurrentAssets": 130775000, "totalCurrentAssets": 5393217000, "longTermInvestments": 2490794000, "propertyPlantEquipment": 26795053000, "intangibleAssets": 62022000, "otherAssets": 2333339000, "totalAssets": 37074425000, "accountsPayable": 1013938000, "shortLongTermDebt": 1487476000, "otherCurrentLiab": 1559948000, "longTermDebt": 3612872000, "otherLiab": 4419845000, "totalCurrentLiabilities": 5234838000, "totalLiab": 13267555000, "commonStock": 1512512000, "retainedEarnings": 17976931000, "treasuryStock": 985730000, "capitalSurplus": 3331697000, "otherStockholderEquity": 985730000, "totalStockholderEquity": 23806870000, "netTangibleAssets": 23744848000}, {"maxAge": 1, "endDate": "2017-03-31", "cash": 14597000, "netReceivables": 2616061000, "inventory": 1598028000, "otherCurrentAssets": 60063000, "totalCurrentAssets": 4288749000, "longTermInvestments": 2803156000, "propertyPlantEquipment": 25406381000, "intangibleAssets": 57645000, "otherAssets": 1587661000, "totalAssets": 34143592000, "accountsPayable": 1037516000, "shortLongTermDebt": 1051208000, "otherCurrentLiab": 2487001000, "longTermDebt": 2714648000, "otherLiab": 4017645000, "totalCurrentLiabilities": 5050239000, "totalLiab": 11782532000, "commonStock": 1512512000, "retainedEarnings": 16812068000, "treasuryStock": 704783000, "capitalSurplus": 3331697000, "otherStockholderEquity": 704783000, "totalStockholderEquity": 22361060000, "netTangibleAssets": 22303415000}], "maxAge": 86400}, "earningsTrend": {"trend": [{"maxAge": 1, "period": "0q", "endDate": "2018-12-31", "growth": {}, "earningsEstimate": {"avg": 0.0, "low": 0.0, "high": 0.0, "yearAgoEps": 3.91, "numberOfAnalysts": 0, "growth": {}}, "revenueEstimate": {"avg": 0, "low": 0, "high": 0, "numberOfAnalysts": 0, "yearAgoRevenue": {}, "growth": {}}, "epsTrend": {"current": 0.0, "7daysAgo": 0.0, "30daysAgo": 0.0, "60daysAgo": 0.0, "90daysAgo": 0.0}, "epsRevisions": {"upLast7days": 0, "upLast30days": 0, "downLast30days": 0, "downLast90days": {}}}, {"maxAge": 1, "period": "+1q", "endDate": "2019-03-31", "growth": {}, "earningsEstimate": {"avg": 0.0, "low": 0.0, "high": 0.0, "yearAgoEps": 4.57, "numberOfAnalysts": 0, "growth": {}}, "revenueEstimate": {"avg": 0, "low": 0, "high": 0, "numberOfAnalysts": 0, "yearAgoRevenue": {}, "growth": {}}, "epsTrend": {"current": 0.0, "7daysAgo": 0.0, "30daysAgo": 0.0, "60daysAgo": 0.0, "90daysAgo": 0.0}, "epsRevisions": {"upLast7days": 0, "upLast30days": 0, "downLast30days": 0, "downLast90days": {}}}, {"maxAge": 1, "period": "0y", "endDate": "2019-03-31", "growth": {}, "earningsEstimate": {"avg": 0.0, "low": 0.0, "high": 0.0, "yearAgoEps": {}, "numberOfAnalysts": 0, "growth": {}}, "revenueEstimate": {"avg": 15729000000, "low": 15729000000, "high": 15729000000, "numberOfAnalysts": 1, "yearAgoRevenue": 13639500000, "growth": 0.153}, "epsTrend": {"current": 0.0, "7daysAgo": 19.0, "30daysAgo": 19.0, "60daysAgo": 19.0, "90daysAgo": 19.0}, "epsRevisions": {"upLast7days": 0, "upLast30days": 0, "downLast30days": 0, "downLast90days": {}}}, {"maxAge": 1, "period": "+1y", "endDate": "2020-03-31", "growth": {}, "earningsEstimate": {"avg": 0.0, "low": 0.0, "high": 0.0, "yearAgoEps": {}, "numberOfAnalysts": 0, "growth": {}}, "revenueEstimate": {"avg": 15817000000, "low": 15817000000, "high": 15817000000, "numberOfAnalysts": 1, "yearAgoRevenue": 15729000000, "growth": 0.006}, "epsTrend": {"current": 0.0, "7daysAgo": 19.2, "30daysAgo": 19.2, "60daysAgo": 19.2, "90daysAgo": 19.2}, "epsRevisions": {"upLast7days": 0, "upLast30days": 0, "downLast30days": 0, "downLast90days": {}}}, {"maxAge": 1, "period": "+5y", "endDate": null, "growth": 0.18, "earningsEstimate": {"avg": {}, "low": {}, "high": {}, "yearAgoEps": {}, "numberOfAnalysts": {}, "growth": {}}, "revenueEstimate": {"avg": {}, "low": {}, "high": {}, "numberOfAnalysts": {}, "yearAgoRevenue": {}, "growth": {}}, "epsTrend": {"current": {}, "7daysAgo": {}, "30daysAgo": {}, "60daysAgo": {}, "90daysAgo": {}}, "epsRevisions": {"upLast7days": {}, "upLast30days": {}, "downLast30days": {}, "downLast90days": {}}}, {"maxAge": 1, "period": "-5y", "endDate": null, "growth": {}, "earningsEstimate": {"avg": {}, "low": {}, "high": {}, "yearAgoEps": {}, "numberOfAnalysts": {}, "growth": {}}, "revenueEstimate": {"avg": {}, "low": {}, "high": {}, "numberOfAnalysts": {}, "yearAgoRevenue": {}, "growth": {}}, "epsTrend": {"current": {}, "7daysAgo": {}, "30daysAgo": {}, "60daysAgo": {}, "90daysAgo": {}}, "epsRevisions": {"upLast7days": {}, "upLast30days": {}, "downLast30days": {}, "downLast90days": {}}}], "maxAge": 1}, "financialData": {"maxAge": 86400, "currentPrice": 75.3, "targetHighPrice": 137.0, "targetLowPrice": 137.0, "targetMeanPrice": 137.0, "targetMedianPrice": 137.0, "recommendationKey": "none", "numberOfAnalystOpinions": 1, "grossProfits": 6583346000, "financialCurrency": "INR"}}}