{"GKB.BO": {"recommendationTrend": {"trend": [{"period": "0m", "strongBuy": 0, "buy": 0, "hold": 0, "sell": 0, "strongSell": 0}, {"period": "-1m", "strongBuy": 0, "buy": 0, "hold": 0, "sell": 0, "strongSell": 0}, {"period": "-2m", "strongBuy": 0, "buy": 0, "hold": 0, "sell": 0, "strongSell": 0}, {"period": "-3m", "strongBuy": 0, "buy": 0, "hold": 0, "sell": 0, "strongSell": 0}], "maxAge": 86400}, "cashflowStatementHistory": {"cashflowStatements": [{"maxAge": 1, "endDate": "2020-03-31", "netIncome": -18396018, "depreciation": 36141788, "changeToNetincome": 13190764, "changeToAccountReceivables": -13793056, "changeToLiabilities": 38769644, "changeToInventory": -26836514, "changeToOperatingActivities": 3519631, "totalCashFromOperatingActivities": 32655857, "capitalExpenditures": -38610177, "investments": -5690, "otherCashflowsFromInvestingActivities": 233017, "totalCashflowsFromInvestingActivities": -37252390, "netBorrowings": 10931968, "otherCashflowsFromFinancingActivities": -14441523, "totalCashFromFinancingActivities": 29427945, "changeInCash": 24831412, "issuanceOfStock": 32937500}, {"maxAge": 1, "endDate": "2019-03-31", "netIncome": -11040633, "depreciation": 35288143, "changeToNetincome": -788362, "changeToAccountReceivables": 39256269, "changeToLiabilities": -35361029, "changeToInventory": 42798101, "changeToOperatingActivities": -31050188, "totalCashFromOperatingActivities": 39176598, "capitalExpenditures": -131967428, "investments": -566874, "otherCashflowsFromInvestingActivities": 1302386, "totalCashflowsFromInvestingActivities": -98931207, "netBorrowings": 41418222, "otherCashflowsFromFinancingActivities": 14437593, "totalCashFromFinancingActivities": 131340815, "changeInCash": 71586206, "issuanceOfStock": 75485000}, {"maxAge": 1, "endDate": "2018-03-31", "netIncome": -9706778, "depreciation": 16672677, "changeToNetincome": 16906517, "changeToAccountReceivables": -32415325, "changeToLiabilities": -8908270, "changeToInventory": -11812037, "changeToOperatingActivities": 2326964, "totalCashFromOperatingActivities": -26639198, "capitalExpenditures": -18759268, "investments": 31085756, "otherCashflowsFromInvestingActivities": 946596, "totalCashflowsFromInvestingActivities": 13419591, "netBorrowings": 26399551, "otherCashflowsFromFinancingActivities": -12732705, "totalCashFromFinancingActivities": 13666846, "changeInCash": 447239, "issuanceOfStock": 75485000}, {"maxAge": 1, "endDate": "2017-03-31", "netIncome": 25868923, "depreciation": 14005350, "changeToNetincome": -21319074, "changeToAccountReceivables": -60574898, "changeToLiabilities": 101547712, "changeToInventory": -95765512, "changeToOperatingActivities": 1873576, "totalCashFromOperatingActivities": -34052220, "capitalExpenditures": -63202680, "investments": 93815505, "otherCashflowsFromInvestingActivities": 3392215, "totalCashflowsFromInvestingActivities": 37455543, "netBorrowings": -380729, "otherCashflowsFromFinancingActivities": -12895227, "totalCashFromFinancingActivities": -13275956, "changeInCash": -9872633, "issuanceOfStock": 75485000}], "maxAge": 86400}, "institutionOwnership": {"maxAge": 1, "ownershipList": []}, "balanceSheetHistoryQuarterly": {"balanceSheetStatements": [{"maxAge": 1, "endDate": "2020-06-30", "totalStockholderEquity": 592512027, "netTangibleAssets": 585028949}, {"maxAge": 1, "endDate": "2020-03-31", "cash": 131662361, "netReceivables": 250600547, "inventory": 304182619, "otherCurrentAssets": 35664835, "totalCurrentAssets": 727591908, "longTermInvestments": 11403800, "propertyPlantEquipment": 255823871, "goodWill": 7379205, "intangibleAssets": 103873, "otherAssets": 20225172, "totalAssets": 1022527829, "accountsPayable": 237700943, "shortLongTermDebt": 483407, "otherCurrentLiab": 10121050, "otherLiab": 16175662, "totalCurrentLiabilities": 413840140, "totalLiab": 430015802, "commonStock": 50405800, "retainedEarnings": 338182655, "treasuryStock": 55032572, "capitalSurplus": 148891000, "otherStockholderEquity": 55032572, "totalStockholderEquity": 592512027, "netTangibleAssets": 585028949}, {"maxAge": 1, "endDate": "2019-12-31", "totalStockholderEquity": 535277000, "netTangibleAssets": 527764000}, {"maxAge": 1, "endDate": "2019-09-30", "cash": 64049000, "shortTermInvestments": 118000, "netReceivables": 246751000, "inventory": 315839000, "otherCurrentAssets": 35676000, "totalCurrentAssets": 662433000, "longTermInvestments": 7840000, "propertyPlantEquipment": 267546000, "intangibleAssets": 7513000, "otherAssets": 15620000, "totalAssets": 960952000, "accountsPayable": 234529000, "otherCurrentLiab": 17913000, "longTermDebt": 2820000, "otherLiab": 16564000, "totalCurrentLiabilities": 406291000, "totalLiab": 425675000, "commonStock": 46406000, "treasuryStock": 488871000, "otherStockholderEquity": 488871000, "totalStockholderEquity": 535277000, "netTangibleAssets": 527764000}], "maxAge": 86400}, "earningsHistory": {"history": [{"maxAge": 1, "epsActual": {}, "epsEstimate": {}, "epsDifference": {}, "surprisePercent": {}, "quarter": {}, "period": "-4q"}, {"maxAge": 1, "epsActual": {}, "epsEstimate": {}, "epsDifference": {}, "surprisePercent": {}, "quarter": {}, "period": "-3q"}, {"maxAge": 1, "epsActual": {}, "epsEstimate": {}, "epsDifference": {}, "surprisePercent": {}, "quarter": {}, "period": "-2q"}, {"maxAge": 1, "epsActual": {}, "epsEstimate": {}, "epsDifference": {}, "surprisePercent": {}, "quarter": {}, "period": "-1q"}], "maxAge": 86400}, "indexTrend": {"maxAge": 1, "symbol": "SP5", "peRatio": 19.7411, "pegRatio": 1.34172, "estimates": [{"period": "0q", "growth": 0.549}, {"period": "+1q", "growth": 0.431}, {"period": "0y", "growth": 0.305}, {"period": "+1y", "growth": 0.109}, {"period": "+5y", "growth": 0.120859005}, {"period": "-5y"}]}, "industryTrend": {"maxAge": 1, "symbol": null, "estimates": []}, "insiderTransactions": {"transactions": [{"maxAge": 1, "shares": 50, "value": 38, "filerUrl": "", "transactionText": "Acquisition at price 0.76 per share.", "filerName": "Gupta (Krishna Gopal) HUF", "filerRelation": "Promoter", "moneyText": "", "startDate": "2020-10-01", "ownership": "D"}, {"maxAge": 1, "shares": 467, "value": 354, "filerUrl": "", "transactionText": "Acquisition at price 0.76 per share.", "filerName": "Gupta (Krishna Gopal) HUF", "filerRelation": "Promoter", "moneyText": "", "startDate": "2020-10-01", "ownership": "D"}, {"maxAge": 1, "shares": 517, "value": 390, "filerUrl": "", "transactionText": "Acquisition at price 0.76 per share.", "filerName": "Gupta (Krishna Gopal) HUF", "filerRelation": "Promoter", "moneyText": "", "startDate": "2020-09-30", "ownership": "D"}, {"maxAge": 1, "shares": 270, "value": 193, "filerUrl": "", "transactionText": "Acquisition at price 0.72 per share.", "filerName": "Gupta (Krishna Gopal) HUF", "filerRelation": "Promoter", "moneyText": "", "startDate": "2020-09-29", "ownership": "D"}, {"maxAge": 1, "shares": 299, "value": 212, "filerUrl": "", "transactionText": "Acquisition at price 0.71 per share.", "filerName": "Gupta (Krishna Gopal) HUF", "filerRelation": "Promoter", "moneyText": "", "startDate": "2020-09-23", "ownership": "D"}, {"maxAge": 1, "shares": 120, "value": 95, "filerUrl": "", "transactionText": "Acquisition at price 0.80 per share.", "filerName": "Gupta (Krishna Gopal) HUF", "filerRelation": "Promoter", "moneyText": "", "startDate": "2020-09-16", "ownership": "D"}, {"maxAge": 1, "shares": 80, "value": 63, "filerUrl": "", "transactionText": "Acquisition at price 0.79 per share.", "filerName": "Gupta (Krishna Gopal) HUF", "filerRelation": "Promoter", "moneyText": "", "startDate": "2020-09-15", "ownership": "D"}, {"maxAge": 1, "shares": 154, "value": 140, "filerUrl": "", "transactionText": "Acquisition at price 0.91 per share.", "filerName": "Gupta (Krishna Gopal) HUF", "filerRelation": "Promoter", "moneyText": "", "startDate": "2020-07-24", "ownership": "D"}, {"maxAge": 1, "shares": 200, "value": 173, "filerUrl": "", "transactionText": "Acquisition at price 0.87 per share.", "filerName": "Gupta (Krishna Gopal) HUF", "filerRelation": "Promoter", "moneyText": "", "startDate": "2020-07-17", "ownership": "D"}, {"maxAge": 1, "shares": 100, "value": 87, "filerUrl": "", "transactionText": "Acquisition at price 0.88 per share.", "filerName": "Gupta (Krishna Gopal) HUF", "filerRelation": "Promoter", "moneyText": "", "startDate": "2020-07-16", "ownership": "D"}, {"maxAge": 1, "shares": 1400, "value": 1246, "filerUrl": "", "transactionText": "Acquisition at price 0.89 per share.", "filerName": "Gupta (Krishna Gopal) HUF", "filerRelation": "Promoter", "moneyText": "", "startDate": "2020-07-14", "ownership": "D"}, {"maxAge": 1, "shares": 1000, "value": 904, "filerUrl": "", "transactionText": "Acquisition at price 0.90 per share.", "filerName": "Gupta (Krishna Gopal) HUF", "filerRelation": "Promoter", "moneyText": "", "startDate": "2020-07-13", "ownership": "D"}, {"maxAge": 1, "shares": 50, "filerUrl": "", "transactionText": "", "filerName": "Gupta (Krishna Gopal) HUF", "filerRelation": "Promoter", "moneyText": "", "startDate": "2020-04-30", "ownership": "D"}, {"maxAge": 1, "shares": 345, "filerUrl": "", "transactionText": "", "filerName": "Gupta (Krishna Gopal) HUF", "filerRelation": "Promoter", "moneyText": "", "startDate": "2020-03-19", "ownership": "D"}, {"maxAge": 1, "shares": 500, "filerUrl": "", "transactionText": "", "filerName": "Gupta (Krishna Gopal) HUF", "filerRelation": "Promoter", "moneyText": "", "startDate": "2020-03-18", "ownership": "D"}, {"maxAge": 1, "shares": 20, "filerUrl": "", "transactionText": "", "filerName": "Gupta (Krishna Gopal) HUF", "filerRelation": "Promoter", "moneyText": "", "startDate": "2020-03-17", "ownership": "D"}, {"maxAge": 1, "shares": 200, "filerUrl": "", "transactionText": "", "filerName": "Gupta (Krishna Gopal) HUF", "filerRelation": "Promoter", "moneyText": "", "startDate": "2020-03-06", "ownership": "D"}, {"maxAge": 1, "shares": 2076, "filerUrl": "", "transactionText": "", "filerName": "Gupta (Krishna Gopal) HUF", "filerRelation": "Promoter", "moneyText": "", "startDate": "2020-03-05", "ownership": "D"}, {"maxAge": 1, "shares": 2038, "filerUrl": "", "transactionText": "", "filerName": "Gupta (Krishna Gopal) HUF", "filerRelation": "Promoter", "moneyText": "", "startDate": "2020-03-04", "ownership": "D"}, {"maxAge": 1, "shares": 1556, "filerUrl": "", "transactionText": "", "filerName": "Gupta (Krishna Gopal) HUF", "filerRelation": "Promoter", "moneyText": "", "startDate": "2020-03-03", "ownership": "D"}, {"maxAge": 1, "shares": 300, "filerUrl": "", "transactionText": "", "filerName": "Gupta (Krishna Gopal) HUF", "filerRelation": "Promoter", "moneyText": "", "startDate": "2020-03-02", "ownership": "D"}, {"maxAge": 1, "shares": 4, "filerUrl": "", "transactionText": "", "filerName": "Gupta (Krishna Gopal) HUF", "filerRelation": "Promoter", "moneyText": "", "startDate": "2020-02-28", "ownership": "D"}, {"maxAge": 1, "shares": 2010, "filerUrl": "", "transactionText": "", "filerName": "Gupta (Krishna Gopal) HUF", "filerRelation": "Promoter", "moneyText": "", "startDate": "2020-02-27", "ownership": "D"}, {"maxAge": 1, "shares": 350, "filerUrl": "", "transactionText": "", "filerName": "Gupta (Krishna Gopal) HUF", "filerRelation": "Promoter", "moneyText": "", "startDate": "2020-02-26", "ownership": "D"}, {"maxAge": 1, "shares": 5, "filerUrl": "", "transactionText": "", "filerName": "Gupta (Krishna Gopal) HUF", "filerRelation": "Promoter", "moneyText": "", "startDate": "2020-02-25", "ownership": "D"}, {"maxAge": 1, "shares": 100, "filerUrl": "", "transactionText": "", "filerName": "Gupta (Krishna Gopal) HUF", "filerRelation": "Promoter", "moneyText": "", "startDate": "2020-02-24", "ownership": "D"}, {"maxAge": 1, "shares": 1065, "filerUrl": "", "transactionText": "", "filerName": "Gupta (Krishna Gopal) HUF", "filerRelation": "Promoter", "moneyText": "", "startDate": "2020-02-20", "ownership": "D"}, {"maxAge": 1, "shares": 93, "filerUrl": "", "transactionText": "", "filerName": "Gupta (Krishna Gopal) HUF", "filerRelation": "Promoter", "moneyText": "", "startDate": "2020-02-18", "ownership": "D"}, {"maxAge": 1, "shares": 76, "filerUrl": "", "transactionText": "", "filerName": "Gupta (Krishna Gopal) HUF", "filerRelation": "Promoter", "moneyText": "", "startDate": "2020-02-17", "ownership": "D"}, {"maxAge": 1, "shares": 50000, "filerUrl": "", "transactionText": "", "filerName": "Gupta (Gaurav)", "filerRelation": "Promoter", "moneyText": "", "startDate": "2020-01-22", "ownership": "D"}, {"maxAge": 1, "shares": 100000, "filerUrl": "", "transactionText": "", "filerName": "Gupta (Krishna Gopal)", "filerRelation": "Executive Chairman", "moneyText": "", "startDate": "2020-01-22", "ownership": "D"}, {"maxAge": 1, "shares": 50000, "filerUrl": "", "transactionText": "", "filerName": "Gupta (Vikram)", "filerRelation": "Director (Non-Executive)", "moneyText": "", "startDate": "2020-01-22", "ownership": "D"}, {"maxAge": 1, "shares": 2524, "filerUrl": "", "transactionText": "", "filerName": "Gupta (Krishna Gopal) HUF", "filerRelation": "Promoter", "moneyText": "", "startDate": "2019-12-31", "ownership": "D"}, {"maxAge": 1, "shares": 3500, "filerUrl": "", "transactionText": "", "filerName": "Gupta (Krishna Gopal) HUF", "filerRelation": "Promoter", "moneyText": "", "startDate": "2019-12-30", "ownership": "D"}, {"maxAge": 1, "shares": 116, "filerUrl": "", "transactionText": "", "filerName": "Gupta (Krishna Gopal) HUF", "filerRelation": "Promoter", "moneyText": "", "startDate": "2019-12-27", "ownership": "D"}, {"maxAge": 1, "shares": 2244, "filerUrl": "", "transactionText": "", "filerName": "Gupta (Krishna Gopal) HUF", "filerRelation": "Promoter", "moneyText": "", "startDate": "2019-12-26", "ownership": "D"}, {"maxAge": 1, "shares": 1333, "filerUrl": "", "transactionText": "", "filerName": "Gupta (Krishna Gopal) HUF", "filerRelation": "Promoter", "moneyText": "", "startDate": "2019-12-24", "ownership": "D"}, {"maxAge": 1, "shares": 1016, "filerUrl": "", "transactionText": "", "filerName": "Gupta (Krishna Gopal) HUF", "filerRelation": "Promoter", "moneyText": "", "startDate": "2019-12-23", "ownership": "D"}, {"maxAge": 1, "shares": 796, "filerUrl": "", "transactionText": "", "filerName": "Gupta (Krishna Gopal) HUF", "filerRelation": "Promoter", "moneyText": "", "startDate": "2019-12-20", "ownership": "D"}], "maxAge": 1}, "quoteType": {"exchange": "BSE", "quoteType": "EQUITY", "symbol": "GKB.BO", "underlyingSymbol": "GKB.BO", "shortName": "GKB OPHTHALMICS LTD.", "longName": "GKB Ophthalmics Limited", "firstTradeDateEpochUtc": "2010-07-07 09:15:00", "timeZoneFullName": "Asia/Kolkata", "timeZoneShortName": "IST", "uuid": "9ddebaa3-62ca-3642-9b7a-f0408c30a254", "messageBoardId": null, "gmtOffSetMilliseconds": 19800000, "maxAge": 1}, "incomeStatementHistory": {"incomeStatementHistory": [{"maxAge": 1, "endDate": "2020-03-31", "totalRevenue": 585342200, "costOfRevenue": 374304167, "grossProfit": 211038033, "researchDevelopment": {}, "sellingGeneralAdministrative": 93130218, "nonRecurring": {}, "otherOperatingExpenses": 94368112, "totalOperatingExpenses": 597910858, "operatingIncome": -12568658, "totalOtherIncomeExpenseNet": -5827360, "ebit": -12568658, "interestExpense": -11439594, "incomeBeforeTax": -18396018, "incomeTaxExpense": 0, "minorityInterest": {}, "netIncomeFromContinuingOps": -18396018, "discontinuedOperations": {}, "extraordinaryItems": {}, "effectOfAccountingCharges": {}, "otherItems": {}, "netIncome": -18396018, "netIncomeApplicableToCommonShares": -18396018}, {"maxAge": 1, "endDate": "2019-03-31", "totalRevenue": 574149769, "costOfRevenue": 360313986, "grossProfit": 213835783, "researchDevelopment": {}, "sellingGeneralAdministrative": 106895066, "nonRecurring": {}, "otherOperatingExpenses": 89965373, "totalOperatingExpenses": 592536865, "operatingIncome": -18387096, "totalOtherIncomeExpenseNet": 2592329, "ebit": -18387096, "interestExpense": -11595162, "incomeBeforeTax": -15794767, "incomeTaxExpense": -4754134, "minorityInterest": {}, "netIncomeFromContinuingOps": -11040633, "discontinuedOperations": {}, "extraordinaryItems": {}, "effectOfAccountingCharges": {}, "otherItems": {}, "netIncome": -11040633, "netIncomeApplicableToCommonShares": -11040633}, {"maxAge": 1, "endDate": "2018-03-31", "totalRevenue": 774173337, "costOfRevenue": 522287506, "grossProfit": 251885831, "researchDevelopment": {}, "sellingGeneralAdministrative": 102396089, "nonRecurring": {}, "otherOperatingExpenses": 132136383, "totalOperatingExpenses": 774391009, "operatingIncome": -217672, "totalOtherIncomeExpenseNet": -11146289, "ebit": -217672, "interestExpense": -9655101, "incomeBeforeTax": -11363961, "incomeTaxExpense": -1657183, "minorityInterest": {}, "netIncomeFromContinuingOps": -9706778, "discontinuedOperations": {}, "extraordinaryItems": {}, "effectOfAccountingCharges": {}, "otherItems": {}, "netIncome": -9706778, "netIncomeApplicableToCommonShares": -9706778}, {"maxAge": 1, "endDate": "2017-03-31", "totalRevenue": 740840717, "costOfRevenue": 481234373, "grossProfit": 259606344, "researchDevelopment": {}, "sellingGeneralAdministrative": 98061313, "nonRecurring": {}, "otherOperatingExpenses": 142828353, "totalOperatingExpenses": 736352608, "operatingIncome": 4488109, "totalOtherIncomeExpenseNet": 24950006, "ebit": 4488109, "interestExpense": -10548468, "incomeBeforeTax": 29438115, "incomeTaxExpense": 3569192, "minorityInterest": {}, "netIncomeFromContinuingOps": 25868923, "discontinuedOperations": {}, "extraordinaryItems": {}, "effectOfAccountingCharges": {}, "otherItems": {}, "netIncome": 25868923, "netIncomeApplicableToCommonShares": 25868923}], "maxAge": 86400}, "fundOwnership": {"maxAge": 1, "ownershipList": []}, "summaryDetail": {"maxAge": 1, "priceHint": 2, "previousClose": 66.85, "open": 67.1, "dayLow": 66.85, "dayHigh": 74.45, "regularMarketPreviousClose": 66.85, "regularMarketOpen": 67.1, "regularMarketDayLow": 66.85, "regularMarketDayHigh": 74.45, "volume": 2008, "regularMarketVolume": 2008, "averageVolume": 1497, "averageVolume10days": 1141, "averageDailyVolume10Day": 1141, "bid": 70.2, "ask": 71.3, "bidSize": 0, "askSize": 0, "marketCap": 355108832, "fiftyTwoWeekLow": 37.0, "fiftyTwoWeekHigh": 81.9, "fiftyDayAverage": 65.87428, "twoHundredDayAverage": 58.612408, "currency": "INR", "fromCurrency": null, "toCurrency": null, "lastMarket": null, "algorithm": null, "tradeable": false}, "sectorTrend": {"maxAge": 1, "symbol": null, "estimates": []}, "incomeStatementHistoryQuarterly": {"incomeStatementHistory": [{"maxAge": 1, "endDate": "2020-06-30", "totalRevenue": 73107000, "costOfRevenue": 46706000, "grossProfit": 26401000, "researchDevelopment": {}, "sellingGeneralAdministrative": 16042000, "nonRecurring": {}, "otherOperatingExpenses": 19262000, "totalOperatingExpenses": 91232000, "operatingIncome": -18125000, "totalOtherIncomeExpenseNet": -440000, "ebit": -18125000, "interestExpense": -3186000, "incomeBeforeTax": -18565000, "incomeTaxExpense": 0, "minorityInterest": {}, "netIncomeFromContinuingOps": -18565000, "discontinuedOperations": {}, "extraordinaryItems": {}, "effectOfAccountingCharges": {}, "otherItems": {}, "netIncome": -18565000, "netIncomeApplicableToCommonShares": -18565000}, {"maxAge": 1, "endDate": "2020-03-31", "totalRevenue": 161063200, "costOfRevenue": 108737167, "grossProfit": 52326033, "researchDevelopment": {}, "sellingGeneralAdministrative": 31178218, "nonRecurring": {}, "otherOperatingExpenses": 9535112, "totalOperatingExpenses": 158212858, "operatingIncome": 2850342, "totalOtherIncomeExpenseNet": -3810360, "ebit": 2850342, "interestExpense": -1884594, "incomeBeforeTax": -960018, "incomeTaxExpense": 0, "minorityInterest": {}, "netIncomeFromContinuingOps": -960018, "discontinuedOperations": {}, "extraordinaryItems": {}, "effectOfAccountingCharges": {}, "otherItems": {}, "netIncome": -960018, "netIncomeApplicableToCommonShares": -960018}, {"maxAge": 1, "endDate": "2019-12-31", "totalRevenue": 157265000, "costOfRevenue": 100617000, "grossProfit": 56648000, "researchDevelopment": {}, "sellingGeneralAdministrative": 20062000, "nonRecurring": {}, "otherOperatingExpenses": 26081000, "totalOperatingExpenses": 156038000, "operatingIncome": 1227000, "totalOtherIncomeExpenseNet": -1201000, "ebit": 1227000, "interestExpense": -2799000, "incomeBeforeTax": 26000, "incomeTaxExpense": 0, "minorityInterest": {}, "netIncomeFromContinuingOps": 26000, "discontinuedOperations": {}, "extraordinaryItems": {}, "effectOfAccountingCharges": {}, "otherItems": {}, "netIncome": 26000, "netIncomeApplicableToCommonShares": 26000}, {"maxAge": 1, "endDate": "2019-09-30", "totalRevenue": 135032000, "costOfRevenue": 91243000, "grossProfit": 43789000, "researchDevelopment": {}, "sellingGeneralAdministrative": 20925000, "nonRecurring": {}, "otherOperatingExpenses": 25537000, "totalOperatingExpenses": 146918000, "operatingIncome": -11886000, "totalOtherIncomeExpenseNet": -142000, "ebit": -11886000, "interestExpense": -2845000, "incomeBeforeTax": -12028000, "incomeTaxExpense": 0, "minorityInterest": {}, "netIncomeFromContinuingOps": -12028000, "discontinuedOperations": {}, "extraordinaryItems": {}, "effectOfAccountingCharges": {}, "otherItems": {}, "netIncome": -12028000, "netIncomeApplicableToCommonShares": -12028000}], "maxAge": 86400}, "cashflowStatementHistoryQuarterly": {"cashflowStatements": [{"maxAge": 1, "endDate": "2020-06-30", "netIncome": -18565000, "changeToLiabilities": 0}, {"maxAge": 1, "endDate": "2020-03-31", "netIncome": -960018, "changeToLiabilities": 0}, {"maxAge": 1, "endDate": "2019-12-31", "netIncome": 26000, "changeToLiabilities": 0}, {"maxAge": 1, "endDate": "2019-09-30", "netIncome": -12028000, "changeToLiabilities": 0}], "maxAge": 86400}, "insiderHolders": {"holders": [{"maxAge": 1, "name": "Gupta (Gaurav)", "relation": "Promoter", "url": "", "transactionDescription": "Other", "latestTransDate": "2020-01-22", "positionDirect": 407966, "positionDirectDate": "2020-01-22"}, {"maxAge": 1, "name": "Gupta (Krishna Gopal)", "relation": "Executive Chairman", "url": "", "transactionDescription": "Other", "latestTransDate": "2020-01-22", "positionDirect": 900024, "positionDirectDate": "2020-01-22"}, {"maxAge": 1, "name": "Gupta (Krishna Gopal) HUF", "relation": "Promoter", "url": "", "transactionDescription": "Acquisition", "latestTransDate": "2020-10-01", "positionDirect": 197532, "positionDirectDate": "2020-10-01"}, {"maxAge": 1, "name": "Gupta (Vikram)", "relation": "Director (Non-Executive)", "url": "", "transactionDescription": "Other", "latestTransDate": "2020-01-22", "positionDirect": 423105, "positionDirectDate": "2020-01-22"}], "maxAge": 1}, "earnings": {"maxAge": 86400, "earningsChart": {"quarterly": [], "earningsDate": ["2020-09-07 05:30:S"]}, "financialsChart": {"yearly": [{"date": 2017, "revenue": 740840717, "earnings": 25868923}, {"date": 2018, "revenue": 774173337, "earnings": -9706778}, {"date": 2019, "revenue": 574149769, "earnings": -11040633}, {"date": 2020, "revenue": 585342200, "earnings": -18396018}], "quarterly": [{"date": "3Q2019", "revenue": 135032000, "earnings": -12028000}, {"date": "4Q2019", "revenue": 157265000, "earnings": 26000}, {"date": "1Q2020", "revenue": 161063200, "earnings": -960018}, {"date": "2Q2020", "revenue": 73107000, "earnings": -18565000}]}, "financialCurrency": "INR"}, "calendarEvents": {"maxAge": 1, "earnings": {"earningsDate": ["2020-09-07 05:30:S"]}}, "price": {"maxAge": 1, "regularMarketChangePercent": 0.053851888, "regularMarketChange": 3.5999985, "regularMarketTime": "2021-04-30 15:19:28", "priceHint": 2, "regularMarketPrice": 70.45, "regularMarketDayHigh": 74.45, "regularMarketDayLow": 66.85, "regularMarketVolume": 2008, "averageDailyVolume10Day": 1141, "averageDailyVolume3Month": 1497, "regularMarketPreviousClose": 66.85, "regularMarketSource": "FREE_REALTIME", "regularMarketOpen": 67.1, "exchange": "BSE", "exchangeName": "BSE", "exchangeDataDelayedBy": 0, "marketState": "CLOSED", "quoteType": "EQUITY", "symbol": "GKB.BO", "underlyingSymbol": null, "shortName": "GKB OPHTHALMICS LTD.", "longName": "GKB Ophthalmics Limited", "currency": "INR", "quoteSourceName": "Delayed Quote", "currencySymbol": "\u20b9", "fromCurrency": null, "toCurrency": null, "lastMarket": null, "marketCap": 355108832}, "balanceSheetHistory": {"balanceSheetStatements": [{"maxAge": 1, "endDate": "2020-03-31", "cash": 131662361, "netReceivables": 250600547, "inventory": 304182619, "otherCurrentAssets": 35664835, "totalCurrentAssets": 727591908, "longTermInvestments": 11403800, "propertyPlantEquipment": 255823871, "goodWill": 7379205, "intangibleAssets": 103873, "otherAssets": 20225172, "totalAssets": 1022527829, "accountsPayable": 237700943, "shortLongTermDebt": 483407, "otherCurrentLiab": 10121050, "otherLiab": 16175662, "totalCurrentLiabilities": 413840140, "totalLiab": 430015802, "commonStock": 50405800, "retainedEarnings": 338182655, "treasuryStock": 55032572, "capitalSurplus": 148891000, "otherStockholderEquity": 55032572, "totalStockholderEquity": 592512027, "netTangibleAssets": 585028949}, {"maxAge": 1, "endDate": "2019-03-31", "cash": 93268449, "netReceivables": 236724933, "inventory": 277346105, "otherCurrentAssets": 27357854, "totalCurrentAssets": 639317192, "longTermInvestments": 5294073, "propertyPlantEquipment": 250959129, "goodWill": 7379205, "intangibleAssets": 163491, "otherAssets": 31218874, "totalAssets": 934331964, "accountsPayable": 211798091, "shortLongTermDebt": 170131, "otherCurrentLiab": 3905125, "otherLiab": 14801345, "totalCurrentLiabilities": 371469017, "totalLiab": 386270362, "commonStock": 46405800, "retainedEarnings": 356578673, "treasuryStock": 54186129, "capitalSurplus": 90891000, "otherStockholderEquity": 54186129, "totalStockholderEquity": 548061602, "netTangibleAssets": 540518906}, {"maxAge": 1, "endDate": "2018-03-31", "cash": 21682244, "netReceivables": 276805647, "inventory": 320144206, "otherCurrentAssets": 13135945, "totalCurrentAssets": 638183455, "longTermInvestments": 25300, "propertyPlantEquipment": 178255432, "goodWill": 7379205, "intangibleAssets": 164288, "otherAssets": 5824024, "totalAssets": 829831704, "accountsPayable": 240319066, "shortLongTermDebt": 496421, "otherCurrentLiab": 9249863, "longTermDebt": 170395, "otherLiab": 16167740, "totalCurrentLiabilities": 364072741, "totalLiab": 380410876, "commonStock": 41535800, "retainedEarnings": 365543861, "treasuryStock": 22065167, "capitalSurplus": 20276000, "otherStockholderEquity": 22065167, "totalStockholderEquity": 449420828, "netTangibleAssets": 441877335}, {"maxAge": 1, "endDate": "2017-03-31", "cash": 21235005, "shortTermInvestments": 34726136, "netReceivables": 247565405, "inventory": 308332169, "otherCurrentAssets": 12727713, "totalCurrentAssets": 626517437, "longTermInvestments": 27100, "propertyPlantEquipment": 173941414, "goodWill": 7379205, "intangibleAssets": 461342, "otherAssets": 9392180, "totalAssets": 817718678, "accountsPayable": 231762825, "shortLongTermDebt": 677545, "otherCurrentLiab": 13119942, "longTermDebt": 672602, "otherLiab": 17948488, "totalCurrentLiabilities": 331247489, "totalLiab": 349868579, "commonStock": 41535800, "retainedEarnings": 376037486, "treasuryStock": 30000813, "capitalSurplus": 20276000, "otherStockholderEquity": 30000813, "totalStockholderEquity": 467850099, "netTangibleAssets": 460009552}], "maxAge": 86400}, "earningsTrend": {"trend": [{"maxAge": 1, "period": "0q", "endDate": null, "growth": {}, "earningsEstimate": {"avg": 0.0, "low": 0.0, "high": 0.0, "yearAgoEps": {}, "numberOfAnalysts": 0, "growth": {}}, "revenueEstimate": {"avg": 0, "low": 0, "high": 0, "numberOfAnalysts": 0, "yearAgoRevenue": {}, "growth": {}}, "epsTrend": {"current": 0.0, "7daysAgo": 0.0, "30daysAgo": 0.0, "60daysAgo": 0.0, "90daysAgo": 0.0}, "epsRevisions": {"upLast7days": 0, "upLast30days": 0, "downLast30days": 0, "downLast90days": {}}}, {"maxAge": 1, "period": "+1q", "endDate": null, "growth": {}, "earningsEstimate": {"avg": 0.0, "low": 0.0, "high": 0.0, "yearAgoEps": {}, "numberOfAnalysts": 0, "growth": {}}, "revenueEstimate": {"avg": 0, "low": 0, "high": 0, "numberOfAnalysts": 0, "yearAgoRevenue": {}, "growth": {}}, "epsTrend": {"current": 0.0, "7daysAgo": 0.0, "30daysAgo": 0.0, "60daysAgo": 0.0, "90daysAgo": 0.0}, "epsRevisions": {"upLast7days": 0, "upLast30days": 0, "downLast30days": 0, "downLast90days": {}}}, {"maxAge": 1, "period": "0y", "endDate": null, "growth": {}, "earningsEstimate": {"avg": 0.0, "low": 0.0, "high": 0.0, "yearAgoEps": {}, "numberOfAnalysts": 0, "growth": {}}, "revenueEstimate": {"avg": 0, "low": 0, "high": 0, "numberOfAnalysts": 0, "yearAgoRevenue": {}, "growth": {}}, "epsTrend": {"current": 0.0, "7daysAgo": 0.0, "30daysAgo": 0.0, "60daysAgo": 0.0, "90daysAgo": 0.0}, "epsRevisions": {"upLast7days": 0, "upLast30days": 0, "downLast30days": 0, "downLast90days": {}}}, {"maxAge": 1, "period": "+1y", "endDate": null, "growth": {}, "earningsEstimate": {"avg": 0.0, "low": 0.0, "high": 0.0, "yearAgoEps": {}, "numberOfAnalysts": 0, "growth": {}}, "revenueEstimate": {"avg": 0, "low": 0, "high": 0, "numberOfAnalysts": 0, "yearAgoRevenue": {}, "growth": {}}, "epsTrend": {"current": 0.0, "7daysAgo": 0.0, "30daysAgo": 0.0, "60daysAgo": 0.0, "90daysAgo": 0.0}, "epsRevisions": {"upLast7days": 0, "upLast30days": 0, "downLast30days": 0, "downLast90days": {}}}, {"maxAge": 1, "period": "+5y", "endDate": null, "growth": {}, "earningsEstimate": {"avg": {}, "low": {}, "high": {}, "yearAgoEps": {}, "numberOfAnalysts": {}, "growth": {}}, "revenueEstimate": {"avg": {}, "low": {}, "high": {}, "numberOfAnalysts": {}, "yearAgoRevenue": {}, "growth": {}}, "epsTrend": {"current": {}, "7daysAgo": {}, "30daysAgo": {}, "60daysAgo": {}, "90daysAgo": {}}, "epsRevisions": {"upLast7days": {}, "upLast30days": {}, "downLast30days": {}, "downLast90days": {}}}, {"maxAge": 1, "period": "-5y", "endDate": null, "growth": {}, "earningsEstimate": {"avg": {}, "low": {}, "high": {}, "yearAgoEps": {}, "numberOfAnalysts": {}, "growth": {}}, "revenueEstimate": {"avg": {}, "low": {}, "high": {}, "numberOfAnalysts": {}, "yearAgoRevenue": {}, "growth": {}}, "epsTrend": {"current": {}, "7daysAgo": {}, "30daysAgo": {}, "60daysAgo": {}, "90daysAgo": {}}, "epsRevisions": {"upLast7days": {}, "upLast30days": {}, "downLast30days": {}, "downLast90days": {}}}], "maxAge": 1}, "financialData": {"maxAge": 86400, "currentPrice": 70.45, "targetHighPrice": 35.0, "targetLowPrice": 35.0, "targetMeanPrice": 35.0, "targetMedianPrice": 35.0, "recommendationKey": "none", "numberOfAnalystOpinions": 1, "grossProfits": 211038033, "financialCurrency": "INR"}}}