{"GKCONS.BO": {"cashflowStatementHistory": {"cashflowStatements": [{"maxAge": 1, "endDate": "2020-03-31", "netIncome": 1493000, "depreciation": 17000, "changeToNetincome": -2000, "changeToAccountReceivables": 2037000, "changeToLiabilities": 204000, "changeToInventory": -8615000, "changeToOperatingActivities": -12158000, "totalCashFromOperatingActivities": -17162000, "changeInCash": -17162000}, {"maxAge": 1, "endDate": "2019-03-31", "netIncome": 1740388, "depreciation": 29880, "changeToNetincome": -5067, "changeToAccountReceivables": -1669584, "changeToLiabilities": -2214, "changeToInventory": 2254499, "changeToOperatingActivities": 12566059, "totalCashFromOperatingActivities": 14913959, "changeInCash": 14913960}, {"maxAge": 1, "endDate": "2018-03-31", "netIncome": 972828, "depreciation": 38063, "changeToNetincome": -3358, "changeToAccountReceivables": 8894422, "changeToLiabilities": -52585, "changeToInventory": 2404135, "changeToOperatingActivities": -12534404, "totalCashFromOperatingActivities": -280902, "capitalExpenditures": -41925, "investments": 4000000, "totalCashflowsFromInvestingActivities": 3958075, "changeInCash": 3677175}, {"maxAge": 1, "endDate": "2017-03-31", "netIncome": 2141474, "depreciation": 26126, "changeToNetincome": -2611, "changeToAccountReceivables": -17486814, "changeToLiabilities": -166845, "changeToInventory": 5346700, "changeToOperatingActivities": 9174246, "totalCashFromOperatingActivities": -967728, "capitalExpenditures": -41925, "investments": 506551, "totalCashflowsFromInvestingActivities": 538352, "changeInCash": -429372}], "maxAge": 86400}, "institutionOwnership": {"maxAge": 1, "ownershipList": []}, "balanceSheetHistoryQuarterly": {"balanceSheetStatements": [{"maxAge": 1, "endDate": "2020-06-30", "cash": 3863000, "shortTermInvestments": 46133000, "netReceivables": 8707000, "inventory": 8952000, "totalCurrentAssets": 67655000, "propertyPlantEquipment": 25000, "otherAssets": 3554000, "deferredLongTermAssetCharges": 4000, "totalAssets": 71234000, "accountsPayable": 1000, "otherLiab": 832000, "totalCurrentLiabilities": 1000, "totalLiab": 833000, "commonStock": 53118000, "treasuryStock": 17283000, "otherStockholderEquity": 17283000, "totalStockholderEquity": 70401000, "netTangibleAssets": 70401000}, {"maxAge": 1, "endDate": "2020-03-31", "cash": 1834000, "netReceivables": 10820000, "inventory": 12030000, "totalCurrentAssets": 24684000, "longTermInvestments": 47003000, "propertyPlantEquipment": 25000, "otherAssets": 5000, "deferredLongTermAssetCharges": 4000, "totalAssets": 71717000, "accountsPayable": 1000, "otherCurrentLiab": 1314000, "otherLiab": 1000, "totalCurrentLiabilities": 1315000, "totalLiab": 1316000, "commonStock": 53118000, "retainedEarnings": 17283000, "totalStockholderEquity": 70401000, "netTangibleAssets": 70401000}, {"maxAge": 1, "endDate": "2019-12-31", "cash": 2396000, "shortTermInvestments": 1899000, "netReceivables": 59448000, "inventory": 11642000, "totalCurrentAssets": 75385000, "propertyPlantEquipment": 38000, "otherAssets": 2000, "deferredLongTermAssetCharges": 2000, "totalAssets": 75425000, "otherCurrentLiab": 223000, "otherLiab": 1000, "totalCurrentLiabilities": 223000, "totalLiab": 224000, "commonStock": 53118000, "treasuryStock": 22083000, "otherStockholderEquity": 22083000, "totalStockholderEquity": 75201000, "netTangibleAssets": 75201000}, {"maxAge": 1, "endDate": "2019-09-30", "cash": 2977000, "shortTermInvestments": 1622000, "netReceivables": 57813000, "inventory": 12543000, "otherCurrentAssets": -1000, "totalCurrentAssets": 74954000, "propertyPlantEquipment": 39000, "totalAssets": 74993000, "accountsPayable": 60000, "otherCurrentLiab": 191000, "otherLiab": -1000, "totalCurrentLiabilities": 251000, "totalLiab": 250000, "commonStock": 53118000, "treasuryStock": 21625000, "otherStockholderEquity": 21625000, "totalStockholderEquity": 74743000, "netTangibleAssets": 74743000}], "maxAge": 86400}, "indexTrend": {"maxAge": 1, "symbol": "SP5", "peRatio": 19.7411, "pegRatio": 1.34172, "estimates": [{"period": "0q", "growth": 0.549}, {"period": "+1q", "growth": 0.431}, {"period": "0y", "growth": 0.305}, {"period": "+1y", "growth": 0.109}, {"period": "+5y", "growth": 0.120859005}, {"period": "-5y"}]}, "quoteType": {"exchange": "BSE", "quoteType": "EQUITY", "symbol": "GKCONS.BO", "underlyingSymbol": "GKCONS.BO", "shortName": "G.K.CONSULTANTS LTD.", "longName": "G.K. Consultants Limited", "firstTradeDateEpochUtc": "1998-12-30 09:15:00", "timeZoneFullName": "Asia/Kolkata", "timeZoneShortName": "IST", "uuid": "586d3338-c10b-327b-94be-14810a0d9b72", "messageBoardId": null, "gmtOffSetMilliseconds": 19800000, "maxAge": 1}, "incomeStatementHistory": {"incomeStatementHistory": [{"maxAge": 1, "endDate": "2020-03-31", "totalRevenue": 91192000, "costOfRevenue": 82697000, "grossProfit": 8495000, "researchDevelopment": {}, "sellingGeneralAdministrative": 4712000, "nonRecurring": {}, "otherOperatingExpenses": 1806000, "totalOperatingExpenses": 89232000, "operatingIncome": 1960000, "totalOtherIncomeExpenseNet": 0, "ebit": 1960000, "interestExpense": {}, "incomeBeforeTax": 1960000, "incomeTaxExpense": 467000, "minorityInterest": {}, "netIncomeFromContinuingOps": 1493000, "discontinuedOperations": {}, "extraordinaryItems": {}, "effectOfAccountingCharges": {}, "otherItems": {}, "netIncome": 1493000, "netIncomeApplicableToCommonShares": 1493000}, {"maxAge": 1, "endDate": "2019-03-31", "totalRevenue": 109448591, "costOfRevenue": 103542885, "grossProfit": 5905706, "researchDevelopment": {}, "sellingGeneralAdministrative": 2574592, "nonRecurring": {}, "otherOperatingExpenses": 957401, "totalOperatingExpenses": 107104758, "operatingIncome": 2343833, "totalOtherIncomeExpenseNet": 462560, "ebit": 2343833, "interestExpense": -440, "incomeBeforeTax": 2343393, "incomeTaxExpense": 603005, "minorityInterest": {}, "netIncomeFromContinuingOps": 1740388, "discontinuedOperations": {}, "extraordinaryItems": {}, "effectOfAccountingCharges": {}, "otherItems": {}, "netIncome": 1740388, "netIncomeApplicableToCommonShares": 1740388}, {"maxAge": 1, "endDate": "2018-03-31", "totalRevenue": 329906492, "costOfRevenue": 325765289, "grossProfit": 4141203, "researchDevelopment": {}, "sellingGeneralAdministrative": 1986467, "nonRecurring": {}, "otherOperatingExpenses": 809735, "totalOperatingExpenses": 328599554, "operatingIncome": 1306938, "totalOtherIncomeExpenseNet": -225, "ebit": 1306938, "interestExpense": -225, "incomeBeforeTax": 1306713, "incomeTaxExpense": 333885, "minorityInterest": {}, "netIncomeFromContinuingOps": 972828, "discontinuedOperations": {}, "extraordinaryItems": {}, "effectOfAccountingCharges": {}, "otherItems": {}, "netIncome": 972828, "netIncomeApplicableToCommonShares": 972828}, {"maxAge": 1, "endDate": "2017-03-31", "totalRevenue": 516067432, "costOfRevenue": 505664188, "grossProfit": 10403244, "researchDevelopment": {}, "sellingGeneralAdministrative": 2672149, "nonRecurring": {}, "otherOperatingExpenses": 4802567, "totalOperatingExpenses": 513165030, "operatingIncome": 2902402, "totalOtherIncomeExpenseNet": -301, "ebit": 2902402, "interestExpense": -225, "incomeBeforeTax": 2902101, "incomeTaxExpense": 760627, "minorityInterest": {}, "netIncomeFromContinuingOps": 2141474, "discontinuedOperations": {}, "extraordinaryItems": {}, "effectOfAccountingCharges": {}, "otherItems": {}, "netIncome": 2141474, "netIncomeApplicableToCommonShares": 2141474}], "maxAge": 86400}, "fundOwnership": {"maxAge": 1, "ownershipList": []}, "summaryDetail": {"maxAge": 1, "priceHint": 4, "previousClose": 3.02, "open": 2.87, "dayLow": 2.87, "dayHigh": 2.87, "regularMarketPreviousClose": 3.02, "regularMarketOpen": 2.87, "regularMarketDayLow": 2.87, "regularMarketDayHigh": 2.87, "volume": 1, "regularMarketVolume": 1, "averageVolume": 248, "averageVolume10days": 0, "averageDailyVolume10Day": 0, "bid": 2.87, "ask": 3.02, "marketCap": 15244865, "fiftyTwoWeekLow": 2.06, "fiftyTwoWeekHigh": 5.61, "fiftyDayAverage": 3.0054286, "twoHundredDayAverage": 2.728116, "currency": "INR", "fromCurrency": null, "toCurrency": null, "lastMarket": null, "algorithm": null, "tradeable": false}, "incomeStatementHistoryQuarterly": {"incomeStatementHistory": [{"maxAge": 1, "endDate": "2020-06-30", "totalRevenue": 3522000, "costOfRevenue": 3119000, "grossProfit": 403000, "researchDevelopment": {}, "sellingGeneralAdministrative": 988000, "nonRecurring": {}, "otherOperatingExpenses": 419000, "totalOperatingExpenses": 4526000, "operatingIncome": -1004000, "totalOtherIncomeExpenseNet": -2547000, "ebit": -1004000, "interestExpense": {}, "incomeBeforeTax": -3551000, "incomeTaxExpense": 0, "minorityInterest": {}, "netIncomeFromContinuingOps": -3551000, "discontinuedOperations": {}, "extraordinaryItems": {}, "effectOfAccountingCharges": {}, "otherItems": {}, "netIncome": -3551000, "netIncomeApplicableToCommonShares": -3551000}, {"maxAge": 1, "endDate": "2020-03-31", "totalRevenue": 67233000, "costOfRevenue": 66887000, "grossProfit": 346000, "researchDevelopment": {}, "sellingGeneralAdministrative": 1445000, "nonRecurring": {}, "otherOperatingExpenses": 254000, "totalOperatingExpenses": 68599000, "operatingIncome": -1366000, "totalOtherIncomeExpenseNet": -2967000, "ebit": -1366000, "interestExpense": {}, "incomeBeforeTax": -4333000, "incomeTaxExpense": 467000, "minorityInterest": {}, "netIncomeFromContinuingOps": -4800000, "discontinuedOperations": {}, "extraordinaryItems": {}, "effectOfAccountingCharges": {}, "otherItems": {}, "netIncome": -4800000, "netIncomeApplicableToCommonShares": -4800000}, {"maxAge": 1, "endDate": "2019-12-31", "totalRevenue": 3871000, "costOfRevenue": 1978000, "grossProfit": 1893000, "researchDevelopment": {}, "sellingGeneralAdministrative": 1096000, "nonRecurring": {}, "otherOperatingExpenses": 337000, "totalOperatingExpenses": 3413000, "operatingIncome": 458000, "totalOtherIncomeExpenseNet": 1000, "ebit": 458000, "interestExpense": {}, "incomeBeforeTax": 459000, "incomeTaxExpense": 0, "minorityInterest": {}, "netIncomeFromContinuingOps": 459000, "discontinuedOperations": {}, "extraordinaryItems": {}, "effectOfAccountingCharges": {}, "otherItems": {}, "netIncome": 459000, "netIncomeApplicableToCommonShares": 459000}, {"maxAge": 1, "endDate": "2019-09-30", "totalRevenue": 16611000, "costOfRevenue": 11133000, "grossProfit": 5478000, "researchDevelopment": {}, "sellingGeneralAdministrative": 1078000, "nonRecurring": {}, "otherOperatingExpenses": 621000, "totalOperatingExpenses": 12834000, "operatingIncome": 3777000, "totalOtherIncomeExpenseNet": 1000, "ebit": 3777000, "interestExpense": {}, "incomeBeforeTax": 3778000, "incomeTaxExpense": 0, "minorityInterest": {}, "netIncomeFromContinuingOps": 3778000, "discontinuedOperations": {}, "extraordinaryItems": {}, "effectOfAccountingCharges": {}, "otherItems": {}, "netIncome": 3778000, "netIncomeApplicableToCommonShares": 3778000}], "maxAge": 86400}, "cashflowStatementHistoryQuarterly": {"cashflowStatements": [{"maxAge": 1, "endDate": "2020-06-30", "netIncome": -3551000, "changeToLiabilities": 0}, {"maxAge": 1, "endDate": "2020-03-31", "netIncome": -4800000, "changeToLiabilities": 0}, {"maxAge": 1, "endDate": "2019-12-31", "netIncome": 459000, "changeToLiabilities": 0}, {"maxAge": 1, "endDate": "2019-09-30", "netIncome": 3778000, "changeToLiabilities": 0}], "maxAge": 86400}, "insiderHolders": {"holders": [], "maxAge": 1}, "calendarEvents": {"maxAge": 1, "earnings": {"earningsDate": []}}, "price": {"maxAge": 1, "regularMarketChangePercent": -0.049668904, "regularMarketChange": -0.1500001, "regularMarketTime": "2021-04-30 15:15:00", "priceHint": 4, "regularMarketPrice": 2.87, "regularMarketDayHigh": 2.87, "regularMarketDayLow": 2.87, "regularMarketVolume": 1, "averageDailyVolume10Day": 0, "averageDailyVolume3Month": 248, "regularMarketPreviousClose": 3.02, "regularMarketSource": "FREE_REALTIME", "regularMarketOpen": 2.87, "exchange": "BSE", "exchangeName": "BSE", "exchangeDataDelayedBy": 0, "marketState": "CLOSED", "quoteType": "EQUITY", "symbol": "GKCONS.BO", "underlyingSymbol": null, "shortName": "G.K.CONSULTANTS LTD.", "longName": "G.K. Consultants Limited", "currency": "INR", "quoteSourceName": "Delayed Quote", "currencySymbol": "\u20b9", "fromCurrency": null, "toCurrency": null, "lastMarket": null, "marketCap": 15244865}, "balanceSheetHistory": {"balanceSheetStatements": [{"maxAge": 1, "endDate": "2020-03-31", "cash": 1834000, "shortTermInvestments": 47003000, "netReceivables": 10820000, "inventory": 12030000, "totalCurrentAssets": 71687000, "propertyPlantEquipment": 25000, "otherAssets": 5000, "deferredLongTermAssetCharges": 4000, "totalAssets": 71717000, "accountsPayable": 1000, "otherCurrentLiab": 468000, "otherLiab": 847000, "totalCurrentLiabilities": 469000, "totalLiab": 1316000, "commonStock": 53118000, "treasuryStock": 17283000, "otherStockholderEquity": 17283000, "totalStockholderEquity": 70401000, "netTangibleAssets": 70401000}, {"maxAge": 1, "endDate": "2019-03-31", "cash": 18996723, "netReceivables": 10261975, "inventory": 3415000, "otherCurrentAssets": 37440493, "totalCurrentAssets": 70113969, "propertyPlantEquipment": 42428, "otherAssets": 2212, "deferredLongTermAssetCharges": 2212, "totalAssets": 70158609, "otherCurrentLiab": 1017689, "totalCurrentLiabilities": 1249779, "totalLiab": 1249779, "commonStock": 53118000, "retainedEarnings": 15790829, "totalStockholderEquity": 68908829, "netTangibleAssets": 68908829}, {"maxAge": 1, "endDate": "2018-03-31", "cash": 4082762, "netReceivables": 8592391, "otherCurrentAssets": 49437299, "totalCurrentAssets": 67781730, "propertyPlantEquipment": 72308, "totalAssets": 67854038, "accountsPayable": 2214, "otherCurrentLiab": 530865, "otherLiab": 2854, "totalCurrentLiabilities": 682739, "totalLiab": 685593, "commonStock": 53118000, "retainedEarnings": 14050444, "totalStockholderEquity": 67168444, "netTangibleAssets": 67168444}, {"maxAge": 1, "endDate": "2017-03-31", "cash": 405587, "netReceivables": 17486814, "otherCurrentAssets": 37033827, "totalCurrentAssets": 62999641, "propertyPlantEquipment": 68447, "otherAssets": 4000000, "totalAssets": 67068088, "accountsPayable": 54799, "otherCurrentLiab": 811457, "otherLiab": 6212, "totalCurrentLiabilities": 866256, "totalLiab": 872468, "commonStock": 53118000, "retainedEarnings": 13077618, "totalStockholderEquity": 66195618, "netTangibleAssets": 66195618}], "maxAge": 86400}, "financialData": {"maxAge": 86400, "currentPrice": 2.87, "recommendationKey": "none", "grossProfits": 8495000, "financialCurrency": "INR"}}}