{"GKWLIMITED.NS": {"assetProfile": {"address1": "Wakefield House", "address2": "Sprott Road Ballard Estate", "city": "Mumbai", "zip": "400038", "country": "India", "phone": "91 22 2265 0171", "fax": "91 22 2261 7898", "website": "http://www.gkwltd.com", "industry": "Specialty Business Services", "sector": "Industrials", "longBusinessSummary": "GKW Limited provides industrial warehousing services in India. The company operates through two segments, Warehousing and Investment and Treasury. It leases warehousing facilities; and invests in bank deposits, equity instruments, bonds, fixed deposits, and mutual funds. The company was formerly known as Guest Keen Williams Limited. The company was incorporated in 1931 and is based in Mumbai, India. GKW Limited is a subsidiary of Matrix Commercial Private Limited.", "fullTimeEmployees": 12, "companyOfficers": [{"maxAge": 1, "name": "Mr. Amitabha  Chakrabarti", "age": 64, "title": "Wholetime Director", "yearBorn": 1956, "fiscalYear": 2020, "totalPay": 3223552, "exercisedValue": 0, "unexercisedValue": 0}, {"maxAge": 1, "name": "Mr. S.  Wagh", "age": 62, "title": "Mang. of Accounts", "yearBorn": 1958, "exercisedValue": 0, "unexercisedValue": 0}, {"maxAge": 1, "name": "A.  Ghosh", "age": 48, "title": "Gen. Mang. of Construction & Admin", "yearBorn": 1972, "fiscalYear": 2019, "exercisedValue": 0, "unexercisedValue": 0}, {"maxAge": 1, "name": "Mr. Sudhir Kumar Banthiya C.S.", "age": 34, "title": "Company Sec. & Compliance Officer", "yearBorn": 1986, "exercisedValue": 0, "unexercisedValue": 0}, {"maxAge": 1, "name": "Varun  Saggi", "age": 35, "title": "Deputy Mang. of Sales & Admin.", "yearBorn": 1985, "exercisedValue": 0, "unexercisedValue": 0}, {"maxAge": 1, "name": "Mr. Umesh  Sinha B.E. (Mech.), D.I.E, D.C.M.", "title": "Pres of Screws & Fasteners Division", "exercisedValue": 0, "unexercisedValue": 0}, {"maxAge": 1, "name": "Mr. Ravi K. Bahl", "age": 60, "title": "Deputy Company Sec.", "yearBorn": 1960, "fiscalYear": 2019, "exercisedValue": 0, "unexercisedValue": 0}], "compensationAsOfEpochDate": "2020-12-31 05:30:00", "maxAge": 86400}, "cashflowStatementHistory": {"cashflowStatements": [{"maxAge": 1, "endDate": "2020-03-31", "netIncome": 26191000, "depreciation": 10929000, "changeToNetincome": 38656000, "changeToAccountReceivables": 1767000, "changeToLiabilities": 99000, "changeToOperatingActivities": -170955000, "totalCashFromOperatingActivities": -93313000, "capitalExpenditures": -34857000, "otherCashflowsFromInvestingActivities": 149289000, "totalCashflowsFromInvestingActivities": 114432000, "netBorrowings": -4623000, "totalCashFromFinancingActivities": -4623000, "changeInCash": 16496000}, {"maxAge": 1, "endDate": "2019-03-31", "netIncome": 198808000, "depreciation": 5621000, "changeToNetincome": -133015000, "changeToAccountReceivables": -253000, "changeToLiabilities": 254000, "changeToOperatingActivities": -181834000, "totalCashFromOperatingActivities": -110419000, "capitalExpenditures": -25633000, "otherCashflowsFromInvestingActivities": 128165000, "totalCashflowsFromInvestingActivities": 102532000, "netBorrowings": -4623000, "totalCashFromFinancingActivities": -4623000, "changeInCash": -7887000}, {"maxAge": 1, "endDate": "2018-03-31", "netIncome": 82884000, "depreciation": 4824000, "changeToNetincome": -23358000, "changeToAccountReceivables": -844000, "changeToLiabilities": 54000, "changeToOperatingActivities": 206988000, "totalCashFromOperatingActivities": 10531000, "capitalExpenditures": -29045000, "otherCashflowsFromInvestingActivities": 28385000, "totalCashflowsFromInvestingActivities": -660000, "netBorrowings": -4623000, "totalCashFromFinancingActivities": -4623000, "changeInCash": 9871000}, {"maxAge": 1, "endDate": "2017-03-31", "netIncome": 36953000, "depreciation": 3678000, "changeToNetincome": -79302000, "changeToAccountReceivables": 491000, "changeToLiabilities": -2643000, "changeToOperatingActivities": 206988000, "totalCashFromOperatingActivities": -40810000, "capitalExpenditures": -19492000, "investments": 882000, "otherCashflowsFromInvestingActivities": -4870000, "totalCashflowsFromInvestingActivities": -23137000, "netBorrowings": -4623000, "totalCashFromFinancingActivities": -4623000, "changeInCash": -63947000}], "maxAge": 86400}, "institutionOwnership": {"ownershipList": [], "maxAge": 1}, "majorHoldersBreakdown": {"maxAge": 1, "insidersPercentHeld": 0.0, "institutionsPercentHeld": 0.01676, "institutionsFloatPercentHeld": 0.01676, "institutionsCount": 1}, "balanceSheetHistoryQuarterly": {"balanceSheetStatements": [{"maxAge": 1, "endDate": "2020-12-31", "totalStockholderEquity": 2001198000, "netTangibleAssets": 2001198000}, {"maxAge": 1, "endDate": "2020-09-30", "cash": 92169000, "shortTermInvestments": 904134000, "netReceivables": 28584000, "otherCurrentAssets": 9244000, "totalCurrentAssets": 1034131000, "longTermInvestments": 801000000, "propertyPlantEquipment": 174081000, "otherAssets": 117760000, "deferredLongTermAssetCharges": 106352000, "totalAssets": 2126972000, "accountsPayable": 558000, "otherCurrentLiab": 115361000, "otherLiab": 3707000, "totalCurrentLiabilities": 117986000, "totalLiab": 125774000, "commonStock": 59665000, "treasuryStock": 1941533000, "otherStockholderEquity": 1941533000, "totalStockholderEquity": 2001198000, "netTangibleAssets": 2001198000}, {"maxAge": 1, "endDate": "2020-06-30", "totalStockholderEquity": 1604152000, "netTangibleAssets": 1604152000}, {"maxAge": 1, "endDate": "2020-03-31", "cash": 25836000, "shortTermInvestments": 94825000, "netReceivables": 11486000, "otherCurrentAssets": 26038000, "totalCurrentAssets": 940487000, "longTermInvestments": 509000000, "propertyPlantEquipment": 176936000, "otherAssets": 121168000, "deferredLongTermAssetCharges": 101442000, "totalAssets": 1747591000, "accountsPayable": 824000, "otherCurrentLiab": 100142000, "otherLiab": 3313000, "totalCurrentLiabilities": 130032000, "totalLiab": 143439000, "commonStock": 59665000, "retainedEarnings": 1317767000, "treasuryStock": 226720000, "otherStockholderEquity": 226720000, "totalStockholderEquity": 1604152000, "netTangibleAssets": 1604152000}], "maxAge": 86400}, "indexTrend": {"maxAge": 1, "symbol": "SP5", "peRatio": 19.7411, "pegRatio": 1.34172, "estimates": [{"period": "0q", "growth": 0.549}, {"period": "+1q", "growth": 0.431}, {"period": "0y", "growth": 0.305}, {"period": "+1y", "growth": 0.109}, {"period": "+5y", "growth": 0.120865}, {"period": "-5y"}]}, "defaultKeyStatistics": {"maxAge": 1, "priceHint": 2, "enterpriseValue": 2152029952, "profitMargins": 0.48049998, "floatShares": 631242, "sharesOutstanding": 5966500, "heldPercentInsiders": 0.0, "heldPercentInstitutions": 0.01676, "beta": 0.450433, "category": null, "bookValue": 335.437, "priceToBook": 1.5697433, "fundFamily": null, "legalType": null, "lastFiscalYearEnd": "2020-03-31 05:30:00", "nextFiscalYearEnd": "2022-03-31 05:30:00", "mostRecentQuarter": "2020-12-31 05:30:00", "earningsQuarterlyGrowth": 1.801, "netIncomeToCommon": 89735000, "trailingEps": 15.039, "lastSplitFactor": "1:10", "lastSplitDate": "2009-07-01 05:30:00", "enterpriseToRevenue": 11.523, "enterpriseToEbitda": 20.568}, "summaryProfile": {"address1": "Wakefield House", "address2": "Sprott Road Ballard Estate", "city": "Mumbai", "zip": "400038", "country": "India", "phone": "91 22 2265 0171", "fax": "91 22 2261 7898", "website": "http://www.gkwltd.com", "industry": "Specialty Business Services", "sector": "Industrials", "longBusinessSummary": "GKW Limited provides industrial warehousing services in India. The company operates through two segments, Warehousing and Investment and Treasury. It leases warehousing facilities; and invests in bank deposits, equity instruments, bonds, fixed deposits, and mutual funds. The company was formerly known as Guest Keen Williams Limited. The company was incorporated in 1931 and is based in Mumbai, India. GKW Limited is a subsidiary of Matrix Commercial Private Limited.", "fullTimeEmployees": 12, "companyOfficers": [], "maxAge": 86400}, "netSharePurchaseActivity": {"maxAge": 1, "period": "6m", "buyInfoCount": 0, "buyInfoShares": 0, "sellInfoCount": 0, "netInfoCount": 0, "netInfoShares": 0, "totalInsiderShares": 0}, "quoteType": {"exchange": "NSI", "quoteType": "EQUITY", "symbol": "GKWLIMITED.NS", "underlyingSymbol": "GKWLIMITED.NS", "shortName": "GKW LIMITED", "longName": "GKW Limited", "firstTradeDateEpochUtc": "2002-07-01 09:15:00", "timeZoneFullName": "Asia/Kolkata", "timeZoneShortName": "IST", "uuid": "a09a80a1-aea7-3fe6-9786-b7430b93c3b1", "gmtOffSetMilliseconds": 19800000, "maxAge": 1}, "incomeStatementHistory": {"incomeStatementHistory": [{"maxAge": 1, "endDate": "2020-03-31", "totalRevenue": 109340000, "costOfRevenue": 41852000, "grossProfit": 67488000, "researchDevelopment": {}, "sellingGeneralAdministrative": 351000, "nonRecurring": {}, "otherOperatingExpenses": 42851000, "totalOperatingExpenses": 95983000, "operatingIncome": 13357000, "totalOtherIncomeExpenseNet": 2015000, "ebit": 13357000, "interestExpense": -1977000, "incomeBeforeTax": 15372000, "incomeTaxExpense": -10819000, "minorityInterest": {}, "netIncomeFromContinuingOps": 26191000, "discontinuedOperations": {}, "extraordinaryItems": {}, "effectOfAccountingCharges": {}, "otherItems": {}, "netIncome": 26191000, "netIncomeApplicableToCommonShares": 26191000}, {"maxAge": 1, "endDate": "2019-03-31", "totalRevenue": 304075000, "costOfRevenue": 46842000, "grossProfit": 257233000, "researchDevelopment": {}, "sellingGeneralAdministrative": 4853000, "nonRecurring": {}, "otherOperatingExpenses": 46254000, "totalOperatingExpenses": 103570000, "operatingIncome": 200505000, "totalOtherIncomeExpenseNet": 2975000, "ebit": 200505000, "interestExpense": -1977000, "incomeBeforeTax": 203480000, "incomeTaxExpense": 4672000, "minorityInterest": {}, "netIncomeFromContinuingOps": 198808000, "discontinuedOperations": {}, "extraordinaryItems": {}, "effectOfAccountingCharges": {}, "otherItems": {}, "netIncome": 198808000, "netIncomeApplicableToCommonShares": 198808000}, {"maxAge": 1, "endDate": "2018-03-31", "totalRevenue": 178053000, "costOfRevenue": 36451000, "grossProfit": 141602000, "researchDevelopment": {}, "sellingGeneralAdministrative": 4838000, "nonRecurring": {}, "otherOperatingExpenses": 50027000, "totalOperatingExpenses": 96142000, "operatingIncome": 81911000, "totalOtherIncomeExpenseNet": 5720000, "ebit": 81911000, "interestExpense": -1977000, "incomeBeforeTax": 87631000, "incomeTaxExpense": 4747000, "minorityInterest": {}, "netIncomeFromContinuingOps": 82884000, "discontinuedOperations": {}, "extraordinaryItems": {}, "effectOfAccountingCharges": {}, "otherItems": {}, "netIncome": 82884000, "netIncomeApplicableToCommonShares": 82884000}, {"maxAge": 1, "endDate": "2017-03-31", "totalRevenue": 140598000, "costOfRevenue": 32467000, "grossProfit": 108131000, "researchDevelopment": {}, "sellingGeneralAdministrative": 4567000, "nonRecurring": {}, "otherOperatingExpenses": 53299000, "totalOperatingExpenses": 94024000, "operatingIncome": 46574000, "totalOtherIncomeExpenseNet": 3851000, "ebit": 46574000, "interestExpense": -1977000, "incomeBeforeTax": 50425000, "incomeTaxExpense": 13472000, "minorityInterest": {}, "netIncomeFromContinuingOps": 36953000, "discontinuedOperations": {}, "extraordinaryItems": {}, "effectOfAccountingCharges": {}, "otherItems": {}, "netIncome": 36953000, "netIncomeApplicableToCommonShares": 36953000}], "maxAge": 86400}, "fundOwnership": {"ownershipList": [], "maxAge": 1}, "summaryDetail": {"maxAge": 1, "priceHint": 2, "previousClose": 524.1, "open": 528.05, "dayLow": 516.0, "dayHigh": 529.05, "regularMarketPreviousClose": 524.1, "regularMarketOpen": 528.05, "regularMarketDayLow": 516.0, "regularMarketDayHigh": 529.05, "payoutRatio": 0.0, "beta": 0.450433, "trailingPE": 35.012302, "volume": 400, "regularMarketVolume": 400, "averageVolume": 1421, "averageVolume10days": 1136, "averageDailyVolume10Day": 1136, "bid": 0.0, "ask": 0.0, "bidSize": 0, "askSize": 0, "marketCap": 3141660416, "fiftyTwoWeekLow": 388.0, "fiftyTwoWeekHigh": 730.0, "priceToSalesTrailing12Months": 16.822453, "fiftyDayAverage": 515.3412, "twoHundredDayAverage": 510.55212, "currency": "INR", "fromCurrency": null, "lastMarket": null, "algorithm": null, "tradeable": false}, "incomeStatementHistoryQuarterly": {"incomeStatementHistory": [{"maxAge": 1, "endDate": "2020-12-31", "totalRevenue": 146687000, "costOfRevenue": 4777000, "grossProfit": 141910000, "researchDevelopment": {}, "sellingGeneralAdministrative": {}, "nonRecurring": {}, "otherOperatingExpenses": 10757000, "totalOperatingExpenses": 18023000, "operatingIncome": 128664000, "totalOtherIncomeExpenseNet": 1052000, "ebit": 128664000, "interestExpense": -285000, "incomeBeforeTax": 129716000, "incomeTaxExpense": 16990000, "minorityInterest": {}, "netIncomeFromContinuingOps": 112726000, "discontinuedOperations": {}, "extraordinaryItems": {}, "effectOfAccountingCharges": {}, "otherItems": {}, "netIncome": 112726000, "netIncomeApplicableToCommonShares": 112726000}, {"maxAge": 1, "endDate": "2020-09-30", "totalRevenue": 72248000, "costOfRevenue": 6710000, "grossProfit": 65538000, "researchDevelopment": {}, "sellingGeneralAdministrative": {}, "nonRecurring": {}, "otherOperatingExpenses": 14516000, "totalOperatingExpenses": 24133000, "operatingIncome": 48115000, "totalOtherIncomeExpenseNet": 1092000, "ebit": 48115000, "interestExpense": -214000, "incomeBeforeTax": 49207000, "incomeTaxExpense": 7684000, "minorityInterest": {}, "netIncomeFromContinuingOps": 41523000, "discontinuedOperations": {}, "extraordinaryItems": {}, "effectOfAccountingCharges": {}, "otherItems": {}, "netIncome": 41523000, "netIncomeApplicableToCommonShares": 41523000}, {"maxAge": 1, "endDate": "2020-06-30", "totalRevenue": 117252000, "costOfRevenue": 6082000, "grossProfit": 111170000, "researchDevelopment": {}, "sellingGeneralAdministrative": {}, "nonRecurring": {}, "otherOperatingExpenses": 21353000, "totalOperatingExpenses": 30309000, "operatingIncome": 86943000, "totalOtherIncomeExpenseNet": 7983000, "ebit": 86943000, "interestExpense": -309000, "incomeBeforeTax": 94926000, "incomeTaxExpense": 13160000, "minorityInterest": {}, "netIncomeFromContinuingOps": 81766000, "discontinuedOperations": {}, "extraordinaryItems": {}, "effectOfAccountingCharges": {}, "otherItems": {}, "netIncome": 81766000, "netIncomeApplicableToCommonShares": 81766000}, {"maxAge": 1, "endDate": "2020-03-31", "totalRevenue": -149581000, "costOfRevenue": 8646000, "grossProfit": -158227000, "researchDevelopment": {}, "sellingGeneralAdministrative": 351000, "nonRecurring": {}, "otherOperatingExpenses": 5837000, "totalOperatingExpenses": 17679000, "operatingIncome": -167260000, "totalOtherIncomeExpenseNet": 1980000, "ebit": -167260000, "interestExpense": -461000, "incomeBeforeTax": -165280000, "incomeTaxExpense": -19000000, "minorityInterest": {}, "netIncomeFromContinuingOps": -146280000, "discontinuedOperations": {}, "extraordinaryItems": {}, "effectOfAccountingCharges": {}, "otherItems": {}, "netIncome": -146280000, "netIncomeApplicableToCommonShares": -146280000}], "maxAge": 86400}, "cashflowStatementHistoryQuarterly": {"cashflowStatements": [{"maxAge": 1, "endDate": "2020-12-31", "netIncome": 112726000, "changeToLiabilities": 0}, {"maxAge": 1, "endDate": "2020-09-30", "netIncome": 41523000, "changeToLiabilities": 0}, {"maxAge": 1, "endDate": "2020-06-30", "netIncome": 81766000, "changeToLiabilities": 0}, {"maxAge": 1, "endDate": "2020-03-31", "netIncome": -146280000, "changeToLiabilities": 0}], "maxAge": 86400}, "insiderHolders": {"holders": [], "maxAge": 1}, "calendarEvents": {"maxAge": 1, "earnings": {"earningsDate": []}}, "upgradeDowngradeHistory": {"history": [], "maxAge": 86400}, "price": {"maxAge": 1, "regularMarketChangePercent": 0.004674704, "regularMarketChange": 2.4500122, "regularMarketTime": "2021-04-30 15:27:35", "priceHint": 2, "regularMarketPrice": 526.55, "regularMarketDayHigh": 529.05, "regularMarketDayLow": 516.0, "regularMarketVolume": 400, "averageDailyVolume10Day": 1136, "averageDailyVolume3Month": 1421, "regularMarketPreviousClose": 524.1, "regularMarketSource": "FREE_REALTIME", "regularMarketOpen": 528.05, "exchange": "NSI", "exchangeName": "NSE", "exchangeDataDelayedBy": 15, "marketState": "CLOSED", "quoteType": "EQUITY", "symbol": "GKWLIMITED.NS", "underlyingSymbol": null, "shortName": "GKW LIMITED", "longName": "GKW Limited", "currency": "INR", "quoteSourceName": "Delayed Quote", "currencySymbol": "\u20b9", "fromCurrency": null, "lastMarket": null, "marketCap": 3141660416}, "balanceSheetHistory": {"balanceSheetStatements": [{"maxAge": 1, "endDate": "2020-03-31", "cash": 25836000, "shortTermInvestments": 94825000, "netReceivables": 11486000, "otherCurrentAssets": 26038000, "totalCurrentAssets": 940487000, "longTermInvestments": 509000000, "propertyPlantEquipment": 176936000, "otherAssets": 121168000, "deferredLongTermAssetCharges": 101442000, "totalAssets": 1747591000, "accountsPayable": 824000, "otherCurrentLiab": 100142000, "otherLiab": 3313000, "totalCurrentLiabilities": 130032000, "totalLiab": 143439000, "commonStock": 59665000, "retainedEarnings": 1317767000, "treasuryStock": 226720000, "otherStockholderEquity": 226720000, "totalStockholderEquity": 1604152000, "netTangibleAssets": 1604152000}, {"maxAge": 1, "endDate": "2019-03-31", "cash": 9340000, "shortTermInvestments": 12583000, "netReceivables": 10775000, "otherCurrentAssets": 5210000, "totalCurrentAssets": 981504000, "longTermInvestments": 1787600000, "propertyPlantEquipment": 136585000, "intangibleAssets": 3000, "otherAssets": 119490000, "deferredLongTermAssetCharges": 87938000, "totalAssets": 3025182000, "accountsPayable": 725000, "otherCurrentLiab": 109180000, "otherLiab": 2133000, "totalCurrentLiabilities": 159522000, "totalLiab": 161655000, "commonStock": 59665000, "retainedEarnings": 1298542000, "treasuryStock": 1505320000, "otherStockholderEquity": 1505320000, "totalStockholderEquity": 2863527000, "netTangibleAssets": 2863524000}, {"maxAge": 1, "endDate": "2018-03-31", "cash": 17227000, "shortTermInvestments": 165364000, "netReceivables": 11480000, "otherCurrentAssets": 24381000, "totalCurrentAssets": 827590000, "longTermInvestments": 2904400000, "propertyPlantEquipment": 116573000, "intangibleAssets": 3000, "otherAssets": 103818000, "deferredLongTermAssetCharges": 83646000, "totalAssets": 3952384000, "accountsPayable": 471000, "otherCurrentLiab": 115399000, "otherLiab": 1832000, "totalCurrentLiabilities": 159066000, "totalLiab": 160898000, "commonStock": 59665000, "retainedEarnings": 1109701000, "treasuryStock": 2622120000, "otherStockholderEquity": 2622120000, "totalStockholderEquity": 3791486000, "netTangibleAssets": 3791483000}, {"maxAge": 1, "endDate": "2017-03-31", "cash": 106116000, "shortTermInvestments": 330753000, "netReceivables": 6392000, "otherCurrentAssets": 402000, "totalCurrentAssets": 443957000, "longTermInvestments": 419259000, "propertyPlantEquipment": 195830000, "intangibleAssets": 5000, "otherAssets": 155541000, "totalAssets": 1214592000, "accountsPayable": 479000, "otherCurrentLiab": 83069000, "otherLiab": 38983000, "totalCurrentLiabilities": 121383000, "totalLiab": 160366000, "commonStock": 59665000, "retainedEarnings": 994561000, "totalStockholderEquity": 1054226000, "netTangibleAssets": 1054221000}], "maxAge": 86400}, "financialData": {"maxAge": 86400, "currentPrice": 526.55, "recommendationKey": "none", "totalCash": 996302976, "totalCashPerShare": 166.955, "ebitda": 104632000, "totalDebt": 6148000, "totalRevenue": 186754000, "debtToEquity": 0.307, "revenuePerShare": 31.3, "grossProfits": 67488000, "earningsGrowth": 1.799, "revenueGrowth": 1.204, "grossMargins": 0.85963, "ebitdaMargins": 0.56027, "operatingMargins": 0.51730996, "profitMargins": 0.48049998, "financialCurrency": "INR"}}}