{"GLAND.NS": {"assetProfile": {"address1": "Sy No. 143 to 148, 150 & 151", "address2": "Near Gandimaisamma X Roads Dundigal Gandimaisamma Mandal", "city": "Hyderabad", "zip": "500043", "country": "India", "phone": "91 40 3051 0999", "fax": "91 40 3051 0800", "website": "http://www.glandpharma.com", "industry": "Drug Manufacturers\u2014General", "sector": "Healthcare", "longBusinessSummary": "Gland Pharma Limited engages in the development, manufacture, and marketing of injectable-focused generic liquid parenteral products. The company's primary molecules include heparin sodium, enoxaparin sodium, rocuronium bromide, and daptomycin injections, as well as others. It offers its products under various therapeutic categories, such as anti-infectives, anesthetics, anti-coagulants and their antidotes, anti-malarial, cardiology, gastro-intestinal, hormones and related drugs, fertility supplements, Gnrh agonists and antagonists, anti-neoplastic, gynecological, neuro/Cns, respiratory, blood related, ophthalmological and otological, pain/analgesics, orthopedics, hematinic, vitamins/minerals/nutrients, and others. The company also provides contract development services. It sells its products primarily under a business to business in the United States, Europe, Canada, Australia, India, and the rest of the world. The company was founded in 1978 and is based in Hyderabad, India. As of October 3, 2017, Gland Pharma Limited operates as a subsidiary of Fosun Pharma Industrial Pte. Ltd.", "fullTimeEmployees": 3890, "companyOfficers": [{"maxAge": 1, "name": "Mr. Srinivas  Sadu", "age": 51, "title": "MD, CEO & Director", "yearBorn": 1969, "fiscalYear": 2020, "totalPay": 58767000, "exercisedValue": 0, "unexercisedValue": 0}, {"maxAge": 1, "name": "Mr. Ravi Shekhar Mitra", "age": 44, "title": "Chief Financial Officer", "yearBorn": 1976, "exercisedValue": 0, "unexercisedValue": 0}, {"maxAge": 1, "name": "Mr. P. Sampath Kumar", "age": 40, "title": "Company Sec. & Compliance Officer", "yearBorn": 1980, "exercisedValue": 0, "unexercisedValue": 0}, {"maxAge": 1, "name": "Ashish  Adhikari", "age": 46, "title": "VP of Operations", "yearBorn": 1974, "exercisedValue": 0, "unexercisedValue": 0}, {"maxAge": 1, "name": "Mr. K. V.G.K. Raju", "age": 69, "title": "Chief Technical Officer", "yearBorn": 1951, "exercisedValue": 0, "unexercisedValue": 0}, {"maxAge": 1, "name": "Susheel  Ogra", "age": 54, "title": "Sr. Gen. Mang. of Sales & Marketing", "yearBorn": 1966, "exercisedValue": 0, "unexercisedValue": 0}, {"maxAge": 1, "name": "Shilpi  Sahay", "age": 40, "title": "Deputy Gen. Mang. of HR", "yearBorn": 1980, "exercisedValue": 0, "unexercisedValue": 0}, {"maxAge": 1, "name": "Mr. C.  Venkatesan", "age": 50, "title": "Sr. VP of R&D", "yearBorn": 1970, "exercisedValue": 0, "unexercisedValue": 0}, {"maxAge": 1, "name": "Surapanini  Sridevi", "age": 53, "title": "Sr. VP of R&D", "yearBorn": 1967, "exercisedValue": 0, "unexercisedValue": 0}], "compensationAsOfEpochDate": "2020-12-31 05:30:00", "maxAge": 86400}, "cashflowStatementHistory": {"cashflowStatements": [{"maxAge": 1, "endDate": "2020-03-31", "netIncome": 7728580000, "depreciation": 945870000, "changeToNetincome": -865680000, "changeToAccountReceivables": -805170000, "changeToLiabilities": -2146730000, "changeToInventory": 1555970000, "changeToOperatingActivities": 596510000, "totalCashFromOperatingActivities": 7009350000, "capitalExpenditures": -1946620000, "investments": -6387490000, "otherCashflowsFromInvestingActivities": 434470000, "totalCashflowsFromInvestingActivities": -7660780000, "netBorrowings": -6200000, "otherCashflowsFromFinancingActivities": -62510000, "totalCashFromFinancingActivities": -68710000, "effectOfExchangeRate": 51090000, "changeInCash": -669050000}, {"maxAge": 1, "endDate": "2019-03-31", "netIncome": 4518560000, "depreciation": 821200000, "changeToNetincome": 52240000, "changeToAccountReceivables": -458960000, "changeToLiabilities": 1130120000, "changeToInventory": -3990460000, "changeToOperatingActivities": -220150000, "totalCashFromOperatingActivities": 1852550000, "capitalExpenditures": -1357440000, "investments": -2187450000, "otherCashflowsFromInvestingActivities": 398050000, "totalCashflowsFromInvestingActivities": -3141390000, "netBorrowings": -5070000, "otherCashflowsFromFinancingActivities": -26170000, "totalCashFromFinancingActivities": -31240000, "effectOfExchangeRate": -44310000, "changeInCash": -1364390000}, {"maxAge": 1, "endDate": "2018-03-31", "netIncome": 3210510000, "depreciation": 783680000, "changeToNetincome": -38750000, "changeToAccountReceivables": -528590000, "changeToLiabilities": 1109210000, "changeToInventory": -1341110000, "changeToOperatingActivities": -1173840000, "totalCashFromOperatingActivities": 2021110000, "capitalExpenditures": -851750000, "investments": -2982020000, "otherCashflowsFromInvestingActivities": 243800000, "totalCashflowsFromInvestingActivities": -3588370000, "netBorrowings": -5250000, "otherCashflowsFromFinancingActivities": -32480000, "totalCashFromFinancingActivities": -37730000, "effectOfExchangeRate": 2630000, "changeInCash": -1602360000, "repurchaseOfStock": -3976810000, "issuanceOfStock": 3976810000}, {"maxAge": 1, "endDate": "2017-03-31", "netIncome": 4137260000, "depreciation": 741470000, "changeToNetincome": -5620000, "changeToAccountReceivables": -750890000, "changeToLiabilities": 1037780000, "changeToInventory": -116440000, "changeToOperatingActivities": -279000000, "totalCashFromOperatingActivities": 4764560000, "capitalExpenditures": -1161890000, "investments": -2982020000, "otherCashflowsFromInvestingActivities": 194260000, "totalCashflowsFromInvestingActivities": -966540000, "netBorrowings": -1106630000, "otherCashflowsFromFinancingActivities": -57530000, "totalCashFromFinancingActivities": -1164160000, "effectOfExchangeRate": -35350000, "changeInCash": 2598510000, "repurchaseOfStock": -3976810000, "issuanceOfStock": 3976810000}], "maxAge": 86400}, "institutionOwnership": {"ownershipList": [], "maxAge": 1}, "majorHoldersBreakdown": {"maxAge": 1, "insidersPercentHeld": 0.68162, "institutionsPercentHeld": 0.17662, "institutionsFloatPercentHeld": 0.55474, "institutionsCount": 46}, "balanceSheetHistoryQuarterly": {"balanceSheetStatements": [{"maxAge": 1, "endDate": "2020-12-31"}, {"maxAge": 1, "endDate": "2020-06-30", "cash": 3817820000, "shortTermInvestments": 11470370000, "netReceivables": 7419090000, "inventory": 10284420000, "otherCurrentAssets": 636370000, "totalCurrentAssets": 33699170000, "longTermInvestments": 506800000, "propertyPlantEquipment": 12055500000, "otherAssets": 651180000, "totalAssets": 46912650000, "accountsPayable": 4774980000, "shortLongTermDebt": 8910000, "otherCurrentLiab": 1346170000, "longTermDebt": 40690000, "otherLiab": 749880000, "totalCurrentLiabilities": 6478160000, "totalLiab": 7277980000, "commonStock": 154950000, "retainedEarnings": 33424300000, "treasuryStock": 165480000, "capitalSurplus": 5889940000, "otherStockholderEquity": 165480000, "totalStockholderEquity": 39634670000, "netTangibleAssets": 39634670000}, {"maxAge": 1, "endDate": "2019-12-31"}, {"maxAge": 1, "endDate": "2019-06-30", "totalStockholderEquity": 28619990000, "netTangibleAssets": 28619990000}], "maxAge": 86400}, "indexTrend": {"maxAge": 1, "symbol": "SP5", "peRatio": 19.7411, "pegRatio": 1.34172, "estimates": [{"period": "0q", "growth": 0.549}, {"period": "+1q", "growth": 0.431}, {"period": "0y", "growth": 0.305}, {"period": "+1y", "growth": 0.109}, {"period": "+5y", "growth": 0.120865}, {"period": "-5y"}]}, "defaultKeyStatistics": {"maxAge": 1, "priceHint": 2, "enterpriseValue": 442504937472, "profitMargins": 0.29011, "floatShares": 50649717, "sharesOutstanding": 163592992, "heldPercentInsiders": 0.68162, "heldPercentInstitutions": 0.17662, "category": null, "bookValue": 235.318, "priceToBook": 11.820388, "fundFamily": null, "legalType": null, "lastFiscalYearEnd": "2020-03-31 05:30:00", "nextFiscalYearEnd": "2022-03-31 05:30:00", "mostRecentQuarter": "2020-12-31 05:30:00", "earningsQuarterlyGrowth": 0.325, "netIncomeToCommon": 9313470464, "trailingEps": 59.691, "lastSplitFactor": null, "enterpriseToRevenue": 13.784, "enterpriseToEbitda": 36.265}, "summaryProfile": {"address1": "Sy No. 143 to 148, 150 & 151", "address2": "Near Gandimaisamma X Roads Dundigal Gandimaisamma Mandal", "city": "Hyderabad", "zip": "500043", "country": "India", "phone": "91 40 3051 0999", "fax": "91 40 3051 0800", "website": "http://www.glandpharma.com", "industry": "Drug Manufacturers\u2014General", "sector": "Healthcare", "longBusinessSummary": "Gland Pharma Limited engages in the development, manufacture, and marketing of injectable-focused generic liquid parenteral products. The company's primary molecules include heparin sodium, enoxaparin sodium, rocuronium bromide, and daptomycin injections, as well as others. It offers its products under various therapeutic categories, such as anti-infectives, anesthetics, anti-coagulants and their antidotes, anti-malarial, cardiology, gastro-intestinal, hormones and related drugs, fertility supplements, Gnrh agonists and antagonists, anti-neoplastic, gynecological, neuro/Cns, respiratory, blood related, ophthalmological and otological, pain/analgesics, orthopedics, hematinic, vitamins/minerals/nutrients, and others. The company also provides contract development services. It sells its products primarily under a business to business in the United States, Europe, Canada, Australia, India, and the rest of the world. The company was founded in 1978 and is based in Hyderabad, India. As of October 3, 2017, Gland Pharma Limited operates as a subsidiary of Fosun Pharma Industrial Pte. Ltd.", "fullTimeEmployees": 3890, "companyOfficers": [], "maxAge": 86400}, "netSharePurchaseActivity": {"maxAge": 1, "period": "6m", "buyInfoCount": 0, "buyInfoShares": 0, "sellInfoCount": 0, "netInfoCount": 0, "netInfoShares": 0, "netPercentInsiderShares": 0.0, "totalInsiderShares": 108436016}, "quoteType": {"exchange": "NSI", "quoteType": "EQUITY", "symbol": "GLAND.NS", "underlyingSymbol": "GLAND.NS", "shortName": "Gland Pharma Limited", "longName": "Gland Pharma Limited", "firstTradeDateEpochUtc": "2020-11-20 09:15:00", "timeZoneFullName": "Asia/Kolkata", "timeZoneShortName": "IST", "uuid": "eb7a030e-82d9-3622-9935-73507cc554a4", "gmtOffSetMilliseconds": 19800000, "maxAge": 1}, "incomeStatementHistory": {"incomeStatementHistory": [{"maxAge": 1, "endDate": "2020-03-31", "totalRevenue": 26332400000, "costOfRevenue": 12154780000, "grossProfit": 14177620000, "researchDevelopment": {}, "sellingGeneralAdministrative": 2784220000, "nonRecurring": {}, "otherOperatingExpenses": 1822570000, "totalOperatingExpenses": 17723600000, "operatingIncome": 8608800000, "totalOtherIncomeExpenseNet": 1319860000, "ebit": 8608800000, "interestExpense": -62510000, "incomeBeforeTax": 9928660000, "incomeTaxExpense": 2200080000, "minorityInterest": {}, "netIncomeFromContinuingOps": 7728580000, "discontinuedOperations": {}, "extraordinaryItems": {}, "effectOfAccountingCharges": {}, "otherItems": {}, "netIncome": 7728580000, "netIncomeApplicableToCommonShares": 7728580000}, {"maxAge": 1, "endDate": "2019-03-31", "totalRevenue": 20442030000, "costOfRevenue": 9640270000, "grossProfit": 10801760000, "researchDevelopment": {}, "sellingGeneralAdministrative": 2237560000, "nonRecurring": {}, "otherOperatingExpenses": 1404450000, "totalOperatingExpenses": 14198200000, "operatingIncome": 6243830000, "totalOtherIncomeExpenseNet": 618950000, "ebit": 6243830000, "interestExpense": -26170000, "incomeBeforeTax": 6862780000, "incomeTaxExpense": 2344220000, "minorityInterest": {}, "netIncomeFromContinuingOps": 4518560000, "discontinuedOperations": {}, "extraordinaryItems": {}, "effectOfAccountingCharges": {}, "otherItems": {}, "netIncome": 4518560000, "netIncomeApplicableToCommonShares": 4518560000}, {"maxAge": 1, "endDate": "2018-03-31", "totalRevenue": 16199410000, "costOfRevenue": 7462490000, "grossProfit": 8736920000, "researchDevelopment": {}, "sellingGeneralAdministrative": 1813830000, "nonRecurring": {}, "otherOperatingExpenses": 1557410000, "totalOperatingExpenses": 11630230000, "operatingIncome": 4569180000, "totalOtherIncomeExpenseNet": 445470000, "ebit": 4569180000, "interestExpense": -32480000, "incomeBeforeTax": 5014650000, "incomeTaxExpense": 1804140000, "minorityInterest": {}, "netIncomeFromContinuingOps": 3210510000, "discontinuedOperations": {}, "extraordinaryItems": {}, "effectOfAccountingCharges": {}, "otherItems": {}, "netIncome": 3210510000, "netIncomeApplicableToCommonShares": 3210510000}, {"maxAge": 1, "endDate": "2017-03-31", "totalRevenue": 14791760000, "costOfRevenue": 5824750000, "grossProfit": 8967010000, "researchDevelopment": {}, "sellingGeneralAdministrative": 1596900000, "nonRecurring": {}, "otherOperatingExpenses": 1038980000, "totalOperatingExpenses": 9213040000, "operatingIncome": 5578720000, "totalOtherIncomeExpenseNet": 201390000, "ebit": 5578720000, "interestExpense": -50300000, "incomeBeforeTax": 5780110000, "incomeTaxExpense": 1642850000, "minorityInterest": {}, "netIncomeFromContinuingOps": 4137260000, "discontinuedOperations": {}, "extraordinaryItems": {}, "effectOfAccountingCharges": {}, "otherItems": {}, "netIncome": 4137260000, "netIncomeApplicableToCommonShares": 4137260000}], "maxAge": 86400}, "fundOwnership": {"ownershipList": [], "maxAge": 1}, "summaryDetail": {"maxAge": 1, "priceHint": 2, "previousClose": 2651.05, "open": 2651.0, "dayLow": 2629.0, "dayHigh": 2818.3, "regularMarketPreviousClose": 2651.05, "regularMarketOpen": 2651.0, "regularMarketDayLow": 2629.0, "regularMarketDayHigh": 2818.3, "payoutRatio": 0.0, "trailingPE": 46.59915, "volume": 511885, "regularMarketVolume": 511885, "averageVolume": 236232, "averageVolume10days": 148401, "averageDailyVolume10Day": 148401, "bid": 0.0, "ask": 0.0, "marketCap": 455042105344, "fiftyTwoWeekLow": 1700.0, "fiftyTwoWeekHigh": 2818.3, "priceToSalesTrailing12Months": 14.17415, "fiftyDayAverage": 2454.5, "twoHundredDayAverage": 2321.6785, "currency": "INR", "fromCurrency": null, "lastMarket": null, "algorithm": null, "tradeable": false}, "incomeStatementHistoryQuarterly": {"incomeStatementHistory": [{"maxAge": 1, "endDate": "2020-12-31", "totalRevenue": 8594190000, "costOfRevenue": 4262080000, "grossProfit": 4332110000, "researchDevelopment": {}, "sellingGeneralAdministrative": 821670000, "nonRecurring": {}, "otherOperatingExpenses": 868120000, "totalOperatingExpenses": 6201520000, "operatingIncome": 2392670000, "totalOtherIncomeExpenseNet": 339710000, "ebit": 2392670000, "interestExpense": -11590000, "incomeBeforeTax": 2732380000, "incomeTaxExpense": 691310000, "minorityInterest": {}, "netIncomeFromContinuingOps": 2041070000, "discontinuedOperations": {}, "extraordinaryItems": {}, "effectOfAccountingCharges": {}, "otherItems": {}, "netIncome": 2041070000, "netIncomeApplicableToCommonShares": 2041070000}, {"maxAge": 1, "endDate": "2020-06-30", "totalRevenue": 8842090000, "costOfRevenue": 3466000000, "grossProfit": 5376090000, "researchDevelopment": {}, "sellingGeneralAdministrative": 725400000, "nonRecurring": {}, "otherOperatingExpenses": 523000000, "totalOperatingExpenses": 4958180000, "operatingIncome": 3883910000, "totalOtherIncomeExpenseNet": 316090000, "ebit": 3883910000, "interestExpense": -3350000, "incomeBeforeTax": 4200000000, "incomeTaxExpense": 1064100000, "minorityInterest": {}, "netIncomeFromContinuingOps": 3135900000, "discontinuedOperations": {}, "extraordinaryItems": {}, "effectOfAccountingCharges": {}, "otherItems": {}, "netIncome": 3135900000, "netIncomeApplicableToCommonShares": 3135900000}, {"maxAge": 1, "endDate": "2019-12-31", "totalRevenue": 6459350000, "costOfRevenue": 2973480000, "grossProfit": 3485870000, "researchDevelopment": {}, "sellingGeneralAdministrative": 672120000, "nonRecurring": {}, "otherOperatingExpenses": 696040000, "totalOperatingExpenses": 4583950000, "operatingIncome": 1875400000, "totalOtherIncomeExpenseNet": 196100000, "ebit": 1875400000, "interestExpense": -56780000, "incomeBeforeTax": 2071500000, "incomeTaxExpense": 530510000, "minorityInterest": {}, "netIncomeFromContinuingOps": 1540990000, "discontinuedOperations": {}, "extraordinaryItems": {}, "effectOfAccountingCharges": {}, "otherItems": {}, "netIncome": 1540990000, "netIncomeApplicableToCommonShares": 1540990000}, {"maxAge": 1, "endDate": "2019-06-30", "totalRevenue": 6744620000, "costOfRevenue": 2991630000, "grossProfit": 3752990000, "researchDevelopment": {}, "sellingGeneralAdministrative": 688910000, "nonRecurring": {}, "otherOperatingExpenses": 432460000, "totalOperatingExpenses": 4336460000, "operatingIncome": 2408160000, "totalOtherIncomeExpenseNet": 335100000, "ebit": 2408160000, "interestExpense": -1120000, "incomeBeforeTax": 2743260000, "incomeTaxExpense": 905520000, "minorityInterest": {}, "netIncomeFromContinuingOps": 1837740000, "discontinuedOperations": {}, "extraordinaryItems": {}, "effectOfAccountingCharges": {}, "otherItems": {}, "netIncome": 1837740000, "netIncomeApplicableToCommonShares": 1837740000}], "maxAge": 86400}, "cashflowStatementHistoryQuarterly": {"cashflowStatements": [{"maxAge": 1, "endDate": "2020-12-31", "netIncome": 2041070000, "changeToLiabilities": 0}, {"maxAge": 1, "endDate": "2020-06-30", "netIncome": 3135900000, "depreciation": 242300000, "changeToNetincome": 592830000, "changeToAccountReceivables": -719740000, "changeToLiabilities": 2310140000, "changeToInventory": -2526570000, "changeToOperatingActivities": -103610000, "totalCashFromOperatingActivities": 2931250000, "capitalExpenditures": -554530000, "investments": -420980000, "otherCashflowsFromInvestingActivities": 170300000, "totalCashflowsFromInvestingActivities": -805210000, "netBorrowings": -240000, "otherCashflowsFromFinancingActivities": -3350000, "totalCashFromFinancingActivities": -3590000, "effectOfExchangeRate": 400000, "changeInCash": 2122850000}, {"maxAge": 1, "endDate": "2019-12-31", "netIncome": 1540990000, "depreciation": 242300000, "changeToNetincome": 592830000, "changeToAccountReceivables": -719740000, "changeToLiabilities": 0, "changeToInventory": -2526570000, "changeToOperatingActivities": -103610000, "totalCashFromOperatingActivities": 2931250000, "capitalExpenditures": -554530000, "investments": -420980000, "otherCashflowsFromInvestingActivities": 170300000, "totalCashflowsFromInvestingActivities": -805210000, "netBorrowings": -240000, "otherCashflowsFromFinancingActivities": -3350000, "totalCashFromFinancingActivities": -3590000, "effectOfExchangeRate": 400000, "changeInCash": 2122850000}, {"maxAge": 1, "endDate": "2019-06-30", "netIncome": 1837740000, "depreciation": 223460000, "changeToNetincome": 300200000, "changeToAccountReceivables": -1500190000, "changeToLiabilities": -729010000, "changeToInventory": 7800000, "changeToOperatingActivities": 743000000, "totalCashFromOperatingActivities": 883000000, "capitalExpenditures": -468610000, "investments": 3133910000, "otherCashflowsFromInvestingActivities": 124520000, "totalCashflowsFromInvestingActivities": 3026500000, "netBorrowings": -220000, "otherCashflowsFromFinancingActivities": -1120000, "totalCashFromFinancingActivities": -1340000, "effectOfExchangeRate": -24330000, "changeInCash": 3883830000}], "maxAge": 86400}, "insiderHolders": {"holders": [], "maxAge": 1}, "calendarEvents": {"maxAge": 1, "earnings": {"earningsDate": []}}, "upgradeDowngradeHistory": {"history": [], "maxAge": 86400}, "price": {"maxAge": 1, "regularMarketChangePercent": 0.049225777, "regularMarketChange": 130.5, "regularMarketTime": "2021-04-30 15:30:00", "priceHint": 2, "regularMarketPrice": 2781.55, "regularMarketDayHigh": 2818.3, "regularMarketDayLow": 2629.0, "regularMarketVolume": 511885, "averageDailyVolume10Day": 148401, "averageDailyVolume3Month": 236232, "regularMarketPreviousClose": 2651.05, "regularMarketSource": "FREE_REALTIME", "regularMarketOpen": 2651.0, "strikePrice": {}, "openInterest": {}, "exchange": "NSI", "exchangeName": "NSE", "exchangeDataDelayedBy": 15, "marketState": "CLOSED", "quoteType": "EQUITY", "symbol": "GLAND.NS", "underlyingSymbol": null, "shortName": "Gland Pharma Limited", "longName": "Gland Pharma Limited", "currency": "INR", "quoteSourceName": "Delayed Quote", "currencySymbol": "\u20b9", "fromCurrency": null, "lastMarket": null, "volume24Hr": {}, "volumeAllCurrencies": {}, "circulatingSupply": {}, "marketCap": 455042105344}, "balanceSheetHistory": {"balanceSheetStatements": [{"maxAge": 1, "endDate": "2020-03-31", "cash": 1694970000, "shortTermInvestments": 11427280000, "netReceivables": 6739260000, "inventory": 7713530000, "otherCurrentAssets": 796640000, "totalCurrentAssets": 28462900000, "longTermInvestments": 69150000, "propertyPlantEquipment": 11565660000, "otherAssets": 762680000, "totalAssets": 40860390000, "accountsPayable": 2490940000, "shortLongTermDebt": 8910000, "otherCurrentLiab": 643160000, "longTermDebt": 40690000, "otherLiab": 757870000, "totalCurrentLiabilities": 3590230000, "totalLiab": 4398040000, "commonStock": 154950000, "retainedEarnings": 30288400000, "treasuryStock": 129060000, "capitalSurplus": 5889940000, "otherStockholderEquity": 129060000, "totalStockholderEquity": 36462350000, "netTangibleAssets": 36462350000}, {"maxAge": 1, "endDate": "2019-03-31", "cash": 2364020000, "shortTermInvestments": 4843450000, "netReceivables": 5520480000, "inventory": 9227120000, "otherCurrentAssets": 1534320000, "totalCurrentAssets": 23574560000, "longTermInvestments": 64260000, "propertyPlantEquipment": 10528710000, "otherAssets": 1067960000, "totalAssets": 35235490000, "accountsPayable": 4461980000, "shortLongTermDebt": 5300000, "otherCurrentLiab": 612830000, "longTermDebt": 49600000, "otherLiab": 1227700000, "totalCurrentLiabilities": 5327690000, "totalLiab": 6615500000, "commonStock": 154950000, "retainedEarnings": 22558680000, "treasuryStock": 16420000, "capitalSurplus": 5889940000, "otherStockholderEquity": 16420000, "totalStockholderEquity": 28619990000, "netTangibleAssets": 28619990000}, {"maxAge": 1, "endDate": "2018-03-31", "cash": 3728410000, "shortTermInvestments": 2782990000, "netReceivables": 5307930000, "inventory": 5199940000, "otherCurrentAssets": 198610000, "totalCurrentAssets": 17321630000, "longTermInvestments": 60880000, "propertyPlantEquipment": 10426500000, "otherAssets": 1485670000, "totalAssets": 29294680000, "accountsPayable": 2918110000, "shortLongTermDebt": 4260000, "otherCurrentLiab": 808920000, "longTermDebt": 54890000, "otherLiab": 1332900000, "totalCurrentLiabilities": 3791890000, "totalLiab": 5191090000, "commonStock": 154950000, "retainedEarnings": 18040120000, "treasuryStock": 18580000, "capitalSurplus": 5889940000, "otherStockholderEquity": 18580000, "totalStockholderEquity": 24103590000, "netTangibleAssets": 24103590000}, {"maxAge": 1, "endDate": "2017-03-31", "cash": 5330770000, "netReceivables": 4609980000, "inventory": 3787190000, "otherCurrentAssets": 298000000, "totalCurrentAssets": 14081500000, "propertyPlantEquipment": 10327310000, "otherAssets": 328640000, "totalAssets": 24737450000, "accountsPayable": 1892890000, "shortLongTermDebt": 4600000, "otherCurrentLiab": 532450000, "longTermDebt": 59160000, "otherLiab": 1246340000, "totalCurrentLiabilities": 2533840000, "totalLiab": 3839340000, "commonStock": 154950000, "retainedEarnings": 15579260000, "treasuryStock": 14180000, "capitalSurplus": 5149720000, "otherStockholderEquity": 14180000, "totalStockholderEquity": 20898110000, "netTangibleAssets": 20898110000}], "maxAge": 86400}, "financialData": {"maxAge": 86400, "currentPrice": 2781.55, "recommendationKey": "none", "ebitda": 12202054656, "totalRevenue": 32103659520, "revenuePerShare": 205.814, "grossProfits": 14177620000, "earningsGrowth": 0.288, "revenueGrowth": 0.331, "grossMargins": 0.54388, "ebitdaMargins": 0.38007998, "operatingMargins": 0.34777, "profitMargins": 0.29011, "financialCurrency": "INR"}}}