{"GLAXO.BO": {"recommendationTrend": {"trend": [{"period": "0m", "strongBuy": 0, "buy": 0, "hold": 0, "sell": 0, "strongSell": 0}, {"period": "-1m", "strongBuy": 0, "buy": 0, "hold": 0, "sell": 0, "strongSell": 0}, {"period": "-2m", "strongBuy": 0, "buy": 0, "hold": 0, "sell": 0, "strongSell": 0}, {"period": "-3m", "strongBuy": 0, "buy": 0, "hold": 0, "sell": 0, "strongSell": 0}], "maxAge": 86400}, "cashflowStatementHistory": {"cashflowStatements": [{"maxAge": 1, "endDate": "2020-03-31", "netIncome": 932046000, "depreciation": 728978000, "changeToNetincome": 2705492000, "changeToAccountReceivables": -497000, "changeToLiabilities": -482297000, "changeToInventory": -677167000, "changeToOperatingActivities": 1600643000, "totalCashFromOperatingActivities": 4904997000, "capitalExpenditures": -1558981000, "investments": 920000000, "otherCashflowsFromInvestingActivities": 35552000, "totalCashflowsFromInvestingActivities": -568433000, "dividendsPaid": -3388121000, "netBorrowings": -150520000, "otherCashflowsFromFinancingActivities": -737574000, "totalCashFromFinancingActivities": -4276215000, "changeInCash": 60349000}, {"maxAge": 1, "endDate": "2019-03-31", "netIncome": 4453930000, "depreciation": 388375000, "changeToNetincome": -803046000, "changeToAccountReceivables": 268919000, "changeToLiabilities": -1000405000, "changeToInventory": 136898000, "changeToOperatingActivities": 552662000, "totalCashFromOperatingActivities": 4094865000, "capitalExpenditures": -2912814000, "investments": 200000000, "otherCashflowsFromInvestingActivities": 697837000, "totalCashflowsFromInvestingActivities": -1534525000, "dividendsPaid": -2964606000, "netBorrowings": -4060000, "otherCashflowsFromFinancingActivities": -614926000, "totalCashFromFinancingActivities": -3583592000, "changeInCash": -1023252000}, {"maxAge": 1, "endDate": "2018-03-31", "netIncome": 3507258000, "depreciation": 340936000, "changeToNetincome": -804730000, "changeToAccountReceivables": 231603000, "changeToLiabilities": 2269279000, "changeToInventory": -743859000, "changeToOperatingActivities": -111443000, "totalCashFromOperatingActivities": 4727966000, "capitalExpenditures": -4033841000, "investments": -3325000000, "otherCashflowsFromInvestingActivities": 792210000, "totalCashflowsFromInvestingActivities": -1041908000, "dividendsPaid": -2541091000, "netBorrowings": -6060000, "otherCashflowsFromFinancingActivities": -519197000, "totalCashFromFinancingActivities": -3066348000, "changeInCash": 619710000}, {"maxAge": 1, "endDate": "2017-03-31", "netIncome": 3368120000, "depreciation": 263469000, "changeToNetincome": -1020933000, "changeToAccountReceivables": -442317000, "changeToLiabilities": -467806000, "changeToInventory": 1000692000, "changeToOperatingActivities": -357518000, "totalCashFromOperatingActivities": 2343707000, "capitalExpenditures": -3044291000, "investments": 4715000000, "otherCashflowsFromInvestingActivities": 1273127000, "totalCashflowsFromInvestingActivities": 3006361000, "dividendsPaid": -4235150000, "netBorrowings": -7780000, "otherCashflowsFromFinancingActivities": -864692000, "totalCashFromFinancingActivities": -5107622000, "changeInCash": 242446000}], "maxAge": 86400}, "institutionOwnership": {"ownershipList": [], "maxAge": 1}, "balanceSheetHistoryQuarterly": {"balanceSheetStatements": [{"maxAge": 1, "endDate": "2020-06-30", "totalStockholderEquity": 18206049000, "netTangibleAssets": 17709798000}, {"maxAge": 1, "endDate": "2020-03-31", "cash": 1048115000, "shortTermInvestments": 9570145000, "netReceivables": 1303314000, "inventory": 4830322000, "otherCurrentAssets": 879030000, "totalCurrentAssets": 17748814000, "propertyPlantEquipment": 8270867000, "intangibleAssets": 496251000, "otherAssets": 4839478000, "deferredLongTermAssetCharges": 1104864000, "totalAssets": 31355410000, "accountsPayable": 3575851000, "shortLongTermDebt": 1530000, "otherCurrentLiab": 4983990000, "longTermDebt": 240000, "otherLiab": 2638177000, "totalCurrentLiabilities": 10242572000, "totalLiab": 13149361000, "commonStock": 1694060000, "retainedEarnings": 16540210000, "treasuryStock": -28221000, "otherStockholderEquity": -28221000, "totalStockholderEquity": 18206049000, "netTangibleAssets": 17709798000}, {"maxAge": 1, "endDate": "2019-12-31", "totalStockholderEquity": 23456500000, "netTangibleAssets": 22713600000}, {"maxAge": 1, "endDate": "2019-09-30", "cash": 9203300000, "shortTermInvestments": 486300000, "netReceivables": 1065000000, "inventory": 4578900000, "otherCurrentAssets": 796900000, "totalCurrentAssets": 16130400000, "longTermInvestments": 600000, "propertyPlantEquipment": 14163400000, "intangibleAssets": 742900000, "otherAssets": 4158100000, "deferredLongTermAssetCharges": 363100000, "totalAssets": 35195400000, "accountsPayable": 3332600000, "otherCurrentLiab": 4819200000, "longTermDebt": 1800000, "otherLiab": 3156100000, "totalCurrentLiabilities": 8151800000, "totalLiab": 11738900000, "commonStock": 1694100000, "treasuryStock": 21762400000, "otherStockholderEquity": 21762400000, "totalStockholderEquity": 23456500000, "netTangibleAssets": 22713600000}], "maxAge": 86400}, "earningsHistory": {"history": [{"maxAge": 1, "epsActual": 5.3, "epsEstimate": 6.74, "epsDifference": -1.44, "surprisePercent": -0.214, "quarter": "2017-12-31", "period": "-4q"}, {"maxAge": 1, "epsActual": 6.23, "epsEstimate": 6.69, "epsDifference": -0.46, "surprisePercent": -0.069, "quarter": "2018-03-31", "period": "-3q"}, {"maxAge": 1, "epsActual": 5.72, "epsEstimate": 5.92, "epsDifference": -0.2, "surprisePercent": -0.034, "quarter": "2018-06-30", "period": "-2q"}, {"maxAge": 1, "epsActual": 6.65, "epsEstimate": 8.41, "epsDifference": -1.76, "surprisePercent": -0.20899999, "quarter": "2018-09-30", "period": "-1q"}], "maxAge": 86400}, "indexTrend": {"maxAge": 1, "symbol": "SP5", "peRatio": 19.7411, "pegRatio": 1.34172, "estimates": [{"period": "0q", "growth": 0.549}, {"period": "+1q", "growth": 0.431}, {"period": "0y", "growth": 0.305}, {"period": "+1y", "growth": 0.109}, {"period": "+5y", "growth": 0.120865}, {"period": "-5y"}]}, "industryTrend": {"maxAge": 1, "symbol": null, "estimates": []}, "quoteType": {"exchange": "BSE", "quoteType": "EQUITY", "symbol": "GLAXO.BO", "underlyingSymbol": "GLAXO.BO", "shortName": "GLAXOSMITHKLINE PHARMACEUTICAL", "longName": "GlaxoSmithkline Pharmaceuticals Limited", "firstTradeDateEpochUtc": "2000-01-03 09:15:00", "timeZoneFullName": "Asia/Kolkata", "timeZoneShortName": "IST", "uuid": "06d5abc5-8eeb-3f48-b0ed-3eccf21cb8dd", "gmtOffSetMilliseconds": 19800000, "maxAge": 1}, "incomeStatementHistory": {"incomeStatementHistory": [{"maxAge": 1, "endDate": "2020-03-31", "totalRevenue": 32243807000, "costOfRevenue": 13250030000, "grossProfit": 18993777000, "researchDevelopment": {}, "sellingGeneralAdministrative": 7437964000, "nonRecurring": {}, "otherOperatingExpenses": 4854913000, "totalOperatingExpenses": 26369684000, "operatingIncome": 5874123000, "totalOtherIncomeExpenseNet": -2816592000, "ebit": 5874123000, "interestExpense": -63355000, "incomeBeforeTax": 3057531000, "incomeTaxExpense": 2125485000, "minorityInterest": {}, "netIncomeFromContinuingOps": 932046000, "discontinuedOperations": {}, "extraordinaryItems": {}, "effectOfAccountingCharges": {}, "otherItems": {}, "netIncome": 932046000, "netIncomeApplicableToCommonShares": 932046000}, {"maxAge": 1, "endDate": "2019-03-31", "totalRevenue": 31281188000, "costOfRevenue": 13788450000, "grossProfit": 17492738000, "researchDevelopment": {}, "sellingGeneralAdministrative": 6919820000, "nonRecurring": {}, "otherOperatingExpenses": 4516405000, "totalOperatingExpenses": 25710582000, "operatingIncome": 5570606000, "totalOtherIncomeExpenseNet": 1256087000, "ebit": 5570606000, "interestExpense": -5543000, "incomeBeforeTax": 6826693000, "incomeTaxExpense": 2372763000, "minorityInterest": {}, "netIncomeFromContinuingOps": 4453930000, "discontinuedOperations": {}, "extraordinaryItems": {}, "effectOfAccountingCharges": {}, "otherItems": {}, "netIncome": 4453930000, "netIncomeApplicableToCommonShares": 4453930000}, {"maxAge": 1, "endDate": "2018-03-31", "totalRevenue": 28714530000, "costOfRevenue": 12592118000, "grossProfit": 16122412000, "researchDevelopment": {}, "sellingGeneralAdministrative": 6402308000, "nonRecurring": {}, "otherOperatingExpenses": 4568115000, "totalOperatingExpenses": 23942399000, "operatingIncome": 4772131000, "totalOtherIncomeExpenseNet": 627521000, "ebit": 4772131000, "interestExpense": -1891000, "incomeBeforeTax": 5399652000, "incomeTaxExpense": 1892394000, "minorityInterest": {}, "netIncomeFromContinuingOps": 3507258000, "discontinuedOperations": {}, "extraordinaryItems": {}, "effectOfAccountingCharges": {}, "otherItems": {}, "netIncome": 3507258000, "netIncomeApplicableToCommonShares": 3507258000}, {"maxAge": 1, "endDate": "2017-03-31", "totalRevenue": 29084688000, "costOfRevenue": 14157873000, "grossProfit": 14926815000, "researchDevelopment": {}, "sellingGeneralAdministrative": 6029184000, "nonRecurring": {}, "otherOperatingExpenses": 4700619000, "totalOperatingExpenses": 25151145000, "operatingIncome": 3933543000, "totalOtherIncomeExpenseNet": 1178316000, "ebit": 3933543000, "interestExpense": -2500000, "incomeBeforeTax": 5111859000, "incomeTaxExpense": 1743739000, "minorityInterest": {}, "netIncomeFromContinuingOps": 3368120000, "discontinuedOperations": {}, "extraordinaryItems": {}, "effectOfAccountingCharges": {}, "otherItems": {}, "netIncome": 3368120000, "netIncomeApplicableToCommonShares": 3368120000}], "maxAge": 86400}, "fundOwnership": {"ownershipList": [{"maxAge": 1, "reportDate": "2020-07-31", "organization": "DFA Emerging Markets Core Equity Portfolio", "pctHeld": 0.00029999999, "position": 48509, "value": 69743814}, {"maxAge": 1, "reportDate": "2020-07-31", "organization": "DFA Emerging Markets Series", "pctHeld": 0.0002, "position": 34920, "value": 50206230}, {"maxAge": 1, "reportDate": "2020-07-31", "organization": "Parametric Emerging Markets Fund", "pctHeld": 0.0001, "position": 17360, "value": 24959340}, {"maxAge": 1, "reportDate": "2020-06-30", "organization": "Parametric Tax-Managed Emerging Markets Fund", "pctHeld": 0.0001, "position": 16000, "value": 23700000}, {"maxAge": 1, "reportDate": "2020-08-31", "organization": "WisdomTree Tr-WisdomTree India Earnings Fd", "pctHeld": 0.0001, "position": 13089, "value": 20488211}, {"maxAge": 1, "reportDate": "2020-07-31", "organization": "DFA Emerging Markets Small Cap Series", "pctHeld": 0.0001, "position": 12699, "value": 18257987}], "maxAge": 1}, "summaryDetail": {"maxAge": 1, "priceHint": 2, "previousClose": 1460.55, "open": 1451.1, "dayLow": 1427.95, "dayHigh": 1462.5, "regularMarketPreviousClose": 1460.55, "regularMarketOpen": 1451.1, "regularMarketDayLow": 1427.95, "regularMarketDayHigh": 1462.5, "trailingPE": 272.12653, "forwardPE": 22.706966, "volume": 2400, "regularMarketVolume": 2400, "averageVolume": 3343, "averageVolume10days": 2321, "averageDailyVolume10Day": 2321, "bid": 1451.2, "ask": 1461.0, "bidSize": 0, "askSize": 0, "marketCap": 246265495552, "fiftyTwoWeekLow": 1046.4, "fiftyTwoWeekHigh": 1805.0, "fiftyDayAverage": 1550.3287, "twoHundredDayAverage": 1536.6213, "trailingAnnualDividendRate": 20.0, "trailingAnnualDividendYield": 0.013693471, "currency": "INR", "fromCurrency": null, "lastMarket": null, "algorithm": null, "tradeable": false}, "sectorTrend": {"maxAge": 1, "symbol": null, "estimates": []}, "incomeStatementHistoryQuarterly": {"incomeStatementHistory": [{"maxAge": 1, "endDate": "2020-06-30", "totalRevenue": 6485900000, "costOfRevenue": 2573300000, "grossProfit": 3912600000, "researchDevelopment": {}, "sellingGeneralAdministrative": 1519200000, "nonRecurring": {}, "otherOperatingExpenses": 1252700000, "totalOperatingExpenses": 5562900000, "operatingIncome": 923000000, "totalOtherIncomeExpenseNet": 568400000, "ebit": 923000000, "interestExpense": -10800000, "incomeBeforeTax": 1491400000, "incomeTaxExpense": 383100000, "minorityInterest": {}, "netIncomeFromContinuingOps": 1108300000, "discontinuedOperations": {}, "extraordinaryItems": {}, "effectOfAccountingCharges": {}, "otherItems": {}, "netIncome": 1108300000, "netIncomeApplicableToCommonShares": 1108300000}, {"maxAge": 1, "endDate": "2020-03-31", "totalRevenue": 7758007000, "costOfRevenue": 2965930000, "grossProfit": 4792077000, "researchDevelopment": {}, "sellingGeneralAdministrative": 2868264000, "nonRecurring": {}, "otherOperatingExpenses": 59813000, "totalOperatingExpenses": 6119884000, "operatingIncome": 1638123000, "totalOtherIncomeExpenseNet": 127408000, "ebit": 1638123000, "interestExpense": -15055000, "incomeBeforeTax": 1765531000, "incomeTaxExpense": 384785000, "minorityInterest": {}, "netIncomeFromContinuingOps": 1380746000, "discontinuedOperations": {}, "extraordinaryItems": {}, "effectOfAccountingCharges": {}, "otherItems": {}, "netIncome": 1380746000, "netIncomeApplicableToCommonShares": 1380746000}, {"maxAge": 1, "endDate": "2019-12-31", "totalRevenue": 7785900000, "costOfRevenue": 3277500000, "grossProfit": 4508400000, "researchDevelopment": {}, "sellingGeneralAdministrative": 1666900000, "nonRecurring": {}, "otherOperatingExpenses": 1597600000, "totalOperatingExpenses": 6725300000, "operatingIncome": 1060600000, "totalOtherIncomeExpenseNet": -7403800000, "ebit": 1060600000, "interestExpense": -29800000, "incomeBeforeTax": -6343200000, "incomeTaxExpense": 268400000, "minorityInterest": {}, "netIncomeFromContinuingOps": -6611600000, "discontinuedOperations": {}, "extraordinaryItems": {}, "effectOfAccountingCharges": {}, "otherItems": {}, "netIncome": -6611600000, "netIncomeApplicableToCommonShares": -6611600000}, {"maxAge": 1, "endDate": "2019-09-30", "totalRevenue": 8820200000, "costOfRevenue": 3698700000, "grossProfit": 5121500000, "researchDevelopment": {}, "sellingGeneralAdministrative": 1474700000, "nonRecurring": {}, "otherOperatingExpenses": 1706700000, "totalOperatingExpenses": 7107100000, "operatingIncome": 1713100000, "totalOtherIncomeExpenseNet": 4161000000, "ebit": 1713100000, "interestExpense": -9200000, "incomeBeforeTax": 5874100000, "incomeTaxExpense": 846600000, "minorityInterest": {}, "netIncomeFromContinuingOps": 5027500000, "discontinuedOperations": {}, "extraordinaryItems": {}, "effectOfAccountingCharges": {}, "otherItems": {}, "netIncome": 5027500000, "netIncomeApplicableToCommonShares": 5027500000}], "maxAge": 86400}, "cashflowStatementHistoryQuarterly": {"cashflowStatements": [{"maxAge": 1, "endDate": "2020-06-30", "netIncome": 1108300000, "changeToLiabilities": 0}, {"maxAge": 1, "endDate": "2020-03-31", "netIncome": 1380746000, "changeToLiabilities": 0}, {"maxAge": 1, "endDate": "2019-12-31", "netIncome": -6611600000, "changeToLiabilities": 0}, {"maxAge": 1, "endDate": "2019-09-30", "netIncome": 5027500000, "changeToLiabilities": 0}], "maxAge": 86400}, "insiderHolders": {"holders": [], "maxAge": 1}, "earnings": {"maxAge": 86400, "earningsChart": {"quarterly": [{"date": "4Q2017", "actual": 5.3, "estimate": 6.74}, {"date": "1Q2018", "actual": 6.23, "estimate": 6.69}, {"date": "2Q2018", "actual": 5.72, "estimate": 5.92}, {"date": "3Q2018", "actual": 6.65, "estimate": 8.41}], "currentQuarterEstimateDate": "4Q", "currentQuarterEstimateYear": 2018, "earningsDate": ["2020-07-29 05:30:S"]}, "financialsChart": {"yearly": [{"date": 2017, "revenue": 29084688000, "earnings": 3368120000}, {"date": 2018, "revenue": 28714530000, "earnings": 3507258000}, {"date": 2019, "revenue": 31281188000, "earnings": 4453930000}, {"date": 2020, "revenue": 32243807000, "earnings": 932046000}], "quarterly": [{"date": "3Q2019", "revenue": 8820200000, "earnings": 5027500000}, {"date": "4Q2019", "revenue": 7785900000, "earnings": -6611600000}, {"date": "1Q2020", "revenue": 7758007000, "earnings": 1380746000}, {"date": "2Q2020", "revenue": 6485900000, "earnings": 1108300000}]}, "financialCurrency": "INR"}, "calendarEvents": {"maxAge": 1, "earnings": {"earningsDate": ["2020-07-29 05:30:S"], "revenueAverage": 7743000000, "revenueLow": 7743000000, "revenueHigh": 7743000000}}, "upgradeDowngradeHistory": {"history": [], "maxAge": 86400}, "price": {"maxAge": 1, "regularMarketChangePercent": -0.004690081, "regularMarketChange": -6.8500977, "regularMarketTime": "2021-04-30 15:29:42", "priceHint": 2, "regularMarketPrice": 1453.7, "regularMarketDayHigh": 1462.5, "regularMarketDayLow": 1427.95, "regularMarketVolume": 2400, "averageDailyVolume10Day": 2321, "averageDailyVolume3Month": 3343, "regularMarketPreviousClose": 1460.55, "regularMarketSource": "FREE_REALTIME", "regularMarketOpen": 1451.1, "exchange": "BSE", "exchangeName": "BSE", "exchangeDataDelayedBy": 0, "marketState": "CLOSED", "quoteType": "EQUITY", "symbol": "GLAXO.BO", "underlyingSymbol": null, "shortName": "GLAXOSMITHKLINE PHARMACEUTICAL", "longName": "GlaxoSmithkline Pharmaceuticals Limited", "currency": "INR", "quoteSourceName": "Delayed Quote", "currencySymbol": "\u20b9", "fromCurrency": null, "lastMarket": null, "marketCap": 246265495552}, "balanceSheetHistory": {"balanceSheetStatements": [{"maxAge": 1, "endDate": "2020-03-31", "cash": 1048115000, "shortTermInvestments": 9570145000, "netReceivables": 1303314000, "inventory": 4830322000, "otherCurrentAssets": 879030000, "totalCurrentAssets": 17748814000, "propertyPlantEquipment": 8270867000, "intangibleAssets": 496251000, "otherAssets": 4839478000, "deferredLongTermAssetCharges": 1104864000, "totalAssets": 31355410000, "accountsPayable": 3575851000, "shortLongTermDebt": 1530000, "otherCurrentLiab": 4983990000, "longTermDebt": 240000, "otherLiab": 2638177000, "totalCurrentLiabilities": 10242572000, "totalLiab": 13149361000, "commonStock": 1694060000, "retainedEarnings": 16540210000, "treasuryStock": -28221000, "otherStockholderEquity": -28221000, "totalStockholderEquity": 18206049000, "netTangibleAssets": 17709798000}, {"maxAge": 1, "endDate": "2019-03-31", "cash": 987766000, "shortTermInvestments": 10490145000, "netReceivables": 2100075000, "inventory": 4864935000, "otherCurrentAssets": 1540397000, "totalCurrentAssets": 20094620000, "longTermInvestments": 550000, "propertyPlantEquipment": 13670968000, "intangibleAssets": 655400000, "otherAssets": 4691571000, "deferredLongTermAssetCharges": 622215000, "totalAssets": 39113109000, "accountsPayable": 4058148000, "shortLongTermDebt": 4060000, "otherCurrentLiab": 9040370000, "longTermDebt": 1770000, "otherLiab": 3169852000, "totalCurrentLiabilities": 14543195000, "totalLiab": 17714817000, "commonStock": 1694060000, "retainedEarnings": 19692724000, "treasuryStock": 11508000, "otherStockholderEquity": 11508000, "totalStockholderEquity": 21398292000, "netTangibleAssets": 20742892000}, {"maxAge": 1, "endDate": "2018-03-31", "cash": 2011018000, "shortTermInvestments": 10690145000, "netReceivables": 2042242000, "inventory": 5001833000, "otherCurrentAssets": 2012237000, "totalCurrentAssets": 21864082000, "longTermInvestments": 550000, "propertyPlantEquipment": 11730238000, "intangibleAssets": 726818000, "otherAssets": 5153139000, "deferredLongTermAssetCharges": 1037242000, "totalAssets": 39474827000, "accountsPayable": 5058552000, "shortLongTermDebt": 4060000, "otherCurrentLiab": 9668592000, "longTermDebt": 5830000, "otherLiab": 2897071000, "totalCurrentLiabilities": 15998637000, "totalLiab": 18901538000, "commonStock": 847030000, "retainedEarnings": 19659813000, "treasuryStock": 66446000, "otherStockholderEquity": 66446000, "totalStockholderEquity": 20573289000, "netTangibleAssets": 19846471000}, {"maxAge": 1, "endDate": "2017-03-31", "cash": 1391308000, "shortTermInvestments": 7365145000, "netReceivables": 2577483000, "inventory": 4257974000, "otherCurrentAssets": 1037446000, "totalCurrentAssets": 16742459000, "longTermInvestments": 550000, "propertyPlantEquipment": 8259263000, "intangibleAssets": 322473000, "otherAssets": 4713608000, "deferredLongTermAssetCharges": 916264000, "totalAssets": 30038353000, "accountsPayable": 2789273000, "shortLongTermDebt": 6060000, "otherCurrentLiab": 3164954000, "longTermDebt": 9890000, "otherLiab": 2757580000, "totalCurrentLiabilities": 7202325000, "totalLiab": 9969795000, "commonStock": 847030000, "retainedEarnings": 19210952000, "treasuryStock": 10576000, "otherStockholderEquity": 10576000, "totalStockholderEquity": 20068558000, "netTangibleAssets": 19746085000}], "maxAge": 86400}, "earningsTrend": {"trend": [{"maxAge": 1, "period": "0q", "endDate": "2018-12-31", "growth": {}, "earningsEstimate": {"avg": 0.0, "low": 0.0, "high": 0.0, "yearAgoEps": 5.3, "numberOfAnalysts": 0, "growth": {}}, "revenueEstimate": {"avg": 7743000000, "low": 7743000000, "high": 7743000000, "numberOfAnalysts": 1, "yearAgoRevenue": 7039100000, "growth": 0.1}, "epsTrend": {"current": 0.0, "7daysAgo": 7.28, "30daysAgo": 7.28, "60daysAgo": 7.28, "90daysAgo": 7.28}, "epsRevisions": {"upLast7days": 0, "upLast30days": 0, "downLast30days": 0, "downLast90days": {}}}, {"maxAge": 1, "period": "+1q", "endDate": "2019-03-31", "growth": {}, "earningsEstimate": {"avg": 0.0, "low": 0.0, "high": 0.0, "yearAgoEps": 6.23, "numberOfAnalysts": 0, "growth": {}}, "revenueEstimate": {"avg": 8293000000, "low": 8293000000, "high": 8293000000, "numberOfAnalysts": 1, "yearAgoRevenue": 7486200000, "growth": 0.108}, "epsTrend": {"current": 0.0, "7daysAgo": 8.76, "30daysAgo": 8.76, "60daysAgo": 8.76, "90daysAgo": 8.76}, "epsRevisions": {"upLast7days": 0, "upLast30days": 0, "downLast30days": 0, "downLast90days": {}}}, {"maxAge": 1, "period": "0y", "endDate": "2019-03-31", "growth": {}, "earningsEstimate": {"avg": 0.0, "low": 0.0, "high": 0.0, "yearAgoEps": {}, "numberOfAnalysts": 0, "growth": {}}, "revenueEstimate": {"avg": 32792200000, "low": 32147000000, "high": 33138500000, "numberOfAnalysts": 7, "yearAgoRevenue": 28716900000, "growth": 0.142}, "epsTrend": {"current": 0.0, "7daysAgo": 26.52, "30daysAgo": 26.52, "60daysAgo": 26.52, "90daysAgo": 26.52}, "epsRevisions": {"upLast7days": 0, "upLast30days": 0, "downLast30days": 0, "downLast90days": {}}}, {"maxAge": 1, "period": "+1y", "endDate": "2020-03-31", "growth": {}, "earningsEstimate": {"avg": 0.0, "low": 0.0, "high": 0.0, "yearAgoEps": {}, "numberOfAnalysts": 0, "growth": {}}, "revenueEstimate": {"avg": 36678400000, "low": 34643000000, "high": 37963700000, "numberOfAnalysts": 7, "yearAgoRevenue": 32792200000, "growth": 0.118999995}, "epsTrend": {"current": 0.0, "7daysAgo": 31.31, "30daysAgo": 31.31, "60daysAgo": 31.31, "90daysAgo": 31.31}, "epsRevisions": {"upLast7days": 0, "upLast30days": 0, "downLast30days": 0, "downLast90days": {}}}, {"maxAge": 1, "period": "+5y", "endDate": null, "growth": 0.15, "earningsEstimate": {"avg": {}, "low": {}, "high": {}, "yearAgoEps": {}, "numberOfAnalysts": {}, "growth": {}}, "revenueEstimate": {"avg": {}, "low": {}, "high": {}, "numberOfAnalysts": {}, "yearAgoRevenue": {}, "growth": {}}, "epsTrend": {"current": {}, "7daysAgo": {}, "30daysAgo": {}, "60daysAgo": {}, "90daysAgo": {}}, "epsRevisions": {"upLast7days": {}, "upLast30days": {}, "downLast30days": {}, "downLast90days": {}}}, {"maxAge": 1, "period": "-5y", "endDate": null, "growth": {}, "earningsEstimate": {"avg": {}, "low": {}, "high": {}, "yearAgoEps": {}, "numberOfAnalysts": {}, "growth": {}}, "revenueEstimate": {"avg": {}, "low": {}, "high": {}, "numberOfAnalysts": {}, "yearAgoRevenue": {}, "growth": {}}, "epsTrend": {"current": {}, "7daysAgo": {}, "30daysAgo": {}, "60daysAgo": {}, "90daysAgo": {}}, "epsRevisions": {"upLast7days": {}, "upLast30days": {}, "downLast30days": {}, "downLast90days": {}}}], "maxAge": 1}, "financialData": {"maxAge": 86400, "currentPrice": 1453.7, "targetHighPrice": 1500.0, "targetLowPrice": 950.0, "targetMeanPrice": 1238.59, "targetMedianPrice": 1185.0, "recommendationKey": "none", "numberOfAnalystOpinions": 11, "grossProfits": 18993777000, "financialCurrency": "INR"}}}