{"GLAXO.NS": {"assetProfile": {"address1": "GSK House", "address2": "Dr. Annie Besant Road", "city": "Mumbai", "zip": "400030", "country": "India", "phone": "91 22 2495 9595", "fax": "91 22 2495 9494", "website": "http://www.india-pharma.gsk.com", "industry": "Drug Manufacturers\u2014General", "sector": "Healthcare", "longBusinessSummary": "GlaxoSmithKline Pharmaceuticals Limited, a healthcare company, researches, develops, manufactures, and sells pharmaceutical medicines and vaccines in India and internationally. The company offers prescription and non-prescription drugs for asthma, infectious diseases, mental health, and digestive conditions, as well as anti-infective, gastrointestinal, nutrition, dermatology, immuno-inflammation, and respiratory diseases. It also provides vaccines for the treatment of cancer, as well as prevention of hepatitis A, hepatitis B, invasive disease caused by influenza, chickenpox, diphtheria, pertussis, tetanus, rotavirus, cervical cancer, invasive pneumococcal, and others; and consumer healthcare products. The company was formerly known as SmithKline Beecham Pharmaceuticals India Ltd. and changed its name to GlaxoSmithKline Pharmaceuticals Limited in 2001. GlaxoSmithKline Pharmaceuticals Limited was founded in 1924 and is headquartered in Mumbai, India.", "fullTimeEmployees": 4364, "companyOfficers": [{"maxAge": 1, "name": "Ms. Puja  Thakur", "age": 44, "title": "South Asia Fin. Director, CFO & Whole-Time Director", "yearBorn": 1976, "fiscalYear": 2020, "totalPay": 39841000, "exercisedValue": 0, "unexercisedValue": 0}, {"maxAge": 1, "name": "Mr. Raju  Krishnaswamy", "age": 53, "title": "Exec. Director of Technical & Regional Supply Chain Head of South Asia", "yearBorn": 1967, "fiscalYear": 2020, "totalPay": 26048000, "exercisedValue": 0, "unexercisedValue": 0}, {"maxAge": 1, "name": "Mr. Ajay A. Nadkarni", "title": "VP of Admin. & Real Estate and Company Sec.", "fiscalYear": 2020, "totalPay": 11829000, "exercisedValue": 0, "unexercisedValue": 0}, {"maxAge": 1, "name": "Ms. Meenakshi  Priyam", "title": "Exec. VP of HR", "exercisedValue": 0, "unexercisedValue": 0}, {"maxAge": 1, "name": "Mr. Anil  Iyer", "title": "Chief Commercial Officer of Pharmaceuticals", "exercisedValue": 0, "unexercisedValue": 0}, {"maxAge": 1, "name": "Mr. Sridhar  Venkatesh", "title": "Managing Director", "exercisedValue": 0, "unexercisedValue": 0}, {"maxAge": 1, "name": "Mr. S.  Balasubramanian", "title": "VP of Ethics & Compliance", "exercisedValue": 0, "unexercisedValue": 0}, {"maxAge": 1, "name": "Ms. S.  Zota", "title": "Exec. VP of Legal", "exercisedValue": 0, "unexercisedValue": 0}, {"maxAge": 1, "name": "Mr. Ransom  D'Souza", "title": "VP of Communications & Gov. Affairs", "exercisedValue": 0, "unexercisedValue": 0}, {"maxAge": 1, "name": "Mr. Sumer  Dheri", "title": "Exec. VP of Vaccines", "exercisedValue": 0, "unexercisedValue": 0}], "compensationAsOfEpochDate": "2020-12-31 05:30:00", "maxAge": 86400}, "recommendationTrend": {"trend": [{"period": "0m", "strongBuy": 0, "buy": 0, "hold": 0, "sell": 0, "strongSell": 0}, {"period": "-1m", "strongBuy": 1, "buy": 1, "hold": 3, "sell": 5, "strongSell": 0}, {"period": "-2m", "strongBuy": 1, "buy": 1, "hold": 3, "sell": 5, "strongSell": 0}, {"period": "-3m", "strongBuy": 1, "buy": 1, "hold": 3, "sell": 6, "strongSell": 0}], "maxAge": 86400}, "cashflowStatementHistory": {"cashflowStatements": [{"maxAge": 1, "endDate": "2020-03-31", "netIncome": 932046000, "depreciation": 728978000, "changeToNetincome": 2705492000, "changeToAccountReceivables": -497000, "changeToLiabilities": -482297000, "changeToInventory": -677167000, "changeToOperatingActivities": 1600643000, "totalCashFromOperatingActivities": 4904997000, "capitalExpenditures": -1558981000, "investments": 920000000, "otherCashflowsFromInvestingActivities": 35552000, "totalCashflowsFromInvestingActivities": -568433000, "dividendsPaid": -3388121000, "netBorrowings": -150520000, "otherCashflowsFromFinancingActivities": -737574000, "totalCashFromFinancingActivities": -4276215000, "changeInCash": 60349000}, {"maxAge": 1, "endDate": "2019-03-31", "netIncome": 4453930000, "depreciation": 388375000, "changeToNetincome": -803046000, "changeToAccountReceivables": 268919000, "changeToLiabilities": -1000405000, "changeToInventory": 136898000, "changeToOperatingActivities": 552662000, "totalCashFromOperatingActivities": 4094865000, "capitalExpenditures": -2912814000, "investments": 200000000, "otherCashflowsFromInvestingActivities": 697837000, "totalCashflowsFromInvestingActivities": -1534525000, "dividendsPaid": -2964606000, "netBorrowings": -4060000, "otherCashflowsFromFinancingActivities": -614926000, "totalCashFromFinancingActivities": -3583592000, "changeInCash": -1023252000}, {"maxAge": 1, "endDate": "2018-03-31", "netIncome": 3507258000, "depreciation": 340936000, "changeToNetincome": -804730000, "changeToAccountReceivables": 231603000, "changeToLiabilities": 2269279000, "changeToInventory": -743859000, "changeToOperatingActivities": -111443000, "totalCashFromOperatingActivities": 4727966000, "capitalExpenditures": -4033841000, "investments": -3325000000, "otherCashflowsFromInvestingActivities": 792210000, "totalCashflowsFromInvestingActivities": -1041908000, "dividendsPaid": -2541091000, "netBorrowings": -6060000, "otherCashflowsFromFinancingActivities": -519197000, "totalCashFromFinancingActivities": -3066348000, "changeInCash": 619710000}, {"maxAge": 1, "endDate": "2017-03-31", "netIncome": 3368120000, "depreciation": 263469000, "changeToNetincome": -1020933000, "changeToAccountReceivables": -442317000, "changeToLiabilities": -467806000, "changeToInventory": 1000692000, "changeToOperatingActivities": -357518000, "totalCashFromOperatingActivities": 2343707000, "capitalExpenditures": -3044291000, "investments": 4715000000, "otherCashflowsFromInvestingActivities": 1273127000, "totalCashflowsFromInvestingActivities": 3006361000, "dividendsPaid": -4235150000, "netBorrowings": -7780000, "otherCashflowsFromFinancingActivities": -864692000, "totalCashFromFinancingActivities": -5107622000, "changeInCash": 242446000}], "maxAge": 86400}, "indexTrend": {"maxAge": 1, "symbol": "SP5", "peRatio": 19.7411, "pegRatio": 1.34172, "estimates": [{"period": "0q", "growth": 0.549}, {"period": "+1q", "growth": 0.431}, {"period": "0y", "growth": 0.305}, {"period": "+1y", "growth": 0.109}, {"period": "+5y", "growth": 0.120865}, {"period": "-5y"}]}, "defaultKeyStatistics": {"maxAge": 1, "priceHint": 2, "enterpriseValue": 240574955520, "forwardPE": 25.536495, "profitMargins": 0.15245, "floatShares": 41481925, "sharesOutstanding": 169406000, "heldPercentInsiders": 0.7551, "heldPercentInstitutions": 0.11233, "beta": 0.214253, "category": null, "bookValue": 78.279, "priceToBook": 18.637182, "fundFamily": null, "legalType": null, "lastFiscalYearEnd": "2020-03-31 05:30:00", "nextFiscalYearEnd": "2022-03-31 05:30:00", "mostRecentQuarter": "2020-12-31 05:30:00", "netIncomeToCommon": 4818946048, "trailingEps": 28.44, "forwardEps": 64.02, "pegRatio": 3.58, "lastSplitFactor": "2:1", "lastSplitDate": "2018-09-11 05:30:00", "enterpriseToRevenue": 7.611, "enterpriseToEbitda": 34.587}, "industryTrend": {"maxAge": 1, "symbol": null, "estimates": []}, "quoteType": {"exchange": "NSI", "quoteType": "EQUITY", "symbol": "GLAXO.NS", "underlyingSymbol": "GLAXO.NS", "shortName": "GLAXO SMITHKLINE P", "longName": "GlaxoSmithKline Pharmaceuticals Limited", "firstTradeDateEpochUtc": "2002-07-01 09:15:00", "timeZoneFullName": "Asia/Kolkata", "timeZoneShortName": "IST", "uuid": "101b5d6f-30f2-36a3-a0d3-17c5fca35a29", "gmtOffSetMilliseconds": 19800000, "maxAge": 1}, "incomeStatementHistory": {"incomeStatementHistory": [{"maxAge": 1, "endDate": "2020-03-31", "totalRevenue": 32243807000, "costOfRevenue": 13250030000, "grossProfit": 18993777000, "researchDevelopment": {}, "sellingGeneralAdministrative": 7437964000, "nonRecurring": {}, "otherOperatingExpenses": 4854913000, "totalOperatingExpenses": 26369684000, "operatingIncome": 5874123000, "totalOtherIncomeExpenseNet": -2816592000, "ebit": 5874123000, "interestExpense": -63355000, "incomeBeforeTax": 3057531000, "incomeTaxExpense": 2125485000, "minorityInterest": {}, "netIncomeFromContinuingOps": 932046000, "discontinuedOperations": {}, "extraordinaryItems": {}, "effectOfAccountingCharges": {}, "otherItems": {}, "netIncome": 932046000, "netIncomeApplicableToCommonShares": 932046000}, {"maxAge": 1, "endDate": "2019-03-31", "totalRevenue": 31281188000, "costOfRevenue": 13788450000, "grossProfit": 17492738000, "researchDevelopment": {}, "sellingGeneralAdministrative": 6919820000, "nonRecurring": {}, "otherOperatingExpenses": 4516405000, "totalOperatingExpenses": 25710582000, "operatingIncome": 5570606000, "totalOtherIncomeExpenseNet": 1256087000, "ebit": 5570606000, "interestExpense": -5543000, "incomeBeforeTax": 6826693000, "incomeTaxExpense": 2372763000, "minorityInterest": {}, "netIncomeFromContinuingOps": 4453930000, "discontinuedOperations": {}, "extraordinaryItems": {}, "effectOfAccountingCharges": {}, "otherItems": {}, "netIncome": 4453930000, "netIncomeApplicableToCommonShares": 4453930000}, {"maxAge": 1, "endDate": "2018-03-31", "totalRevenue": 28714530000, "costOfRevenue": 12592118000, "grossProfit": 16122412000, "researchDevelopment": {}, "sellingGeneralAdministrative": 6402308000, "nonRecurring": {}, "otherOperatingExpenses": 4568115000, "totalOperatingExpenses": 23942399000, "operatingIncome": 4772131000, "totalOtherIncomeExpenseNet": 627521000, "ebit": 4772131000, "interestExpense": -1891000, "incomeBeforeTax": 5399652000, "incomeTaxExpense": 1892394000, "minorityInterest": {}, "netIncomeFromContinuingOps": 3507258000, "discontinuedOperations": {}, "extraordinaryItems": {}, "effectOfAccountingCharges": {}, "otherItems": {}, "netIncome": 3507258000, "netIncomeApplicableToCommonShares": 3507258000}, {"maxAge": 1, "endDate": "2017-03-31", "totalRevenue": 29084688000, "costOfRevenue": 14157873000, "grossProfit": 14926815000, "researchDevelopment": {}, "sellingGeneralAdministrative": 6029184000, "nonRecurring": {}, "otherOperatingExpenses": 4700619000, "totalOperatingExpenses": 25151145000, "operatingIncome": 3933543000, "totalOtherIncomeExpenseNet": 1178316000, "ebit": 3933543000, "interestExpense": -2500000, "incomeBeforeTax": 5111859000, "incomeTaxExpense": 1743739000, "minorityInterest": {}, "netIncomeFromContinuingOps": 3368120000, "discontinuedOperations": {}, "extraordinaryItems": {}, "effectOfAccountingCharges": {}, "otherItems": {}, "netIncome": 3368120000, "netIncomeApplicableToCommonShares": 3368120000}], "maxAge": 86400}, "fundOwnership": {"ownershipList": [{"maxAge": 1, "reportDate": "2021-01-31", "organization": "Vanguard International Stock Index-Total Intl Stock Indx", "pctHeld": 0.0037, "position": 618945, "value": 907249581}, {"maxAge": 1, "reportDate": "2021-01-31", "organization": "Vanguard International Stock Index-Emerging Markets Stk", "pctHeld": 0.0031, "position": 524623, "value": 768992393}, {"maxAge": 1, "reportDate": "2021-01-31", "organization": "Vanguard Intl Equity Index Fds-FTSE All World ex U.S. Index Fund", "pctHeld": 0.0004, "position": 66616, "value": 97645732}, {"maxAge": 1, "reportDate": "2021-02-28", "organization": "Schwab Strategic Tr-Schwab Emerging Markets Equity ETF", "pctHeld": 0.00029999999, "position": 49419, "value": 72178920}, {"maxAge": 1, "reportDate": "2021-01-31", "organization": "DFA Emerging Markets Core Equity Portfolio", "pctHeld": 0.00029999999, "position": 48509, "value": 71104492}, {"maxAge": 1, "reportDate": "2021-01-31", "organization": "DFA Emerging Markets Series", "pctHeld": 0.0002, "position": 34920, "value": 51185736}, {"maxAge": 1, "reportDate": "2021-01-31", "organization": "DFA Emerging Markets Small Cap Series", "pctHeld": 0.0001, "position": 16290, "value": 23877882}, {"maxAge": 1, "reportDate": "2020-12-31", "organization": "Parametric Tax-Managed Emerging Markets Fund", "pctHeld": 0.0001, "position": 16000, "value": 25983200}, {"maxAge": 1, "reportDate": "2021-01-31", "organization": "Vanguard Intl Equity Index - Total World Stock Index Fd", "pctHeld": 0.0001, "position": 15254, "value": 22359313}, {"maxAge": 1, "reportDate": "2021-02-28", "organization": "WisdomTree Tr-WisdomTree India Earnings Fd", "pctHeld": 0.0001, "position": 13089, "value": 19117138}], "maxAge": 1}, "summaryDetail": {"maxAge": 1, "priceHint": 2, "previousClose": 1458.85, "open": 1455.0, "dayLow": 1440.5, "dayHigh": 1464.9, "regularMarketPreviousClose": 1458.85, "regularMarketOpen": 1455.0, "regularMarketDayLow": 1440.5, "regularMarketDayHigh": 1464.9, "dividendRate": 20.0, "dividendYield": 0.0137, "exDividendDate": "2020-07-17 05:30:00", "payoutRatio": 0.703, "fiveYearAvgDividendYield": 1.43, "beta": 0.214253, "trailingPE": 51.29747, "forwardPE": 22.788193, "volume": 23077, "regularMarketVolume": 23077, "averageVolume": 51034, "averageVolume10days": 32452, "averageDailyVolume10Day": 32452, "bid": 0.0, "ask": 0.0, "bidSize": 0, "askSize": 0, "marketCap": 247433838592, "fiftyTwoWeekLow": 1175.0, "fiftyTwoWeekHigh": 1807.5, "priceToSalesTrailing12Months": 7.827929, "fiftyDayAverage": 1450.1765, "twoHundredDayAverage": 1505.683, "trailingAnnualDividendRate": 20.0, "trailingAnnualDividendYield": 0.013709429, "currency": "INR", "fromCurrency": null, "lastMarket": null, "algorithm": null, "tradeable": false}, "insiderHolders": {"holders": [], "maxAge": 1}, "calendarEvents": {"maxAge": 1, "earnings": {"earningsDate": [], "earningsAverage": 13.45, "earningsLow": 13.45, "earningsHigh": 13.45, "revenueAverage": 8428000000, "revenueLow": 8428000000, "revenueHigh": 8428000000}, "exDividendDate": "2020-07-17 05:30:00"}, "upgradeDowngradeHistory": {"history": [], "maxAge": 86400}, "price": {"maxAge": 1, "regularMarketChangePercent": 3.4307042e-05, "regularMarketChange": 0.050048828, "regularMarketTime": "2021-04-30 15:29:43", "priceHint": 2, "regularMarketPrice": 1458.9, "regularMarketDayHigh": 1464.9, "regularMarketDayLow": 1440.5, "regularMarketVolume": 23077, "averageDailyVolume10Day": 32452, "averageDailyVolume3Month": 51034, "regularMarketPreviousClose": 1458.85, "regularMarketSource": "FREE_REALTIME", "regularMarketOpen": 1455.0, "exchange": "NSI", "exchangeName": "NSE", "exchangeDataDelayedBy": 15, "marketState": "CLOSED", "quoteType": "EQUITY", "symbol": "GLAXO.NS", "underlyingSymbol": null, "shortName": "GLAXO SMITHKLINE P", "longName": "GlaxoSmithKline Pharmaceuticals Limited", "currency": "INR", "quoteSourceName": "Delayed Quote", "currencySymbol": "\u20b9", "fromCurrency": null, "lastMarket": null, "marketCap": 247433838592}, "balanceSheetHistory": {"balanceSheetStatements": [{"maxAge": 1, "endDate": "2020-03-31", "cash": 1048115000, "shortTermInvestments": 9570145000, "netReceivables": 1303314000, "inventory": 4830322000, "otherCurrentAssets": 879030000, "totalCurrentAssets": 17748814000, "propertyPlantEquipment": 8270867000, "intangibleAssets": 496251000, "otherAssets": 4839478000, "deferredLongTermAssetCharges": 1104864000, "totalAssets": 31355410000, "accountsPayable": 3575851000, "shortLongTermDebt": 1530000, "otherCurrentLiab": 4983990000, "longTermDebt": 240000, "otherLiab": 2638177000, "totalCurrentLiabilities": 10242572000, "totalLiab": 13149361000, "commonStock": 1694060000, "retainedEarnings": 16540210000, "treasuryStock": -28221000, "otherStockholderEquity": -28221000, "totalStockholderEquity": 18206049000, "netTangibleAssets": 17709798000}, {"maxAge": 1, "endDate": "2019-03-31", "cash": 987766000, "shortTermInvestments": 10490145000, "netReceivables": 2100075000, "inventory": 4864935000, "otherCurrentAssets": 1540397000, "totalCurrentAssets": 20094620000, "longTermInvestments": 550000, "propertyPlantEquipment": 13670968000, "intangibleAssets": 655400000, "otherAssets": 4691571000, "deferredLongTermAssetCharges": 622215000, "totalAssets": 39113109000, "accountsPayable": 4058148000, "shortLongTermDebt": 4060000, "otherCurrentLiab": 9040370000, "longTermDebt": 1770000, "otherLiab": 3169852000, "totalCurrentLiabilities": 14543195000, "totalLiab": 17714817000, "commonStock": 1694060000, "retainedEarnings": 19692724000, "treasuryStock": 11508000, "otherStockholderEquity": 11508000, "totalStockholderEquity": 21398292000, "netTangibleAssets": 20742892000}, {"maxAge": 1, "endDate": "2018-03-31", "cash": 2011018000, "shortTermInvestments": 10690145000, "netReceivables": 2042242000, "inventory": 5001833000, "otherCurrentAssets": 2012237000, "totalCurrentAssets": 21864082000, "longTermInvestments": 550000, "propertyPlantEquipment": 11730238000, "intangibleAssets": 726818000, "otherAssets": 5153139000, "deferredLongTermAssetCharges": 1037242000, "totalAssets": 39474827000, "accountsPayable": 5058552000, "shortLongTermDebt": 4060000, "otherCurrentLiab": 9668592000, "longTermDebt": 5830000, "otherLiab": 2897071000, "totalCurrentLiabilities": 15998637000, "totalLiab": 18901538000, "commonStock": 847030000, "retainedEarnings": 19659813000, "treasuryStock": 66446000, "otherStockholderEquity": 66446000, "totalStockholderEquity": 20573289000, "netTangibleAssets": 19846471000}, {"maxAge": 1, "endDate": "2017-03-31", "cash": 1391308000, "shortTermInvestments": 7365145000, "netReceivables": 2577483000, "inventory": 4257974000, "otherCurrentAssets": 1037446000, "totalCurrentAssets": 16742459000, "longTermInvestments": 550000, "propertyPlantEquipment": 8259263000, "intangibleAssets": 322473000, "otherAssets": 4713608000, "deferredLongTermAssetCharges": 916264000, "totalAssets": 30038353000, "accountsPayable": 2789273000, "shortLongTermDebt": 6060000, "otherCurrentLiab": 3164954000, "longTermDebt": 9890000, "otherLiab": 2757580000, "totalCurrentLiabilities": 7202325000, "totalLiab": 9969795000, "commonStock": 847030000, "retainedEarnings": 19210952000, "treasuryStock": 10576000, "otherStockholderEquity": 10576000, "totalStockholderEquity": 20068558000, "netTangibleAssets": 19746085000}], "maxAge": 86400}, "earningsTrend": {"trend": [{"maxAge": 1, "period": "0q", "endDate": "2018-03-31", "growth": 0.312, "earningsEstimate": {"avg": 13.45, "low": 13.45, "high": 13.45, "yearAgoEps": 10.25, "numberOfAnalysts": 1, "growth": 0.312}, "revenueEstimate": {"avg": 8428000000, "low": 8428000000, "high": 8428000000, "numberOfAnalysts": 1, "yearAgoRevenue": 7634300000, "growth": 0.103999995}, "epsTrend": {"current": 13.45, "7daysAgo": 13.45, "30daysAgo": 21.83, "60daysAgo": 15.26, "90daysAgo": 15.26}, "epsRevisions": {"upLast7days": 0, "upLast30days": 1, "downLast30days": 1, "downLast90days": {}}}, {"maxAge": 1, "period": "+1q", "endDate": "2018-06-30", "growth": 6.414, "earningsEstimate": {"avg": 12.01, "low": 12.01, "high": 12.01, "yearAgoEps": 1.62, "numberOfAnalysts": 1, "growth": 6.414}, "revenueEstimate": {"avg": 0, "low": 0, "high": 0, "numberOfAnalysts": 0, "yearAgoRevenue": {}, "growth": {}}, "epsTrend": {"current": 12.01, "7daysAgo": 12.01, "30daysAgo": 14.09, "60daysAgo": 14.09, "90daysAgo": 14.09}, "epsRevisions": {"upLast7days": 0, "upLast30days": 0, "downLast30days": 1, "downLast90days": {}}}, {"maxAge": 1, "period": "0y", "endDate": "2018-03-31", "growth": 0.289, "earningsEstimate": {"avg": 44.34, "low": 42.54, "high": 46.8, "yearAgoEps": 34.4, "numberOfAnalysts": 3, "growth": 0.289}, "revenueEstimate": {"avg": 30034600000, "low": 28463800000, "high": 31124000000, "numberOfAnalysts": 3, "yearAgoRevenue": 29207900000, "growth": 0.027999999}, "epsTrend": {"current": 44.34, "7daysAgo": 44.34, "30daysAgo": 49.82, "60daysAgo": 49.82, "90daysAgo": 49.82}, "epsRevisions": {"upLast7days": 0, "upLast30days": 0, "downLast30days": 1, "downLast90days": {}}}, {"maxAge": 1, "period": "+1y", "endDate": "2019-03-31", "growth": 0.288, "earningsEstimate": {"avg": 57.13, "low": 54.58, "high": 61.91, "yearAgoEps": 44.34, "numberOfAnalysts": 3, "growth": 0.288}, "revenueEstimate": {"avg": 34458400000, "low": 33571200000, "high": 35365000000, "numberOfAnalysts": 3, "yearAgoRevenue": 30034600000, "growth": 0.147}, "epsTrend": {"current": 57.13, "7daysAgo": 57.13, "30daysAgo": 60.81, "60daysAgo": 60.81, "90daysAgo": 60.81}, "epsRevisions": {"upLast7days": 0, "upLast30days": 0, "downLast30days": 1, "downLast90days": {}}}, {"maxAge": 1, "period": "+5y", "endDate": null, "growth": 0.15, "earningsEstimate": {"avg": {}, "low": {}, "high": {}, "yearAgoEps": {}, "numberOfAnalysts": {}, "growth": {}}, "revenueEstimate": {"avg": {}, "low": {}, "high": {}, "numberOfAnalysts": {}, "yearAgoRevenue": {}, "growth": {}}, "epsTrend": {"current": {}, "7daysAgo": {}, "30daysAgo": {}, "60daysAgo": {}, "90daysAgo": {}}, "epsRevisions": {"upLast7days": {}, "upLast30days": {}, "downLast30days": {}, "downLast90days": {}}}, {"maxAge": 1, "period": "-5y", "endDate": null, "growth": -0.07502, "earningsEstimate": {"avg": {}, "low": {}, "high": {}, "yearAgoEps": {}, "numberOfAnalysts": {}, "growth": {}}, "revenueEstimate": {"avg": {}, "low": {}, "high": {}, "numberOfAnalysts": {}, "yearAgoRevenue": {}, "growth": {}}, "epsTrend": {"current": {}, "7daysAgo": {}, "30daysAgo": {}, "60daysAgo": {}, "90daysAgo": {}}, "epsRevisions": {"upLast7days": {}, "upLast30days": {}, "downLast30days": {}, "downLast90days": {}}}], "maxAge": 1}, "institutionOwnership": {"ownershipList": [], "maxAge": 1}, "majorHoldersBreakdown": {"maxAge": 1, "insidersPercentHeld": 0.7551, "institutionsPercentHeld": 0.11233, "institutionsFloatPercentHeld": 0.45869, "institutionsCount": 33}, "balanceSheetHistoryQuarterly": {"balanceSheetStatements": [{"maxAge": 1, "endDate": "2020-12-31", "totalStockholderEquity": 13272700000, "netTangibleAssets": 12820900000}, {"maxAge": 1, "endDate": "2020-09-30", "cash": 6767600000, "shortTermInvestments": 201900000, "netReceivables": 1550500000, "inventory": 5005300000, "otherCurrentAssets": 4375700000, "totalCurrentAssets": 17901000000, "propertyPlantEquipment": 3752700000, "intangibleAssets": 451800000, "otherAssets": 5276400000, "deferredLongTermAssetCharges": 1084600000, "totalAssets": 27381900000, "accountsPayable": 3880800000, "otherCurrentLiab": 7063900000, "otherLiab": 2724600000, "totalCurrentLiabilities": 11105400000, "totalLiab": 14109200000, "commonStock": 1694100000, "treasuryStock": 11578600000, "otherStockholderEquity": 11578600000, "totalStockholderEquity": 13272700000, "netTangibleAssets": 12820900000}, {"maxAge": 1, "endDate": "2020-06-30", "totalStockholderEquity": 18206049000, "netTangibleAssets": 17709798000}, {"maxAge": 1, "endDate": "2020-03-31", "cash": 1048115000, "shortTermInvestments": 9570145000, "netReceivables": 1303314000, "inventory": 4830322000, "otherCurrentAssets": 879030000, "totalCurrentAssets": 17748814000, "propertyPlantEquipment": 8270867000, "intangibleAssets": 496251000, "otherAssets": 4839478000, "deferredLongTermAssetCharges": 1104864000, "totalAssets": 31355410000, "accountsPayable": 3575851000, "shortLongTermDebt": 1530000, "otherCurrentLiab": 4983990000, "longTermDebt": 240000, "otherLiab": 2638177000, "totalCurrentLiabilities": 10242572000, "totalLiab": 13149361000, "commonStock": 1694060000, "retainedEarnings": 16540210000, "treasuryStock": -28221000, "otherStockholderEquity": -28221000, "totalStockholderEquity": 18206049000, "netTangibleAssets": 17709798000}], "maxAge": 86400}, "earningsHistory": {"history": [{"maxAge": 1, "epsActual": 10.25, "epsEstimate": 18.48, "epsDifference": -8.23, "surprisePercent": -0.445, "quarter": "2017-03-31", "period": "-4q"}, {"maxAge": 1, "epsActual": 1.62, "epsEstimate": 9.6, "epsDifference": -7.98, "surprisePercent": -0.831, "quarter": "2017-06-30", "period": "-3q"}, {"maxAge": 1, "epsActual": 14.79, "epsEstimate": 13.08, "epsDifference": 1.71, "surprisePercent": 0.131, "quarter": "2017-09-30", "period": "-2q"}, {"maxAge": 1, "epsActual": 10.6, "epsEstimate": 13.49, "epsDifference": -2.89, "surprisePercent": -0.214, "quarter": "2017-12-31", "period": "-1q"}], "maxAge": 86400}, "summaryProfile": {"address1": "GSK House", "address2": "Dr. Annie Besant Road", "city": "Mumbai", "zip": "400030", "country": "India", "phone": "91 22 2495 9595", "fax": "91 22 2495 9494", "website": "http://www.india-pharma.gsk.com", "industry": "Drug Manufacturers\u2014General", "sector": "Healthcare", "longBusinessSummary": "GlaxoSmithKline Pharmaceuticals Limited, a healthcare company, researches, develops, manufactures, and sells pharmaceutical medicines and vaccines in India and internationally. The company offers prescription and non-prescription drugs for asthma, infectious diseases, mental health, and digestive conditions, as well as anti-infective, gastrointestinal, nutrition, dermatology, immuno-inflammation, and respiratory diseases. It also provides vaccines for the treatment of cancer, as well as prevention of hepatitis A, hepatitis B, invasive disease caused by influenza, chickenpox, diphtheria, pertussis, tetanus, rotavirus, cervical cancer, invasive pneumococcal, and others; and consumer healthcare products. The company was formerly known as SmithKline Beecham Pharmaceuticals India Ltd. and changed its name to GlaxoSmithKline Pharmaceuticals Limited in 2001. GlaxoSmithKline Pharmaceuticals Limited was founded in 1924 and is headquartered in Mumbai, India.", "fullTimeEmployees": 4364, "companyOfficers": [], "maxAge": 86400}, "netSharePurchaseActivity": {"maxAge": 1, "period": "6m", "buyInfoCount": 0, "buyInfoShares": 0, "sellInfoCount": 0, "netInfoCount": 0, "netInfoShares": 0, "netPercentInsiderShares": 0.0, "totalInsiderShares": 127901192}, "sectorTrend": {"maxAge": 1, "symbol": null, "estimates": []}, "incomeStatementHistoryQuarterly": {"incomeStatementHistory": [{"maxAge": 1, "endDate": "2020-12-31", "totalRevenue": 8572000000, "costOfRevenue": 3512500000, "grossProfit": 5059500000, "researchDevelopment": {}, "sellingGeneralAdministrative": 1592100000, "nonRecurring": {}, "otherOperatingExpenses": 1412300000, "totalOperatingExpenses": 6694000000, "operatingIncome": 1878000000, "totalOtherIncomeExpenseNet": 236100000, "ebit": 1878000000, "interestExpense": -9400000, "incomeBeforeTax": 2114100000, "incomeTaxExpense": 549000000, "minorityInterest": {}, "netIncomeFromContinuingOps": 1565100000, "discontinuedOperations": {}, "extraordinaryItems": {}, "effectOfAccountingCharges": {}, "otherItems": {}, "netIncome": 1565100000, "netIncomeApplicableToCommonShares": 1565100000}, {"maxAge": 1, "endDate": "2020-09-30", "totalRevenue": 8793200000, "costOfRevenue": 3674700000, "grossProfit": 5118500000, "researchDevelopment": {}, "sellingGeneralAdministrative": 1540100000, "nonRecurring": {}, "otherOperatingExpenses": 1529800000, "totalOperatingExpenses": 6964200000, "operatingIncome": 1829000000, "totalOtherIncomeExpenseNet": -559700000, "ebit": 1829000000, "interestExpense": -8800000, "incomeBeforeTax": 1269300000, "incomeTaxExpense": 504600000, "minorityInterest": {}, "netIncomeFromContinuingOps": 764700000, "discontinuedOperations": {}, "extraordinaryItems": {}, "effectOfAccountingCharges": {}, "otherItems": {}, "netIncome": 764700000, "netIncomeApplicableToCommonShares": 764700000}, {"maxAge": 1, "endDate": "2020-06-30", "totalRevenue": 6485900000, "costOfRevenue": 2573300000, "grossProfit": 3912600000, "researchDevelopment": {}, "sellingGeneralAdministrative": 1519200000, "nonRecurring": {}, "otherOperatingExpenses": 1252700000, "totalOperatingExpenses": 5562900000, "operatingIncome": 923000000, "totalOtherIncomeExpenseNet": 568400000, "ebit": 923000000, "interestExpense": -10800000, "incomeBeforeTax": 1491400000, "incomeTaxExpense": 383100000, "minorityInterest": {}, "netIncomeFromContinuingOps": 1108300000, "discontinuedOperations": {}, "extraordinaryItems": {}, "effectOfAccountingCharges": {}, "otherItems": {}, "netIncome": 1108300000, "netIncomeApplicableToCommonShares": 1108300000}, {"maxAge": 1, "endDate": "2020-03-31", "totalRevenue": 7758007000, "costOfRevenue": 2965930000, "grossProfit": 4792077000, "researchDevelopment": {}, "sellingGeneralAdministrative": 2868264000, "nonRecurring": {}, "otherOperatingExpenses": 59813000, "totalOperatingExpenses": 6119884000, "operatingIncome": 1638123000, "totalOtherIncomeExpenseNet": 127408000, "ebit": 1638123000, "interestExpense": -15055000, "incomeBeforeTax": 1765531000, "incomeTaxExpense": 384785000, "minorityInterest": {}, "netIncomeFromContinuingOps": 1380746000, "discontinuedOperations": {}, "extraordinaryItems": {}, "effectOfAccountingCharges": {}, "otherItems": {}, "netIncome": 1380746000, "netIncomeApplicableToCommonShares": 1380746000}], "maxAge": 86400}, "cashflowStatementHistoryQuarterly": {"cashflowStatements": [{"maxAge": 1, "endDate": "2020-12-31", "netIncome": 1565100000, "changeToLiabilities": 0}, {"maxAge": 1, "endDate": "2020-09-30", "netIncome": 764700000, "changeToLiabilities": 0}, {"maxAge": 1, "endDate": "2020-06-30", "netIncome": 1108300000, "changeToLiabilities": 0}, {"maxAge": 1, "endDate": "2020-03-31", "netIncome": 1380746000, "changeToLiabilities": 0}], "maxAge": 86400}, "earnings": {"maxAge": 86400, "earningsChart": {"quarterly": [{"date": "1Q2017", "actual": 10.25, "estimate": 18.48}, {"date": "2Q2017", "actual": 1.62, "estimate": 9.6}, {"date": "3Q2017", "actual": 14.79, "estimate": 13.08}, {"date": "4Q2017", "actual": 10.6, "estimate": 13.49}], "currentQuarterEstimate": 13.45, "currentQuarterEstimateDate": "1Q", "currentQuarterEstimateYear": 2018, "earningsDate": []}, "financialsChart": {"yearly": [{"date": 2017, "revenue": 29084688000, "earnings": 3368120000}, {"date": 2018, "revenue": 28714530000, "earnings": 3507258000}, {"date": 2019, "revenue": 31281188000, "earnings": 4453930000}, {"date": 2020, "revenue": 32243807000, "earnings": 932046000}], "quarterly": [{"date": "1Q2020", "revenue": 7758007000, "earnings": 1380746000}, {"date": "2Q2020", "revenue": 6485900000, "earnings": 1108300000}, {"date": "3Q2020", "revenue": 8793200000, "earnings": 764700000}, {"date": "4Q2020", "revenue": 8572000000, "earnings": 1565100000}]}, "financialCurrency": "INR"}, "financialData": {"maxAge": 86400, "currentPrice": 1458.9, "targetHighPrice": 3100.0, "targetLowPrice": 1850.0, "targetMeanPrice": 2310.82, "targetMedianPrice": 2204.0, "recommendationMean": 3.5, "recommendationKey": "hold", "numberOfAnalystOpinions": 11, "totalCash": 6969500160, "totalCashPerShare": 41.146, "ebitda": 6955632640, "totalDebt": 439900000, "totalRevenue": 31609106432, "debtToEquity": 3.314, "revenuePerShare": 186.548, "grossProfits": 18993777000, "revenueGrowth": 0.101, "grossMargins": 0.59738, "ebitdaMargins": 0.22004999, "operatingMargins": 0.1983, "profitMargins": 0.15245, "financialCurrency": "INR"}}}