{"GLFL.BO": {"recommendationTrend": {"trend": [{"period": "0m", "strongBuy": 0, "buy": 0, "hold": 0, "sell": 0, "strongSell": 0}, {"period": "-1m", "strongBuy": 0, "buy": 0, "hold": 0, "sell": 0, "strongSell": 0}, {"period": "-2m", "strongBuy": 0, "buy": 0, "hold": 0, "sell": 0, "strongSell": 0}, {"period": "-3m", "strongBuy": 0, "buy": 0, "hold": 0, "sell": 0, "strongSell": 0}], "maxAge": 86400}, "cashflowStatementHistory": {"cashflowStatements": [{"maxAge": 1, "endDate": "2020-03-31", "netIncome": 3720000, "depreciation": 246000, "changeToNetincome": -9543000, "changeToLiabilities": -649000, "changeToOperatingActivities": 347000, "totalCashFromOperatingActivities": -5879000, "investments": 55476000, "otherCashflowsFromInvestingActivities": 969000, "totalCashflowsFromInvestingActivities": 56445000, "netBorrowings": -50000000, "totalCashFromFinancingActivities": -50000000, "changeInCash": 566000}, {"maxAge": 1, "endDate": "2019-03-31", "netIncome": -3840000, "depreciation": 243000, "changeToNetincome": -2109000, "changeToLiabilities": 222000, "changeToOperatingActivities": 292000, "totalCashFromOperatingActivities": -5192000, "capitalExpenditures": -40000, "investments": 3325000, "otherCashflowsFromInvestingActivities": 646000, "totalCashflowsFromInvestingActivities": 3931000, "netBorrowings": -50000000, "totalCashFromFinancingActivities": -50000000, "changeInCash": -1261000}, {"maxAge": 1, "endDate": "2018-03-31", "netIncome": -3698000, "depreciation": 235000, "changeToNetincome": -710000, "changeToLiabilities": 515000, "changeToOperatingActivities": 302000, "totalCashFromOperatingActivities": -3356000, "capitalExpenditures": -40000, "investments": 4247000, "otherCashflowsFromInvestingActivities": 739000, "totalCashflowsFromInvestingActivities": 4986000, "netBorrowings": -50000000, "totalCashFromFinancingActivities": -50000000, "changeInCash": 1630000}, {"maxAge": 1, "endDate": "2017-03-31", "netIncome": -2873000, "depreciation": 247000, "changeToNetincome": -765000, "changeToLiabilities": 124000, "changeToOperatingActivities": 330000, "totalCashFromOperatingActivities": -2937000, "capitalExpenditures": -11000, "investments": 2183000, "otherCashflowsFromInvestingActivities": 786000, "totalCashflowsFromInvestingActivities": 2958000, "netBorrowings": -50000000, "totalCashFromFinancingActivities": -50000000, "changeInCash": 21000}], "maxAge": 86400}, "institutionOwnership": {"ownershipList": [], "maxAge": 1}, "balanceSheetHistoryQuarterly": {"balanceSheetStatements": [{"maxAge": 1, "endDate": "2020-06-30", "totalStockholderEquity": -66998000, "netTangibleAssets": -66998000}, {"maxAge": 1, "endDate": "2020-03-31", "cash": 1183000, "otherCurrentAssets": 342000, "totalCurrentAssets": 1530000, "longTermInvestments": 34291000, "propertyPlantEquipment": 699000, "otherAssets": 15000, "totalAssets": 36535000, "accountsPayable": 664000, "otherCurrentLiab": 2533000, "longTermDebt": 100000000, "totalCurrentLiabilities": 3533000, "totalLiab": 103533000, "commonStock": 271258000, "retainedEarnings": -1250419000, "treasuryStock": 236224000, "capitalSurplus": 675939000, "otherStockholderEquity": 236224000, "totalStockholderEquity": -66998000, "netTangibleAssets": -66998000}, {"maxAge": 1, "endDate": "2019-12-31", "totalStockholderEquity": -59410000, "netTangibleAssets": -59410000}, {"maxAge": 1, "endDate": "2019-09-30", "cash": 2481000, "netReceivables": 337000, "otherCurrentAssets": 361000, "totalCurrentAssets": 2842000, "longTermInvestments": 91801000, "propertyPlantEquipment": 871000, "totalAssets": 95514000, "accountsPayable": 35000, "otherCurrentLiab": 3119000, "longTermDebt": 150000000, "otherLiab": 1522000, "totalCurrentLiabilities": 3402000, "totalLiab": 154924000, "commonStock": 271258000, "treasuryStock": -330668000, "otherStockholderEquity": -330668000, "totalStockholderEquity": -59410000, "netTangibleAssets": -59410000}], "maxAge": 86400}, "earningsHistory": {"history": [{"maxAge": 1, "epsActual": {}, "epsEstimate": {}, "epsDifference": {}, "surprisePercent": {}, "quarter": {}, "period": "-4q"}, {"maxAge": 1, "epsActual": {}, "epsEstimate": {}, "epsDifference": {}, "surprisePercent": {}, "quarter": {}, "period": "-3q"}, {"maxAge": 1, "epsActual": {}, "epsEstimate": {}, "epsDifference": {}, "surprisePercent": {}, "quarter": {}, "period": "-2q"}, {"maxAge": 1, "epsActual": {}, "epsEstimate": {}, "epsDifference": {}, "surprisePercent": {}, "quarter": {}, "period": "-1q"}], "maxAge": 86400}, "indexTrend": {"maxAge": 1, "symbol": "SP5", "peRatio": 19.7411, "pegRatio": 1.34172, "estimates": [{"period": "0q", "growth": 0.549}, {"period": "+1q", "growth": 0.431}, {"period": "0y", "growth": 0.305}, {"period": "+1y", "growth": 0.109}, {"period": "+5y", "growth": 0.120865}, {"period": "-5y"}]}, "industryTrend": {"maxAge": 1, "symbol": null, "estimates": []}, "insiderTransactions": {"transactions": [{"maxAge": 1, "shares": 1215776, "filerUrl": "", "transactionText": "", "filerName": "Torrent Pvt. Ltd.", "filerRelation": "Promoter", "moneyText": "", "startDate": "2014-03-28", "ownership": "D"}, {"maxAge": 1, "shares": 400, "filerUrl": "", "transactionText": "", "filerName": "Gujarat Industrial Investment Corporation, Ltd.", "filerRelation": "Institution- Corporation", "moneyText": "", "startDate": "2010-01-21", "ownership": "D"}, {"maxAge": 1, "shares": 1700, "filerUrl": "", "transactionText": "", "filerName": "Gujarat Industrial Investment Corporation, Ltd.", "filerRelation": "Institution- Corporation", "moneyText": "", "startDate": "2010-01-19", "ownership": "D"}, {"maxAge": 1, "shares": 23920, "filerUrl": "", "transactionText": "", "filerName": "Gujarat Industrial Investment Corporation, Ltd.", "filerRelation": "Institution- Corporation", "moneyText": "", "startDate": "2010-01-15", "ownership": "D"}, {"maxAge": 1, "shares": 3555, "filerUrl": "", "transactionText": "", "filerName": "Gujarat Industrial Investment Corporation, Ltd.", "filerRelation": "Institution- Corporation", "moneyText": "", "startDate": "2010-01-13", "ownership": "D"}, {"maxAge": 1, "shares": 3555, "filerUrl": "", "transactionText": "", "filerName": "Gujarat Industrial Development Corporation Ltd", "filerRelation": "Institution- Corporation", "moneyText": "", "startDate": "2010-01-13", "ownership": "D"}, {"maxAge": 1, "shares": 4788, "filerUrl": "", "transactionText": "", "filerName": "Gujarat Industrial Development Corporation Ltd", "filerRelation": "Institution- Corporation", "moneyText": "", "startDate": "2010-01-12", "ownership": "D"}, {"maxAge": 1, "shares": 4788, "filerUrl": "", "transactionText": "", "filerName": "Gujarat Industrial Investment Corporation, Ltd.", "filerRelation": "Institution- Corporation", "moneyText": "", "startDate": "2010-01-12", "ownership": "D"}, {"maxAge": 1, "shares": 18718, "filerUrl": "", "transactionText": "", "filerName": "Gujarat Industrial Investment Corporation, Ltd.", "filerRelation": "Institution- Corporation", "moneyText": "", "startDate": "2010-01-11", "ownership": "D"}, {"maxAge": 1, "shares": 18718, "filerUrl": "", "transactionText": "", "filerName": "Gujarat Industrial Development Corporation Ltd", "filerRelation": "Institution- Corporation", "moneyText": "", "startDate": "2010-01-11", "ownership": "D"}, {"maxAge": 1, "shares": 14715, "filerUrl": "", "transactionText": "", "filerName": "Gujarat Industrial Development Corporation Ltd", "filerRelation": "Institution- Corporation", "moneyText": "", "startDate": "2010-01-08", "ownership": "D"}, {"maxAge": 1, "shares": 14715, "filerUrl": "", "transactionText": "", "filerName": "Gujarat Industrial Investment Corporation, Ltd.", "filerRelation": "Institution- Corporation", "moneyText": "", "startDate": "2010-01-08", "ownership": "D"}, {"maxAge": 1, "shares": 417133, "filerUrl": "", "transactionText": "", "filerName": "Gujarat Industrial Investment Corporation, Ltd.", "filerRelation": "Institution- Corporation", "moneyText": "", "startDate": "2010-01-07", "ownership": "D"}], "maxAge": 1}, "quoteType": {"exchange": "BSE", "quoteType": "EQUITY", "symbol": "GLFL.BO", "underlyingSymbol": "GLFL.BO", "shortName": "GUJARAT LEASE FINANCING LTD.", "longName": "Gujarat  Lease Financing Limited", "firstTradeDateEpochUtc": "2000-07-11 09:15:00", "timeZoneFullName": "Asia/Kolkata", "timeZoneShortName": "IST", "uuid": "b0e02bc3-6dba-37d6-b25c-35699266a0c7", "gmtOffSetMilliseconds": 19800000, "maxAge": 1}, "incomeStatementHistory": {"incomeStatementHistory": [{"maxAge": 1, "endDate": "2020-03-31", "totalRevenue": 9041000, "costOfRevenue": 82000, "grossProfit": 8959000, "researchDevelopment": {}, "sellingGeneralAdministrative": 1056000, "nonRecurring": {}, "otherOperatingExpenses": 4460000, "totalOperatingExpenses": 5844000, "operatingIncome": 3197000, "totalOtherIncomeExpenseNet": 516000, "ebit": 3197000, "interestExpense": {}, "incomeBeforeTax": 3713000, "incomeTaxExpense": -7000, "minorityInterest": {}, "netIncomeFromContinuingOps": 3720000, "discontinuedOperations": {}, "extraordinaryItems": {}, "effectOfAccountingCharges": {}, "otherItems": {}, "netIncome": 3720000, "netIncomeApplicableToCommonShares": 3720000}, {"maxAge": 1, "endDate": "2019-03-31", "totalRevenue": 809000, "costOfRevenue": 80000, "grossProfit": 729000, "researchDevelopment": {}, "sellingGeneralAdministrative": 908000, "nonRecurring": {}, "otherOperatingExpenses": 3326000, "totalOperatingExpenses": 4557000, "operatingIncome": -3748000, "totalOtherIncomeExpenseNet": -592000, "ebit": -3748000, "interestExpense": {}, "incomeBeforeTax": -3493000, "incomeTaxExpense": 347000, "minorityInterest": {}, "netIncomeFromContinuingOps": -3840000, "discontinuedOperations": {}, "extraordinaryItems": {}, "effectOfAccountingCharges": {}, "otherItems": {}, "netIncome": -3840000, "netIncomeApplicableToCommonShares": -3840000}, {"maxAge": 1, "endDate": "2018-03-31", "totalRevenue": 720000, "costOfRevenue": 43000, "grossProfit": 677000, "researchDevelopment": {}, "sellingGeneralAdministrative": 947000, "nonRecurring": {}, "otherOperatingExpenses": 3194000, "totalOperatingExpenses": 4419000, "operatingIncome": -3699000, "totalOtherIncomeExpenseNet": 1000, "ebit": -3699000, "interestExpense": {}, "incomeBeforeTax": -3698000, "incomeTaxExpense": 0, "minorityInterest": {}, "netIncomeFromContinuingOps": -3698000, "discontinuedOperations": {}, "extraordinaryItems": {}, "effectOfAccountingCharges": {}, "otherItems": {}, "netIncome": -3698000, "netIncomeApplicableToCommonShares": -3698000}, {"maxAge": 1, "endDate": "2017-03-31", "totalRevenue": 893000, "costOfRevenue": 32000, "grossProfit": 861000, "researchDevelopment": {}, "sellingGeneralAdministrative": 882000, "nonRecurring": {}, "otherOperatingExpenses": 2607000, "totalOperatingExpenses": 3768000, "operatingIncome": -2875000, "totalOtherIncomeExpenseNet": 2000, "ebit": -2875000, "interestExpense": {}, "incomeBeforeTax": -2873000, "incomeTaxExpense": 0, "minorityInterest": {}, "netIncomeFromContinuingOps": -2873000, "discontinuedOperations": {}, "extraordinaryItems": {}, "effectOfAccountingCharges": {}, "otherItems": {}, "netIncome": -2873000, "netIncomeApplicableToCommonShares": -2873000}], "maxAge": 86400}, "fundOwnership": {"ownershipList": [], "maxAge": 1}, "summaryDetail": {"maxAge": 1, "priceHint": 4, "previousClose": 2.0, "open": 2.0, "dayLow": 2.0, "dayHigh": 2.0, "regularMarketPreviousClose": 2.0, "regularMarketOpen": 2.0, "regularMarketDayLow": 2.0, "regularMarketDayHigh": 2.0, "trailingPE": 13.245033, "volume": 125, "regularMarketVolume": 125, "averageVolume": 6566, "averageVolume10days": 2510, "averageDailyVolume10Day": 2510, "bid": 2.0, "ask": 2.15, "marketCap": 54251600, "fiftyTwoWeekLow": 1.08, "fiftyTwoWeekHigh": 3.44, "fiftyDayAverage": 2.690303, "twoHundredDayAverage": 2.2950366, "currency": "INR", "fromCurrency": null, "lastMarket": null, "algorithm": null, "tradeable": false}, "sectorTrend": {"maxAge": 1, "symbol": null, "estimates": []}, "incomeStatementHistoryQuarterly": {"incomeStatementHistory": [{"maxAge": 1, "endDate": "2020-06-30", "totalRevenue": 62000, "costOfRevenue": 0, "grossProfit": 62000, "researchDevelopment": {}, "sellingGeneralAdministrative": 302000, "nonRecurring": {}, "otherOperatingExpenses": 169000, "totalOperatingExpenses": 532000, "operatingIncome": -470000, "totalOtherIncomeExpenseNet": -847000, "ebit": -470000, "interestExpense": {}, "incomeBeforeTax": -1317000, "incomeTaxExpense": 0, "minorityInterest": {}, "netIncomeFromContinuingOps": -1317000, "discontinuedOperations": {}, "extraordinaryItems": {}, "effectOfAccountingCharges": {}, "otherItems": {}, "netIncome": -1317000, "netIncomeApplicableToCommonShares": -1317000}, {"maxAge": 1, "endDate": "2020-03-31", "totalRevenue": 9041000, "costOfRevenue": 82000, "grossProfit": 8959000, "researchDevelopment": {}, "sellingGeneralAdministrative": -485000, "nonRecurring": {}, "otherOperatingExpenses": 7556000, "totalOperatingExpenses": 7215000, "operatingIncome": 1826000, "totalOtherIncomeExpenseNet": 1361000, "ebit": 1826000, "interestExpense": {}, "incomeBeforeTax": 3187000, "incomeTaxExpense": 0, "minorityInterest": {}, "netIncomeFromContinuingOps": 3187000, "discontinuedOperations": {}, "extraordinaryItems": {}, "effectOfAccountingCharges": {}, "otherItems": {}, "netIncome": 3187000, "netIncomeApplicableToCommonShares": 3187000}, {"maxAge": 1, "endDate": "2019-12-31", "totalRevenue": 0, "costOfRevenue": 0, "grossProfit": 0, "researchDevelopment": {}, "sellingGeneralAdministrative": 308000, "nonRecurring": {}, "otherOperatingExpenses": -2305000, "totalOperatingExpenses": -1935000, "operatingIncome": 1935000, "totalOtherIncomeExpenseNet": 0, "ebit": 1935000, "interestExpense": {}, "incomeBeforeTax": 1935000, "incomeTaxExpense": 0, "minorityInterest": {}, "netIncomeFromContinuingOps": 1935000, "discontinuedOperations": {}, "extraordinaryItems": {}, "effectOfAccountingCharges": {}, "otherItems": {}, "netIncome": 1935000, "netIncomeApplicableToCommonShares": 1935000}, {"maxAge": 1, "endDate": "2019-09-30", "totalRevenue": 1372000, "costOfRevenue": 0, "grossProfit": 1372000, "researchDevelopment": {}, "sellingGeneralAdministrative": 718000, "nonRecurring": {}, "otherOperatingExpenses": -1044000, "totalOperatingExpenses": -265000, "operatingIncome": 265000, "totalOtherIncomeExpenseNet": -119000, "ebit": 265000, "interestExpense": {}, "incomeBeforeTax": 146000, "incomeTaxExpense": -47000, "minorityInterest": {}, "netIncomeFromContinuingOps": 193000, "discontinuedOperations": {}, "extraordinaryItems": {}, "effectOfAccountingCharges": {}, "otherItems": {}, "netIncome": 193000, "netIncomeApplicableToCommonShares": 193000}], "maxAge": 86400}, "cashflowStatementHistoryQuarterly": {"cashflowStatements": [{"maxAge": 1, "endDate": "2020-06-30", "netIncome": -1317000, "changeToLiabilities": 0}, {"maxAge": 1, "endDate": "2020-03-31", "netIncome": 3187000, "changeToLiabilities": 0}, {"maxAge": 1, "endDate": "2019-12-31", "netIncome": 1935000, "changeToLiabilities": 0}, {"maxAge": 1, "endDate": "2019-09-30", "netIncome": 193000, "changeToLiabilities": 0}], "maxAge": 86400}, "insiderHolders": {"holders": [{"maxAge": 1, "name": "Gujarat Industrial Development Corporation Ltd", "relation": "Institution- Corporation", "url": "", "transactionDescription": "Sale", "latestTransDate": "2010-01-13", "positionDirect": 1819592, "positionDirectDate": "2010-01-13"}, {"maxAge": 1, "name": "Gujarat Industrial Investment Corporation, Ltd.", "relation": "Institution- Corporation", "url": "", "transactionDescription": "Sale", "latestTransDate": "2010-01-21", "positionDirect": 1793572, "positionDirectDate": "2010-01-21"}, {"maxAge": 1, "name": "Torrent Pvt. Ltd.", "relation": "Promoter", "url": "", "transactionDescription": "Other", "latestTransDate": "2014-03-28", "positionDirect": 8015525, "positionDirectDate": "2014-03-28"}], "maxAge": 1}, "earnings": {"maxAge": 86400, "earningsChart": {"quarterly": [], "earningsDate": ["2020-08-08 05:30:S"]}, "financialsChart": {"yearly": [{"date": 2017, "revenue": 893000, "earnings": -2873000}, {"date": 2018, "revenue": 720000, "earnings": -3698000}, {"date": 2019, "revenue": 809000, "earnings": -3840000}, {"date": 2020, "revenue": 9041000, "earnings": 3720000}], "quarterly": [{"date": "3Q2019", "revenue": 1372000, "earnings": 193000}, {"date": "4Q2019", "revenue": 0, "earnings": 1935000}, {"date": "1Q2020", "revenue": 9041000, "earnings": 3187000}, {"date": "2Q2020", "revenue": 62000, "earnings": -1317000}]}, "financialCurrency": "INR"}, "calendarEvents": {"maxAge": 1, "earnings": {"earningsDate": ["2020-08-08 05:30:S"]}}, "upgradeDowngradeHistory": {"history": [], "maxAge": 86400}, "price": {"maxAge": 1, "regularMarketChangePercent": 0.0, "regularMarketChange": 0.0, "regularMarketTime": "2021-04-29 12:15:00", "priceHint": 4, "regularMarketPrice": 2.0, "regularMarketDayHigh": 2.0, "regularMarketDayLow": 2.0, "regularMarketVolume": 125, "averageDailyVolume10Day": 2510, "averageDailyVolume3Month": 6566, "regularMarketPreviousClose": 2.0, "regularMarketSource": "FREE_REALTIME", "regularMarketOpen": 2.0, "exchange": "BSE", "exchangeName": "BSE", "exchangeDataDelayedBy": 0, "marketState": "CLOSED", "quoteType": "EQUITY", "symbol": "GLFL.BO", "underlyingSymbol": null, "shortName": "GUJARAT LEASE FINANCING LTD.", "longName": "Gujarat  Lease Financing Limited", "currency": "INR", "quoteSourceName": "Delayed Quote", "currencySymbol": "\u20b9", "fromCurrency": null, "lastMarket": null, "marketCap": 54251600}, "balanceSheetHistory": {"balanceSheetStatements": [{"maxAge": 1, "endDate": "2020-03-31", "cash": 1183000, "otherCurrentAssets": 342000, "totalCurrentAssets": 1530000, "longTermInvestments": 34291000, "propertyPlantEquipment": 699000, "otherAssets": 15000, "totalAssets": 36535000, "accountsPayable": 664000, "otherCurrentLiab": 2533000, "longTermDebt": 100000000, "totalCurrentLiabilities": 3533000, "totalLiab": 103533000, "commonStock": 271258000, "retainedEarnings": -1250419000, "treasuryStock": 236224000, "capitalSurplus": 675939000, "otherStockholderEquity": 236224000, "totalStockholderEquity": -66998000, "netTangibleAssets": -66998000}, {"maxAge": 1, "endDate": "2019-03-31", "cash": 617000, "otherCurrentAssets": 356000, "totalCurrentAssets": 978000, "longTermInvestments": 91481000, "propertyPlantEquipment": 994000, "otherAssets": 100000, "totalAssets": 93553000, "accountsPayable": 1314000, "otherCurrentLiab": 2898000, "longTermDebt": 150000000, "otherLiab": 1258000, "totalCurrentLiabilities": 4499000, "totalLiab": 155757000, "commonStock": 271258000, "retainedEarnings": -1245625000, "treasuryStock": 236224000, "capitalSurplus": 675939000, "otherStockholderEquity": 236224000, "totalStockholderEquity": -62204000, "netTangibleAssets": -62204000}, {"maxAge": 1, "endDate": "2018-03-31", "cash": 1874000, "otherCurrentAssets": 694000, "totalCurrentAssets": 2573000, "longTermInvestments": 78023000, "propertyPlantEquipment": 1196000, "otherAssets": 129000, "totalAssets": 81921000, "accountsPayable": 1092000, "otherCurrentLiab": 2686000, "longTermDebt": 150000000, "totalCurrentLiabilities": 5618000, "totalLiab": 155618000, "commonStock": 271258000, "retainedEarnings": -1257118000, "treasuryStock": 236224000, "capitalSurplus": 675939000, "otherStockholderEquity": 236224000, "totalStockholderEquity": -73697000, "netTangibleAssets": -73697000}, {"maxAge": 1, "endDate": "2017-03-31", "cash": 244000, "otherCurrentAssets": 704000, "totalCurrentAssets": 2196000, "longTermInvestments": 62396000, "propertyPlantEquipment": 1431000, "otherAssets": 152000, "totalAssets": 66175000, "accountsPayable": 203000, "otherCurrentLiab": 2446000, "longTermDebt": 150000000, "totalCurrentLiabilities": 4426000, "totalLiab": 154426000, "commonStock": 271258000, "retainedEarnings": -1271672000, "treasuryStock": 236224000, "capitalSurplus": 675939000, "otherStockholderEquity": 236224000, "totalStockholderEquity": -88251000, "netTangibleAssets": -88251000}], "maxAge": 86400}, "earningsTrend": {"trend": [{"maxAge": 1, "period": "0q", "endDate": null, "growth": {}, "earningsEstimate": {"avg": 0.0, "low": 0.0, "high": 0.0, "yearAgoEps": {}, "numberOfAnalysts": 0, "growth": {}}, "revenueEstimate": {"avg": 0, "low": 0, "high": 0, "numberOfAnalysts": 0, "yearAgoRevenue": {}, "growth": {}}, "epsTrend": {"current": 0.0, "7daysAgo": 0.0, "30daysAgo": 0.0, "60daysAgo": 0.0, "90daysAgo": 0.0}, "epsRevisions": {"upLast7days": 0, "upLast30days": 0, "downLast30days": 0, "downLast90days": {}}}, {"maxAge": 1, "period": "+1q", "endDate": null, "growth": {}, "earningsEstimate": {"avg": 0.0, "low": 0.0, "high": 0.0, "yearAgoEps": {}, "numberOfAnalysts": 0, "growth": {}}, "revenueEstimate": {"avg": 0, "low": 0, "high": 0, "numberOfAnalysts": 0, "yearAgoRevenue": {}, "growth": {}}, "epsTrend": {"current": 0.0, "7daysAgo": 0.0, "30daysAgo": 0.0, "60daysAgo": 0.0, "90daysAgo": 0.0}, "epsRevisions": {"upLast7days": 0, "upLast30days": 0, "downLast30days": 0, "downLast90days": {}}}, {"maxAge": 1, "period": "0y", "endDate": null, "growth": {}, "earningsEstimate": {"avg": 0.0, "low": 0.0, "high": 0.0, "yearAgoEps": {}, "numberOfAnalysts": 0, "growth": {}}, "revenueEstimate": {"avg": 0, "low": 0, "high": 0, "numberOfAnalysts": 0, "yearAgoRevenue": {}, "growth": {}}, "epsTrend": {"current": 0.0, "7daysAgo": 0.0, "30daysAgo": 0.0, "60daysAgo": 0.0, "90daysAgo": 0.0}, "epsRevisions": {"upLast7days": 0, "upLast30days": 0, "downLast30days": 0, "downLast90days": {}}}, {"maxAge": 1, "period": "+1y", "endDate": null, "growth": {}, "earningsEstimate": {"avg": 0.0, "low": 0.0, "high": 0.0, "yearAgoEps": {}, "numberOfAnalysts": 0, "growth": {}}, "revenueEstimate": {"avg": 0, "low": 0, "high": 0, "numberOfAnalysts": 0, "yearAgoRevenue": {}, "growth": {}}, "epsTrend": {"current": 0.0, "7daysAgo": 0.0, "30daysAgo": 0.0, "60daysAgo": 0.0, "90daysAgo": 0.0}, "epsRevisions": {"upLast7days": 0, "upLast30days": 0, "downLast30days": 0, "downLast90days": {}}}, {"maxAge": 1, "period": "+5y", "endDate": null, "growth": {}, "earningsEstimate": {"avg": {}, "low": {}, "high": {}, "yearAgoEps": {}, "numberOfAnalysts": {}, "growth": {}}, "revenueEstimate": {"avg": {}, "low": {}, "high": {}, "numberOfAnalysts": {}, "yearAgoRevenue": {}, "growth": {}}, "epsTrend": {"current": {}, "7daysAgo": {}, "30daysAgo": {}, "60daysAgo": {}, "90daysAgo": {}}, "epsRevisions": {"upLast7days": {}, "upLast30days": {}, "downLast30days": {}, "downLast90days": {}}}, {"maxAge": 1, "period": "-5y", "endDate": null, "growth": {}, "earningsEstimate": {"avg": {}, "low": {}, "high": {}, "yearAgoEps": {}, "numberOfAnalysts": {}, "growth": {}}, "revenueEstimate": {"avg": {}, "low": {}, "high": {}, "numberOfAnalysts": {}, "yearAgoRevenue": {}, "growth": {}}, "epsTrend": {"current": {}, "7daysAgo": {}, "30daysAgo": {}, "60daysAgo": {}, "90daysAgo": {}}, "epsRevisions": {"upLast7days": {}, "upLast30days": {}, "downLast30days": {}, "downLast90days": {}}}], "maxAge": 1}, "financialData": {"maxAge": 86400, "currentPrice": 2.0, "recommendationKey": "none", "grossProfits": 8959000, "financialCurrency": "INR"}}}