{"GLFL.NS": {"assetProfile": {"address1": "Hasubhai Chambers", "address2": "6th Floor Opp. Town Hall Ellisbridge", "city": "Ahmedabad", "zip": "380006", "country": "India", "phone": "91 79 2657 5722", "fax": "91 79 2657 5702", "website": "http://www.gujaratleasefinancing.co.in", "industry": "Shell Companies", "sector": "Financial Services", "longBusinessSummary": "Gujarat Lease Financing Limited does not have significant operations. Previously, it was engaged in the various spheres of financial services. The company was incorporated in 1983 and is based in Ahmedabad, India.", "fullTimeEmployees": 3, "companyOfficers": [{"maxAge": 1, "name": "Mr. Anil K. Jhaveri", "title": "Chief Exec. Officer", "fiscalYear": 2020, "totalPay": 360000, "exercisedValue": 0, "unexercisedValue": 0}, {"maxAge": 1, "name": "Mr. Janak J. Mehta", "title": "Chief Financial Officer", "fiscalYear": 2020, "totalPay": 300000, "exercisedValue": 0, "unexercisedValue": 0}, {"maxAge": 1, "name": "Mr. Yash  Shah", "age": 29, "title": "Company Sec. & Compliance Officer", "yearBorn": 1991, "exercisedValue": 0, "unexercisedValue": 0}], "compensationAsOfEpochDate": "2020-12-31 05:30:00", "maxAge": 86400}, "recommendationTrend": {"trend": [{"period": "0m", "strongBuy": 0, "buy": 0, "hold": 0, "sell": 0, "strongSell": 0}, {"period": "-1m", "strongBuy": 0, "buy": 0, "hold": 0, "sell": 0, "strongSell": 0}, {"period": "-2m", "strongBuy": 0, "buy": 0, "hold": 0, "sell": 0, "strongSell": 0}, {"period": "-3m", "strongBuy": 0, "buy": 0, "hold": 0, "sell": 0, "strongSell": 0}], "maxAge": 86400}, "cashflowStatementHistory": {"cashflowStatements": [{"maxAge": 1, "endDate": "2020-03-31", "netIncome": 3720000, "depreciation": 246000, "changeToNetincome": -9543000, "changeToLiabilities": -649000, "changeToOperatingActivities": 347000, "totalCashFromOperatingActivities": -5879000, "investments": 55476000, "otherCashflowsFromInvestingActivities": 969000, "totalCashflowsFromInvestingActivities": 56445000, "netBorrowings": -50000000, "totalCashFromFinancingActivities": -50000000, "changeInCash": 566000}, {"maxAge": 1, "endDate": "2019-03-31", "netIncome": -3840000, "depreciation": 243000, "changeToNetincome": -2109000, "changeToLiabilities": 222000, "changeToOperatingActivities": 292000, "totalCashFromOperatingActivities": -5192000, "capitalExpenditures": -40000, "investments": 3325000, "otherCashflowsFromInvestingActivities": 646000, "totalCashflowsFromInvestingActivities": 3931000, "netBorrowings": -50000000, "totalCashFromFinancingActivities": -50000000, "changeInCash": -1261000}, {"maxAge": 1, "endDate": "2018-03-31", "netIncome": -3698000, "depreciation": 235000, "changeToNetincome": -710000, "changeToLiabilities": 515000, "changeToOperatingActivities": 302000, "totalCashFromOperatingActivities": -3356000, "capitalExpenditures": -40000, "investments": 4247000, "otherCashflowsFromInvestingActivities": 739000, "totalCashflowsFromInvestingActivities": 4986000, "netBorrowings": -50000000, "totalCashFromFinancingActivities": -50000000, "changeInCash": 1630000}, {"maxAge": 1, "endDate": "2017-03-31", "netIncome": -2873000, "depreciation": 247000, "changeToNetincome": -765000, "changeToLiabilities": 124000, "changeToOperatingActivities": 330000, "totalCashFromOperatingActivities": -2937000, "capitalExpenditures": -11000, "investments": 2183000, "otherCashflowsFromInvestingActivities": 786000, "totalCashflowsFromInvestingActivities": 2958000, "netBorrowings": -50000000, "totalCashFromFinancingActivities": -50000000, "changeInCash": 21000}], "maxAge": 86400}, "indexTrend": {"maxAge": 1, "symbol": "SP5", "peRatio": 19.7411, "pegRatio": 1.34172, "estimates": [{"period": "0q", "growth": 0.549}, {"period": "+1q", "growth": 0.431}, {"period": "0y", "growth": 0.305}, {"period": "+1y", "growth": 0.109}, {"period": "+5y", "growth": 0.120865}, {"period": "-5y"}]}, "defaultKeyStatistics": {"maxAge": 1, "priceHint": 4, "enterpriseValue": 162333328, "profitMargins": 0.39666, "floatShares": 15223309, "sharesOutstanding": 27125800, "heldPercentInsiders": 0.45666, "heldPercentInstitutions": 0.0, "beta": 0.29237, "category": null, "bookValue": -2.443, "fundFamily": null, "legalType": null, "lastFiscalYearEnd": "2020-03-31 05:30:00", "nextFiscalYearEnd": "2022-03-31 05:30:00", "mostRecentQuarter": "2020-12-31 05:30:00", "netIncomeToCommon": 3280000, "trailingEps": 0.125, "lastSplitFactor": null, "enterpriseToRevenue": 19.632, "enterpriseToEbitda": 53.855}, "industryTrend": {"maxAge": 1, "symbol": null, "estimates": []}, "quoteType": {"exchange": "NSI", "quoteType": "EQUITY", "symbol": "GLFL.NS", "underlyingSymbol": "GLFL.NS", "shortName": "GUJARAT LEASE", "longName": "Gujarat  Lease Financing Limited", "firstTradeDateEpochUtc": "2002-07-01 09:15:00", "timeZoneFullName": "Asia/Kolkata", "timeZoneShortName": "IST", "uuid": "f53c55cc-71fb-3b00-a375-a8b0755b4227", "gmtOffSetMilliseconds": 19800000, "maxAge": 1}, "incomeStatementHistory": {"incomeStatementHistory": [{"maxAge": 1, "endDate": "2020-03-31", "totalRevenue": 9041000, "costOfRevenue": 82000, "grossProfit": 8959000, "researchDevelopment": {}, "sellingGeneralAdministrative": 1056000, "nonRecurring": {}, "otherOperatingExpenses": 4460000, "totalOperatingExpenses": 5844000, "operatingIncome": 3197000, "totalOtherIncomeExpenseNet": 516000, "ebit": 3197000, "interestExpense": {}, "incomeBeforeTax": 3713000, "incomeTaxExpense": -7000, "minorityInterest": {}, "netIncomeFromContinuingOps": 3720000, "discontinuedOperations": {}, "extraordinaryItems": {}, "effectOfAccountingCharges": {}, "otherItems": {}, "netIncome": 3720000, "netIncomeApplicableToCommonShares": 3720000}, {"maxAge": 1, "endDate": "2019-03-31", "totalRevenue": 809000, "costOfRevenue": 80000, "grossProfit": 729000, "researchDevelopment": {}, "sellingGeneralAdministrative": 908000, "nonRecurring": {}, "otherOperatingExpenses": 3326000, "totalOperatingExpenses": 4557000, "operatingIncome": -3748000, "totalOtherIncomeExpenseNet": -592000, "ebit": -3748000, "interestExpense": {}, "incomeBeforeTax": -3493000, "incomeTaxExpense": 347000, "minorityInterest": {}, "netIncomeFromContinuingOps": -3840000, "discontinuedOperations": {}, "extraordinaryItems": {}, "effectOfAccountingCharges": {}, "otherItems": {}, "netIncome": -3840000, "netIncomeApplicableToCommonShares": -3840000}, {"maxAge": 1, "endDate": "2018-03-31", "totalRevenue": 720000, "costOfRevenue": 43000, "grossProfit": 677000, "researchDevelopment": {}, "sellingGeneralAdministrative": 947000, "nonRecurring": {}, "otherOperatingExpenses": 3194000, "totalOperatingExpenses": 4419000, "operatingIncome": -3699000, "totalOtherIncomeExpenseNet": 1000, "ebit": -3699000, "interestExpense": {}, "incomeBeforeTax": -3698000, "incomeTaxExpense": 0, "minorityInterest": {}, "netIncomeFromContinuingOps": -3698000, "discontinuedOperations": {}, "extraordinaryItems": {}, "effectOfAccountingCharges": {}, "otherItems": {}, "netIncome": -3698000, "netIncomeApplicableToCommonShares": -3698000}, {"maxAge": 1, "endDate": "2017-03-31", "totalRevenue": 893000, "costOfRevenue": 32000, "grossProfit": 861000, "researchDevelopment": {}, "sellingGeneralAdministrative": 882000, "nonRecurring": {}, "otherOperatingExpenses": 2607000, "totalOperatingExpenses": 3768000, "operatingIncome": -2875000, "totalOtherIncomeExpenseNet": 2000, "ebit": -2875000, "interestExpense": {}, "incomeBeforeTax": -2873000, "incomeTaxExpense": 0, "minorityInterest": {}, "netIncomeFromContinuingOps": -2873000, "discontinuedOperations": {}, "extraordinaryItems": {}, "effectOfAccountingCharges": {}, "otherItems": {}, "netIncome": -2873000, "netIncomeApplicableToCommonShares": -2873000}], "maxAge": 86400}, "fundOwnership": {"ownershipList": [], "maxAge": 1}, "summaryDetail": {"maxAge": 1, "priceHint": 4, "previousClose": 2.05, "open": 2.05, "dayLow": 2.05, "dayHigh": 2.05, "regularMarketPreviousClose": 2.05, "regularMarketOpen": 2.05, "regularMarketDayLow": 2.05, "regularMarketDayHigh": 2.05, "payoutRatio": 0.0, "beta": 0.29237, "trailingPE": 16.4, "volume": 690, "regularMarketVolume": 690, "averageVolume": 24950, "averageVolume10days": 7840, "averageDailyVolume10Day": 7840, "bid": 0.0, "ask": 0.0, "bidSize": 0, "askSize": 0, "marketCap": 54251608, "fiftyTwoWeekLow": 1.0, "fiftyTwoWeekHigh": 3.5, "priceToSalesTrailing12Months": 6.5608425, "fiftyDayAverage": 2.7787879, "twoHundredDayAverage": 2.5482142, "currency": "INR", "fromCurrency": null, "lastMarket": null, "algorithm": null, "tradeable": false}, "insiderHolders": {"holders": [{"maxAge": 1, "name": "Gujarat Industrial Development Corporation Ltd", "relation": "Institution- Corporation", "url": "", "transactionDescription": "Sale", "latestTransDate": "2010-01-13", "positionDirect": 1819592, "positionDirectDate": "2010-01-13"}, {"maxAge": 1, "name": "Gujarat Industrial Investment Corporation, Ltd.", "relation": "Institution- Corporation", "url": "", "transactionDescription": "Sale", "latestTransDate": "2010-01-21", "positionDirect": 1793572, "positionDirectDate": "2010-01-21"}, {"maxAge": 1, "name": "Torrent Pvt. Ltd.", "relation": "Promoter", "url": "", "transactionDescription": "Other", "latestTransDate": "2014-03-28", "positionDirect": 8015525, "positionDirectDate": "2014-03-28"}], "maxAge": 1}, "calendarEvents": {"maxAge": 1, "earnings": {"earningsDate": []}}, "upgradeDowngradeHistory": {"history": [], "maxAge": 86400}, "price": {"maxAge": 1, "regularMarketChangePercent": 0.0, "regularMarketChange": 0.0, "regularMarketTime": "2021-04-30 12:14:23", "priceHint": 4, "regularMarketPrice": 2.05, "regularMarketDayHigh": 2.05, "regularMarketDayLow": 2.05, "regularMarketVolume": 690, "averageDailyVolume10Day": 7840, "averageDailyVolume3Month": 24950, "regularMarketPreviousClose": 2.05, "regularMarketSource": "FREE_REALTIME", "regularMarketOpen": 2.05, "exchange": "NSI", "exchangeName": "NSE", "exchangeDataDelayedBy": 15, "marketState": "CLOSED", "quoteType": "EQUITY", "symbol": "GLFL.NS", "underlyingSymbol": null, "shortName": "GUJARAT LEASE", "longName": "Gujarat  Lease Financing Limited", "currency": "INR", "quoteSourceName": "Delayed Quote", "currencySymbol": "\u20b9", "fromCurrency": null, "lastMarket": null, "marketCap": 54251608}, "balanceSheetHistory": {"balanceSheetStatements": [{"maxAge": 1, "endDate": "2020-03-31", "cash": 1183000, "otherCurrentAssets": 342000, "totalCurrentAssets": 1530000, "longTermInvestments": 34291000, "propertyPlantEquipment": 699000, "otherAssets": 15000, "totalAssets": 36535000, "accountsPayable": 664000, "otherCurrentLiab": 2533000, "longTermDebt": 100000000, "totalCurrentLiabilities": 3533000, "totalLiab": 103533000, "commonStock": 271258000, "retainedEarnings": -1250419000, "treasuryStock": 236224000, "capitalSurplus": 675939000, "otherStockholderEquity": 236224000, "totalStockholderEquity": -66998000, "netTangibleAssets": -66998000}, {"maxAge": 1, "endDate": "2019-03-31", "cash": 617000, "otherCurrentAssets": 356000, "totalCurrentAssets": 978000, "longTermInvestments": 91481000, "propertyPlantEquipment": 994000, "otherAssets": 100000, "totalAssets": 93553000, "accountsPayable": 1314000, "otherCurrentLiab": 2898000, "longTermDebt": 150000000, "otherLiab": 1258000, "totalCurrentLiabilities": 4499000, "totalLiab": 155757000, "commonStock": 271258000, "retainedEarnings": -1245625000, "treasuryStock": 236224000, "capitalSurplus": 675939000, "otherStockholderEquity": 236224000, "totalStockholderEquity": -62204000, "netTangibleAssets": -62204000}, {"maxAge": 1, "endDate": "2018-03-31", "cash": 1874000, "otherCurrentAssets": 694000, "totalCurrentAssets": 2573000, "longTermInvestments": 78023000, "propertyPlantEquipment": 1196000, "otherAssets": 129000, "totalAssets": 81921000, "accountsPayable": 1092000, "otherCurrentLiab": 2686000, "longTermDebt": 150000000, "totalCurrentLiabilities": 5618000, "totalLiab": 155618000, "commonStock": 271258000, "retainedEarnings": -1257118000, "treasuryStock": 236224000, "capitalSurplus": 675939000, "otherStockholderEquity": 236224000, "totalStockholderEquity": -73697000, "netTangibleAssets": -73697000}, {"maxAge": 1, "endDate": "2017-03-31", "cash": 244000, "otherCurrentAssets": 704000, "totalCurrentAssets": 2196000, "longTermInvestments": 62396000, "propertyPlantEquipment": 1431000, "otherAssets": 152000, "totalAssets": 66175000, "accountsPayable": 203000, "otherCurrentLiab": 2446000, "longTermDebt": 150000000, "totalCurrentLiabilities": 4426000, "totalLiab": 154426000, "commonStock": 271258000, "retainedEarnings": -1271672000, "treasuryStock": 236224000, "capitalSurplus": 675939000, "otherStockholderEquity": 236224000, "totalStockholderEquity": -88251000, "netTangibleAssets": -88251000}], "maxAge": 86400}, "earningsTrend": {"trend": [{"maxAge": 1, "period": "0q", "endDate": null, "growth": {}, "earningsEstimate": {"avg": 0.0, "low": 0.0, "high": 0.0, "yearAgoEps": {}, "numberOfAnalysts": 0, "growth": {}}, "revenueEstimate": {"avg": 0, "low": 0, "high": 0, "numberOfAnalysts": 0, "yearAgoRevenue": {}, "growth": {}}, "epsTrend": {"current": 0.0, "7daysAgo": 0.0, "30daysAgo": 0.0, "60daysAgo": 0.0, "90daysAgo": 0.0}, "epsRevisions": {"upLast7days": 0, "upLast30days": 0, "downLast30days": 0, "downLast90days": {}}}, {"maxAge": 1, "period": "+1q", "endDate": null, "growth": {}, "earningsEstimate": {"avg": 0.0, "low": 0.0, "high": 0.0, "yearAgoEps": {}, "numberOfAnalysts": 0, "growth": {}}, "revenueEstimate": {"avg": 0, "low": 0, "high": 0, "numberOfAnalysts": 0, "yearAgoRevenue": {}, "growth": {}}, "epsTrend": {"current": 0.0, "7daysAgo": 0.0, "30daysAgo": 0.0, "60daysAgo": 0.0, "90daysAgo": 0.0}, "epsRevisions": {"upLast7days": 0, "upLast30days": 0, "downLast30days": 0, "downLast90days": {}}}, {"maxAge": 1, "period": "0y", "endDate": null, "growth": {}, "earningsEstimate": {"avg": 0.0, "low": 0.0, "high": 0.0, "yearAgoEps": {}, "numberOfAnalysts": 0, "growth": {}}, "revenueEstimate": {"avg": 0, "low": 0, "high": 0, "numberOfAnalysts": 0, "yearAgoRevenue": {}, "growth": {}}, "epsTrend": {"current": 0.0, "7daysAgo": 0.0, "30daysAgo": 0.0, "60daysAgo": 0.0, "90daysAgo": 0.0}, "epsRevisions": {"upLast7days": 0, "upLast30days": 0, "downLast30days": 0, "downLast90days": {}}}, {"maxAge": 1, "period": "+1y", "endDate": null, "growth": {}, "earningsEstimate": {"avg": 0.0, "low": 0.0, "high": 0.0, "yearAgoEps": {}, "numberOfAnalysts": 0, "growth": {}}, "revenueEstimate": {"avg": 0, "low": 0, "high": 0, "numberOfAnalysts": 0, "yearAgoRevenue": {}, "growth": {}}, "epsTrend": {"current": 0.0, "7daysAgo": 0.0, "30daysAgo": 0.0, "60daysAgo": 0.0, "90daysAgo": 0.0}, "epsRevisions": {"upLast7days": 0, "upLast30days": 0, "downLast30days": 0, "downLast90days": {}}}, {"maxAge": 1, "period": "+5y", "endDate": null, "growth": {}, "earningsEstimate": {"avg": {}, "low": {}, "high": {}, "yearAgoEps": {}, "numberOfAnalysts": {}, "growth": {}}, "revenueEstimate": {"avg": {}, "low": {}, "high": {}, "numberOfAnalysts": {}, "yearAgoRevenue": {}, "growth": {}}, "epsTrend": {"current": {}, "7daysAgo": {}, "30daysAgo": {}, "60daysAgo": {}, "90daysAgo": {}}, "epsRevisions": {"upLast7days": {}, "upLast30days": {}, "downLast30days": {}, "downLast90days": {}}}, {"maxAge": 1, "period": "-5y", "endDate": null, "growth": {}, "earningsEstimate": {"avg": {}, "low": {}, "high": {}, "yearAgoEps": {}, "numberOfAnalysts": {}, "growth": {}}, "revenueEstimate": {"avg": {}, "low": {}, "high": {}, "numberOfAnalysts": {}, "yearAgoRevenue": {}, "growth": {}}, "epsTrend": {"current": {}, "7daysAgo": {}, "30daysAgo": {}, "60daysAgo": {}, "90daysAgo": {}}, "epsRevisions": {"upLast7days": {}, "upLast30days": {}, "downLast30days": {}, "downLast90days": {}}}], "maxAge": 1}, "institutionOwnership": {"ownershipList": [], "maxAge": 1}, "majorHoldersBreakdown": {"maxAge": 1, "insidersPercentHeld": 0.45666, "institutionsPercentHeld": 0.0, "institutionsFloatPercentHeld": 0.0, "institutionsCount": 0}, "balanceSheetHistoryQuarterly": {"balanceSheetStatements": [{"maxAge": 1, "endDate": "2020-12-31", "totalStockholderEquity": -57252000, "netTangibleAssets": -57252000}, {"maxAge": 1, "endDate": "2020-09-30", "cash": 260000, "otherCurrentAssets": 346000, "totalCurrentAssets": 626000, "longTermInvestments": 45168000, "propertyPlantEquipment": 576000, "totalAssets": 46370000, "accountsPayable": 776000, "otherCurrentLiab": 2533000, "longTermDebt": 100000000, "totalCurrentLiabilities": 3622000, "totalLiab": 103622000, "commonStock": 271258000, "treasuryStock": -328510000, "otherStockholderEquity": -328510000, "totalStockholderEquity": -57252000, "netTangibleAssets": -57252000}, {"maxAge": 1, "endDate": "2020-06-30", "totalStockholderEquity": -66998000, "netTangibleAssets": -66998000}, {"maxAge": 1, "endDate": "2020-03-31", "cash": 1183000, "otherCurrentAssets": 342000, "totalCurrentAssets": 1530000, "longTermInvestments": 34291000, "propertyPlantEquipment": 699000, "otherAssets": 15000, "totalAssets": 36535000, "accountsPayable": 664000, "otherCurrentLiab": 2533000, "longTermDebt": 100000000, "totalCurrentLiabilities": 3533000, "totalLiab": 103533000, "commonStock": 271258000, "retainedEarnings": -1250419000, "treasuryStock": 236224000, "capitalSurplus": 675939000, "otherStockholderEquity": 236224000, "totalStockholderEquity": -66998000, "netTangibleAssets": -66998000}], "maxAge": 86400}, "earningsHistory": {"history": [{"maxAge": 1, "epsActual": {}, "epsEstimate": {}, "epsDifference": {}, "surprisePercent": {}, "quarter": {}, "period": "-4q"}, {"maxAge": 1, "epsActual": {}, "epsEstimate": {}, "epsDifference": {}, "surprisePercent": {}, "quarter": {}, "period": "-3q"}, {"maxAge": 1, "epsActual": {}, "epsEstimate": {}, "epsDifference": {}, "surprisePercent": {}, "quarter": {}, "period": "-2q"}, {"maxAge": 1, "epsActual": {}, "epsEstimate": {}, "epsDifference": {}, "surprisePercent": {}, "quarter": {}, "period": "-1q"}], "maxAge": 86400}, "summaryProfile": {"address1": "Hasubhai Chambers", "address2": "6th Floor Opp. Town Hall Ellisbridge", "city": "Ahmedabad", "zip": "380006", "country": "India", "phone": "91 79 2657 5722", "fax": "91 79 2657 5702", "website": "http://www.gujaratleasefinancing.co.in", "industry": "Shell Companies", "sector": "Financial Services", "longBusinessSummary": "Gujarat Lease Financing Limited does not have significant operations. Previously, it was engaged in the various spheres of financial services. The company was incorporated in 1983 and is based in Ahmedabad, India.", "fullTimeEmployees": 3, "companyOfficers": [], "maxAge": 86400}, "netSharePurchaseActivity": {"maxAge": 1, "period": "6m", "buyInfoCount": 0, "buyInfoShares": 0, "sellInfoCount": 0, "netInfoCount": 0, "netInfoShares": 0, "netPercentInsiderShares": 0.0, "totalInsiderShares": 13943351}, "insiderTransactions": {"transactions": [{"maxAge": 1, "shares": 1215776, "filerUrl": "", "transactionText": "", "filerName": "Torrent Pvt. Ltd.", "filerRelation": "Promoter", "moneyText": "", "startDate": "2014-03-28", "ownership": "D"}, {"maxAge": 1, "shares": 400, "filerUrl": "", "transactionText": "", "filerName": "Gujarat Industrial Investment Corporation, Ltd.", "filerRelation": "Institution- Corporation", "moneyText": "", "startDate": "2010-01-21", "ownership": "D"}, {"maxAge": 1, "shares": 1700, "filerUrl": "", "transactionText": "", "filerName": "Gujarat Industrial Investment Corporation, Ltd.", "filerRelation": "Institution- Corporation", "moneyText": "", "startDate": "2010-01-19", "ownership": "D"}, {"maxAge": 1, "shares": 23920, "filerUrl": "", "transactionText": "", "filerName": "Gujarat Industrial Investment Corporation, Ltd.", "filerRelation": "Institution- Corporation", "moneyText": "", "startDate": "2010-01-15", "ownership": "D"}, {"maxAge": 1, "shares": 3555, "filerUrl": "", "transactionText": "", "filerName": "Gujarat Industrial Development Corporation Ltd", "filerRelation": "Institution- Corporation", "moneyText": "", "startDate": "2010-01-13", "ownership": "D"}, {"maxAge": 1, "shares": 3555, "filerUrl": "", "transactionText": "", "filerName": "Gujarat Industrial Investment Corporation, Ltd.", "filerRelation": "Institution- Corporation", "moneyText": "", "startDate": "2010-01-13", "ownership": "D"}, {"maxAge": 1, "shares": 4788, "filerUrl": "", "transactionText": "", "filerName": "Gujarat Industrial Development Corporation Ltd", "filerRelation": "Institution- Corporation", "moneyText": "", "startDate": "2010-01-12", "ownership": "D"}, {"maxAge": 1, "shares": 4788, "filerUrl": "", "transactionText": "", "filerName": "Gujarat Industrial Investment Corporation, Ltd.", "filerRelation": "Institution- Corporation", "moneyText": "", "startDate": "2010-01-12", "ownership": "D"}, {"maxAge": 1, "shares": 18718, "filerUrl": "", "transactionText": "", "filerName": "Gujarat Industrial Development Corporation Ltd", "filerRelation": "Institution- Corporation", "moneyText": "", "startDate": "2010-01-11", "ownership": "D"}, {"maxAge": 1, "shares": 18718, "filerUrl": "", "transactionText": "", "filerName": "Gujarat Industrial Investment Corporation, Ltd.", "filerRelation": "Institution- Corporation", "moneyText": "", "startDate": "2010-01-11", "ownership": "D"}, {"maxAge": 1, "shares": 14715, "filerUrl": "", "transactionText": "", "filerName": "Gujarat Industrial Development Corporation Ltd", "filerRelation": "Institution- Corporation", "moneyText": "", "startDate": "2010-01-08", "ownership": "D"}, {"maxAge": 1, "shares": 14715, "filerUrl": "", "transactionText": "", "filerName": "Gujarat Industrial Investment Corporation, Ltd.", "filerRelation": "Institution- Corporation", "moneyText": "", "startDate": "2010-01-08", "ownership": "D"}, {"maxAge": 1, "shares": 417133, "filerUrl": "", "transactionText": "", "filerName": "Gujarat Industrial Investment Corporation, Ltd.", "filerRelation": "Institution- Corporation", "moneyText": "", "startDate": "2010-01-07", "ownership": "D"}], "maxAge": 1}, "sectorTrend": {"maxAge": 1, "symbol": null, "estimates": []}, "incomeStatementHistoryQuarterly": {"incomeStatementHistory": [{"maxAge": 1, "endDate": "2020-12-31", "totalRevenue": 7000, "costOfRevenue": 0, "grossProfit": 7000, "researchDevelopment": {}, "sellingGeneralAdministrative": 672000, "nonRecurring": {}, "otherOperatingExpenses": 190000, "totalOperatingExpenses": 923000, "operatingIncome": -916000, "totalOtherIncomeExpenseNet": 0, "ebit": -916000, "interestExpense": {}, "incomeBeforeTax": -916000, "incomeTaxExpense": 0, "minorityInterest": {}, "netIncomeFromContinuingOps": -916000, "discontinuedOperations": {}, "extraordinaryItems": {}, "effectOfAccountingCharges": {}, "otherItems": {}, "netIncome": -916000, "netIncomeApplicableToCommonShares": -916000}, {"maxAge": 1, "endDate": "2020-09-30", "totalRevenue": 73000, "costOfRevenue": 0, "grossProfit": 73000, "researchDevelopment": {}, "sellingGeneralAdministrative": 309000, "nonRecurring": {}, "otherOperatingExpenses": 405000, "totalOperatingExpenses": 776000, "operatingIncome": -703000, "totalOtherIncomeExpenseNet": 0, "ebit": -703000, "interestExpense": {}, "incomeBeforeTax": -703000, "incomeTaxExpense": 0, "minorityInterest": {}, "netIncomeFromContinuingOps": -703000, "discontinuedOperations": {}, "extraordinaryItems": {}, "effectOfAccountingCharges": {}, "otherItems": {}, "netIncome": -703000, "netIncomeApplicableToCommonShares": -703000}, {"maxAge": 1, "endDate": "2020-06-30", "totalRevenue": 62000, "costOfRevenue": 0, "grossProfit": 62000, "researchDevelopment": {}, "sellingGeneralAdministrative": 302000, "nonRecurring": {}, "otherOperatingExpenses": 169000, "totalOperatingExpenses": 532000, "operatingIncome": -470000, "totalOtherIncomeExpenseNet": -847000, "ebit": -470000, "interestExpense": {}, "incomeBeforeTax": -1317000, "incomeTaxExpense": 0, "minorityInterest": {}, "netIncomeFromContinuingOps": -1317000, "discontinuedOperations": {}, "extraordinaryItems": {}, "effectOfAccountingCharges": {}, "otherItems": {}, "netIncome": -1317000, "netIncomeApplicableToCommonShares": -1317000}, {"maxAge": 1, "endDate": "2020-03-31", "totalRevenue": 9041000, "costOfRevenue": 82000, "grossProfit": 8959000, "researchDevelopment": {}, "sellingGeneralAdministrative": -485000, "nonRecurring": {}, "otherOperatingExpenses": 7556000, "totalOperatingExpenses": 7215000, "operatingIncome": 1826000, "totalOtherIncomeExpenseNet": 1361000, "ebit": 1826000, "interestExpense": {}, "incomeBeforeTax": 3187000, "incomeTaxExpense": 0, "minorityInterest": {}, "netIncomeFromContinuingOps": 3187000, "discontinuedOperations": {}, "extraordinaryItems": {}, "effectOfAccountingCharges": {}, "otherItems": {}, "netIncome": 3187000, "netIncomeApplicableToCommonShares": 3187000}], "maxAge": 86400}, "cashflowStatementHistoryQuarterly": {"cashflowStatements": [{"maxAge": 1, "endDate": "2020-12-31", "netIncome": -916000, "changeToLiabilities": 0}, {"maxAge": 1, "endDate": "2020-09-30", "netIncome": -703000, "changeToLiabilities": 0}, {"maxAge": 1, "endDate": "2020-06-30", "netIncome": -1317000, "changeToLiabilities": 0}, {"maxAge": 1, "endDate": "2020-03-31", "netIncome": 3187000, "changeToLiabilities": 0}], "maxAge": 86400}, "earnings": {"maxAge": 86400, "earningsChart": {"quarterly": [], "earningsDate": []}, "financialsChart": {"yearly": [{"date": 2017, "revenue": 893000, "earnings": -2873000}, {"date": 2018, "revenue": 720000, "earnings": -3698000}, {"date": 2019, "revenue": 809000, "earnings": -3840000}, {"date": 2020, "revenue": 9041000, "earnings": 3720000}], "quarterly": [{"date": "1Q2020", "revenue": 9041000, "earnings": 3187000}, {"date": "2Q2020", "revenue": 62000, "earnings": -1317000}, {"date": "3Q2020", "revenue": 73000, "earnings": -703000}, {"date": "4Q2020", "revenue": 7000, "earnings": -916000}]}, "financialCurrency": "INR"}, "financialData": {"maxAge": 86400, "currentPrice": 2.05, "recommendationKey": "none", "totalCash": 260000, "totalCashPerShare": 0.009, "ebitda": 3014250, "totalDebt": 100000000, "totalRevenue": 8269000, "revenuePerShare": 0.314, "grossProfits": 8959000, "grossMargins": 0.99008006, "ebitdaMargins": 0.36451998, "operatingMargins": 0.3345, "profitMargins": 0.39666, "financialCurrency": "INR"}}}