{"GLITTEKG.BO": {"cashflowStatementHistory": {"cashflowStatements": [{"maxAge": 1, "endDate": "2020-03-31", "netIncome": -13765000, "depreciation": 9635000, "changeToNetincome": 12260000, "changeToAccountReceivables": 19314000, "changeToLiabilities": 1909000, "changeToInventory": -14782000, "changeToOperatingActivities": -629000, "totalCashFromOperatingActivities": 13942000, "capitalExpenditures": -14000, "otherCashflowsFromInvestingActivities": 565000, "totalCashflowsFromInvestingActivities": 551000, "netBorrowings": 2961000, "otherCashflowsFromFinancingActivities": -16707000, "totalCashFromFinancingActivities": -13746000, "changeInCash": 747000}, {"maxAge": 1, "endDate": "2019-03-31", "netIncome": -9003186, "depreciation": 9850000, "changeToNetincome": 8034186, "changeToAccountReceivables": 6991000, "changeToLiabilities": -4569000, "changeToInventory": -11786000, "changeToOperatingActivities": 8522000, "totalCashFromOperatingActivities": 8039000, "capitalExpenditures": -29000, "otherCashflowsFromInvestingActivities": 727000, "totalCashflowsFromInvestingActivities": 698000, "netBorrowings": 3345000, "otherCashflowsFromFinancingActivities": -12190000, "totalCashFromFinancingActivities": -8845000, "changeInCash": -108000}, {"maxAge": 1, "endDate": "2018-03-31", "netIncome": 12339191, "depreciation": 10001921, "changeToNetincome": -1169191, "changeToAccountReceivables": 2988000, "changeToLiabilities": 4253000, "changeToInventory": -40780000, "changeToOperatingActivities": 823000, "totalCashFromOperatingActivities": -11540000, "capitalExpenditures": -29000, "otherCashflowsFromInvestingActivities": 806000, "totalCashflowsFromInvestingActivities": 1231000, "netBorrowings": 17101000, "otherCashflowsFromFinancingActivities": -9391000, "totalCashFromFinancingActivities": 7710000, "changeInCash": -2599000}, {"maxAge": 1, "endDate": "2017-03-31", "netIncome": 558, "depreciation": 10107874, "changeToNetincome": 10121442, "changeToAccountReceivables": 50744000, "changeToLiabilities": 502000, "changeToInventory": -37858000, "changeToOperatingActivities": -1986000, "totalCashFromOperatingActivities": 31657000, "capitalExpenditures": -726000, "otherCashflowsFromInvestingActivities": 307000, "totalCashflowsFromInvestingActivities": -419000, "netBorrowings": -20598000, "otherCashflowsFromFinancingActivities": -8126000, "totalCashFromFinancingActivities": -28724000, "changeInCash": 2514000}], "maxAge": 86400}, "institutionOwnership": {"ownershipList": [], "maxAge": 1}, "balanceSheetHistoryQuarterly": {"balanceSheetStatements": [{"maxAge": 1, "endDate": "2020-06-30", "totalStockholderEquity": 170001499, "netTangibleAssets": 170001499}, {"maxAge": 1, "endDate": "2020-03-31", "cash": 2766059, "shortTermInvestments": 2584094, "netReceivables": 67927775, "inventory": 220634060, "otherCurrentAssets": 5367950, "totalCurrentAssets": 299279938, "longTermInvestments": 2481089, "propertyPlantEquipment": 60646832, "otherAssets": 6735424, "deferredLongTermAssetCharges": 5548378, "totalAssets": 369143283, "accountsPayable": 8024432, "otherCurrentLiab": 13245345, "totalCurrentLiabilities": 199141784, "totalLiab": 199141784, "commonStock": 132908500, "treasuryStock": 37092999, "otherStockholderEquity": 37092999, "totalStockholderEquity": 170001499, "netTangibleAssets": 170001499}, {"maxAge": 1, "endDate": "2019-12-31", "totalStockholderEquity": 185588350, "netTangibleAssets": 185588350}, {"maxAge": 1, "endDate": "2019-09-30", "cash": 3074631, "shortTermInvestments": 2687848, "netReceivables": 81593690, "inventory": 206627584, "otherCurrentAssets": 9430526, "totalCurrentAssets": 303414279, "longTermInvestments": 2947627, "propertyPlantEquipment": 65438735, "otherAssets": 3865698, "deferredLongTermAssetCharges": 2821746, "totalAssets": 375666339, "accountsPayable": 5060015, "otherCurrentLiab": 12677166, "totalCurrentLiabilities": 190077989, "totalLiab": 190077989, "commonStock": 132908500, "treasuryStock": 52679850, "otherStockholderEquity": 52679850, "totalStockholderEquity": 185588350, "netTangibleAssets": 185588350}], "maxAge": 86400}, "indexTrend": {"maxAge": 1, "symbol": "SP5", "peRatio": 19.7411, "pegRatio": 1.34172, "estimates": [{"period": "0q", "growth": 0.549}, {"period": "+1q", "growth": 0.431}, {"period": "0y", "growth": 0.305}, {"period": "+1y", "growth": 0.109}, {"period": "+5y", "growth": 0.120859005}, {"period": "-5y"}]}, "insiderTransactions": {"transactions": [{"maxAge": 1, "shares": 522654, "filerUrl": "", "transactionText": "", "filerName": "IDBI Bank Ltd", "filerRelation": "Institution- Corporation", "moneyText": "", "startDate": "2017-01-30", "ownership": "D"}, {"maxAge": 1, "shares": 533415, "filerUrl": "", "transactionText": "", "filerName": "IDBI Bank Ltd", "filerRelation": "Institution- Corporation", "moneyText": "", "startDate": "2011-01-10", "ownership": "D"}, {"maxAge": 1, "shares": 615081, "filerUrl": "", "transactionText": "", "filerName": "IDBI Bank Ltd", "filerRelation": "Institution- Corporation", "moneyText": "", "startDate": "2010-12-31", "ownership": "D"}, {"maxAge": 1, "shares": 520684, "filerUrl": "", "transactionText": "", "filerName": "IDBI Bank Ltd", "filerRelation": "Institution- Corporation", "moneyText": "", "startDate": "2010-11-30", "ownership": "D"}, {"maxAge": 1, "shares": 529243, "filerUrl": "", "transactionText": "", "filerName": "IDBI Bank Ltd", "filerRelation": "Institution- Corporation", "moneyText": "", "startDate": "2010-10-05", "ownership": "D"}, {"maxAge": 1, "shares": 81200, "filerUrl": "", "transactionText": "", "filerName": "Agarwal (Bimal Kumar)", "filerRelation": "Chairman of the Board", "moneyText": "", "startDate": "2009-08-25", "ownership": "D"}, {"maxAge": 1, "shares": 75000, "filerUrl": "", "transactionText": "", "filerName": "Agarwal (Manjula)", "filerRelation": "UNREPORTED", "moneyText": "", "startDate": "2009-08-25", "ownership": "D"}, {"maxAge": 1, "shares": 206800, "filerUrl": "", "transactionText": "", "filerName": "Agarwal (Rahul)", "filerRelation": "UNREPORTED", "moneyText": "", "startDate": "2009-08-25", "ownership": "D"}, {"maxAge": 1, "shares": 42500, "filerUrl": "", "transactionText": "", "filerName": "Agarwal (Rashi)", "filerRelation": "UNREPORTED", "moneyText": "", "startDate": "2009-08-25", "ownership": "D"}, {"maxAge": 1, "shares": 64000, "filerUrl": "", "transactionText": "", "filerName": "Agarwal (Stutee)", "filerRelation": "UNREPORTED", "moneyText": "", "startDate": "2009-08-25", "ownership": "D"}, {"maxAge": 1, "shares": 90000, "filerUrl": "", "transactionText": "", "filerName": "Agarwal (Tanushree Hazarika)", "filerRelation": "UNREPORTED", "moneyText": "", "startDate": "2009-08-25", "ownership": "D"}], "maxAge": 1}, "quoteType": {"exchange": "BSE", "quoteType": "EQUITY", "symbol": "GLITTEKG.BO", "underlyingSymbol": "GLITTEKG.BO", "shortName": "GLITTEK GRANITES LTD.", "longName": "Glittek Granites Limited", "firstTradeDateEpochUtc": "2002-06-06 09:15:00", "timeZoneFullName": "Asia/Kolkata", "timeZoneShortName": "IST", "uuid": "44313b18-bcfd-3468-9958-cb7e6e33491f", "gmtOffSetMilliseconds": 19800000, "maxAge": 1}, "incomeStatementHistory": {"incomeStatementHistory": [{"maxAge": 1, "endDate": "2020-03-31", "totalRevenue": 179817000, "costOfRevenue": 78235000, "grossProfit": 101582000, "researchDevelopment": {}, "sellingGeneralAdministrative": 37930000, "nonRecurring": {}, "otherOperatingExpenses": 54746000, "totalOperatingExpenses": 180546000, "operatingIncome": -729000, "totalOtherIncomeExpenseNet": -16707000, "ebit": -729000, "interestExpense": -16707000, "incomeBeforeTax": -17436000, "incomeTaxExpense": -3671000, "minorityInterest": {}, "netIncomeFromContinuingOps": -13765000, "discontinuedOperations": {}, "extraordinaryItems": {}, "effectOfAccountingCharges": {}, "otherItems": {}, "netIncome": -13765000, "netIncomeApplicableToCommonShares": -13765000}, {"maxAge": 1, "endDate": "2019-03-31", "totalRevenue": 211629155, "costOfRevenue": 96348150, "grossProfit": 115281005, "researchDevelopment": {}, "sellingGeneralAdministrative": 106165829, "nonRecurring": {}, "otherOperatingExpenses": -547639, "totalOperatingExpenses": 211816642, "operatingIncome": -187487, "totalOtherIncomeExpenseNet": -12010834, "ebit": -187487, "interestExpense": -11301324, "incomeBeforeTax": -12198321, "incomeTaxExpense": -3195135, "minorityInterest": {}, "netIncomeFromContinuingOps": -9003186, "discontinuedOperations": {}, "extraordinaryItems": {}, "effectOfAccountingCharges": {}, "otherItems": {}, "netIncome": -9003186, "netIncomeApplicableToCommonShares": -9003186}, {"maxAge": 1, "endDate": "2018-03-31", "totalRevenue": 237767896, "costOfRevenue": 114905017, "grossProfit": 122862879, "researchDevelopment": {}, "sellingGeneralAdministrative": 100977661, "nonRecurring": {}, "otherOperatingExpenses": -578032, "totalOperatingExpenses": 225310506, "operatingIncome": 12457390, "totalOtherIncomeExpenseNet": -9159993, "ebit": 12457390, "interestExpense": -8864314, "incomeBeforeTax": 3297397, "incomeTaxExpense": -9041794, "minorityInterest": {}, "netIncomeFromContinuingOps": 12339191, "discontinuedOperations": {}, "extraordinaryItems": {}, "effectOfAccountingCharges": {}, "otherItems": {}, "netIncome": 12339191, "netIncomeApplicableToCommonShares": 12339191}, {"maxAge": 1, "endDate": "2017-03-31", "totalRevenue": 256525833, "costOfRevenue": 133025930, "grossProfit": 123499903, "researchDevelopment": {}, "sellingGeneralAdministrative": 103674797, "nonRecurring": {}, "otherOperatingExpenses": -31628, "totalOperatingExpenses": 246801455, "operatingIncome": 9724378, "totalOtherIncomeExpenseNet": -7860159, "ebit": 9724378, "interestExpense": -7598253, "incomeBeforeTax": 1864219, "incomeTaxExpense": 1863661, "minorityInterest": {}, "netIncomeFromContinuingOps": 558, "discontinuedOperations": {}, "extraordinaryItems": {}, "effectOfAccountingCharges": {}, "otherItems": {}, "netIncome": 558, "netIncomeApplicableToCommonShares": 558}], "maxAge": 86400}, "fundOwnership": {"ownershipList": [], "maxAge": 1}, "summaryDetail": {"maxAge": 1, "priceHint": 4, "previousClose": 1.2, "open": 1.2, "dayLow": 1.2, "dayHigh": 1.2, "regularMarketPreviousClose": 1.2, "regularMarketOpen": 1.2, "regularMarketDayLow": 1.2, "regularMarketDayHigh": 1.2, "volume": 5300, "regularMarketVolume": 5300, "averageVolume": 7121, "averageVolume10days": 996, "averageDailyVolume10Day": 996, "bid": 1.2, "ask": 0.0, "bidSize": 0, "askSize": 0, "marketCap": 31151282, "fiftyTwoWeekLow": 0.73, "fiftyTwoWeekHigh": 2.07, "fiftyDayAverage": 1.8015151, "twoHundredDayAverage": 1.3408089, "currency": "INR", "fromCurrency": null, "lastMarket": null, "algorithm": null, "tradeable": false}, "incomeStatementHistoryQuarterly": {"incomeStatementHistory": [{"maxAge": 1, "endDate": "2020-06-30", "totalRevenue": 22860000, "costOfRevenue": 10724000, "grossProfit": 12136000, "researchDevelopment": {}, "sellingGeneralAdministrative": 6196000, "nonRecurring": {}, "otherOperatingExpenses": 6146000, "totalOperatingExpenses": 25457000, "operatingIncome": -2597000, "totalOtherIncomeExpenseNet": -4037000, "ebit": -2597000, "interestExpense": -4037000, "incomeBeforeTax": -6634000, "incomeTaxExpense": 0, "minorityInterest": {}, "netIncomeFromContinuingOps": -6634000, "discontinuedOperations": {}, "extraordinaryItems": {}, "effectOfAccountingCharges": {}, "otherItems": {}, "netIncome": -6634000, "netIncomeApplicableToCommonShares": -6634000}, {"maxAge": 1, "endDate": "2020-03-31", "totalRevenue": 36138000, "costOfRevenue": 23484000, "grossProfit": 12654000, "researchDevelopment": {}, "sellingGeneralAdministrative": 9018000, "nonRecurring": {}, "otherOperatingExpenses": 13388000, "totalOperatingExpenses": 48275000, "operatingIncome": -12137000, "totalOtherIncomeExpenseNet": -4568000, "ebit": -12137000, "interestExpense": -4568000, "incomeBeforeTax": -16705000, "incomeTaxExpense": -2690000, "minorityInterest": {}, "netIncomeFromContinuingOps": -14015000, "discontinuedOperations": {}, "extraordinaryItems": {}, "effectOfAccountingCharges": {}, "otherItems": {}, "netIncome": -14015000, "netIncomeApplicableToCommonShares": -14015000}, {"maxAge": 1, "endDate": "2019-12-31", "totalRevenue": 38406000, "costOfRevenue": 11011000, "grossProfit": 27395000, "researchDevelopment": {}, "sellingGeneralAdministrative": 9882000, "nonRecurring": {}, "otherOperatingExpenses": 13178000, "totalOperatingExpenses": 36484000, "operatingIncome": 1922000, "totalOtherIncomeExpenseNet": -4264000, "ebit": 1922000, "interestExpense": -4264000, "incomeBeforeTax": -2342000, "incomeTaxExpense": -326000, "minorityInterest": {}, "netIncomeFromContinuingOps": -2016000, "discontinuedOperations": {}, "extraordinaryItems": {}, "effectOfAccountingCharges": {}, "otherItems": {}, "netIncome": -2016000, "netIncomeApplicableToCommonShares": -2016000}, {"maxAge": 1, "endDate": "2019-09-30", "totalRevenue": 54175000, "costOfRevenue": 21604000, "grossProfit": 32571000, "researchDevelopment": {}, "sellingGeneralAdministrative": 9731000, "nonRecurring": {}, "otherOperatingExpenses": 15724000, "totalOperatingExpenses": 49483000, "operatingIncome": 4692000, "totalOtherIncomeExpenseNet": -3868000, "ebit": 4692000, "interestExpense": -3868000, "incomeBeforeTax": 824000, "incomeTaxExpense": -329000, "minorityInterest": {}, "netIncomeFromContinuingOps": 1153000, "discontinuedOperations": {}, "extraordinaryItems": {}, "effectOfAccountingCharges": {}, "otherItems": {}, "netIncome": 1153000, "netIncomeApplicableToCommonShares": 1153000}], "maxAge": 86400}, "cashflowStatementHistoryQuarterly": {"cashflowStatements": [{"maxAge": 1, "endDate": "2020-06-30", "netIncome": -6634000, "changeToLiabilities": 0}, {"maxAge": 1, "endDate": "2020-03-31", "netIncome": -14015000, "changeToLiabilities": 0}, {"maxAge": 1, "endDate": "2019-12-31", "netIncome": -2016000, "changeToLiabilities": 0}, {"maxAge": 1, "endDate": "2019-09-30", "netIncome": 1153000, "changeToLiabilities": 0}], "maxAge": 86400}, "insiderHolders": {"holders": [{"maxAge": 1, "name": "Agarwal (Bimal Kumar)", "relation": "Chairman of the Board", "url": "", "transactionDescription": "Acquisition", "latestTransDate": "2009-08-25", "positionDirect": 899300, "positionDirectDate": "2009-08-25"}, {"maxAge": 1, "name": "Agarwal (Manjula)", "relation": "UNREPORTED", "url": "", "transactionDescription": "Acquisition", "latestTransDate": "2009-08-25", "positionDirect": 100000, "positionDirectDate": "2009-08-25"}, {"maxAge": 1, "name": "Agarwal (Rahul)", "relation": "UNREPORTED", "url": "", "transactionDescription": "Acquisition", "latestTransDate": "2009-08-25", "positionDirect": 207500, "positionDirectDate": "2009-08-25"}, {"maxAge": 1, "name": "Agarwal (Rashi)", "relation": "UNREPORTED", "url": "", "transactionDescription": "Acquisition", "latestTransDate": "2009-08-25", "positionDirect": 42500, "positionDirectDate": "2009-08-25"}, {"maxAge": 1, "name": "Agarwal (Stutee)", "relation": "UNREPORTED", "url": "", "transactionDescription": "Acquisition", "latestTransDate": "2009-08-25", "positionDirect": 87000, "positionDirectDate": "2009-08-25"}, {"maxAge": 1, "name": "Agarwal (Tanushree Hazarika)", "relation": "UNREPORTED", "url": "", "transactionDescription": "Acquisition", "latestTransDate": "2009-08-25", "positionDirect": 97000, "positionDirectDate": "2009-08-25"}, {"maxAge": 1, "name": "IDBI Bank Ltd", "relation": "Institution- Corporation", "url": "", "transactionDescription": "Sale", "latestTransDate": "2017-01-30", "positionDirect": 0, "positionDirectDate": "2017-01-30"}], "maxAge": 1}, "calendarEvents": {"maxAge": 1, "earnings": {"earningsDate": []}}, "upgradeDowngradeHistory": {"history": [], "maxAge": 86400}, "price": {"maxAge": 1, "regularMarketChangePercent": 0.0, "regularMarketChange": 0.0, "regularMarketTime": "2021-04-28 15:15:00", "priceHint": 4, "regularMarketPrice": 1.2, "regularMarketDayHigh": 1.2, "regularMarketDayLow": 1.2, "regularMarketVolume": 5300, "averageDailyVolume10Day": 996, "averageDailyVolume3Month": 7121, "regularMarketPreviousClose": 1.2, "regularMarketSource": "FREE_REALTIME", "regularMarketOpen": 1.2, "exchange": "BSE", "exchangeName": "BSE", "exchangeDataDelayedBy": 0, "marketState": "CLOSED", "quoteType": "EQUITY", "symbol": "GLITTEKG.BO", "underlyingSymbol": null, "shortName": "GLITTEK GRANITES LTD.", "longName": "Glittek Granites Limited", "currency": "INR", "quoteSourceName": "Delayed Quote", "currencySymbol": "\u20b9", "fromCurrency": null, "lastMarket": null, "marketCap": 31151282}, "balanceSheetHistory": {"balanceSheetStatements": [{"maxAge": 1, "endDate": "2020-03-31", "cash": 2766059, "shortTermInvestments": 2584094, "netReceivables": 67927775, "inventory": 220634060, "otherCurrentAssets": 5367950, "totalCurrentAssets": 299279938, "longTermInvestments": 2481089, "propertyPlantEquipment": 60646832, "otherAssets": 6735424, "deferredLongTermAssetCharges": 5548378, "totalAssets": 369143283, "accountsPayable": 8024432, "otherCurrentLiab": 13245345, "totalCurrentLiabilities": 199141784, "totalLiab": 199141784, "commonStock": 132908500, "treasuryStock": 37092999, "otherStockholderEquity": 37092999, "totalStockholderEquity": 170001499, "netTangibleAssets": 170001499}, {"maxAge": 1, "endDate": "2019-03-31", "cash": 2019006, "netReceivables": 90285647, "inventory": 205852085, "otherCurrentAssets": 3594892, "totalCurrentAssets": 303352584, "propertyPlantEquipment": 70267679, "otherAssets": 5525087, "deferredLongTermAssetCharges": 2015237, "totalAssets": 379145350, "accountsPayable": 6115159, "otherCurrentLiab": 8325185, "totalCurrentLiabilities": 195769543, "totalLiab": 195769543, "commonStock": 129797000, "retainedEarnings": 26992501, "treasuryStock": 20716806, "capitalSurplus": 5869500, "otherStockholderEquity": 20716806, "totalStockholderEquity": 183375807, "netTangibleAssets": 183375807}, {"maxAge": 1, "endDate": "2018-03-31", "cash": 2127037, "shortTermInvestments": 9276, "netReceivables": 99476439, "inventory": 194066202, "otherCurrentAssets": 8643002, "totalCurrentAssets": 305291569, "propertyPlantEquipment": 80088783, "otherAssets": 4572260, "totalAssets": 389952612, "accountsPayable": 10812317, "otherCurrentLiab": 5545171, "otherLiab": 1141930, "totalCurrentLiabilities": 196539750, "totalLiab": 197681680, "commonStock": 129797000, "retainedEarnings": 35995688, "treasuryStock": 20608744, "capitalSurplus": 5869500, "otherStockholderEquity": 20608744, "totalStockholderEquity": 192270932, "netTangibleAssets": 192270932}, {"maxAge": 1, "endDate": "2017-03-31", "cash": 4725799, "netReceivables": 98671805, "inventory": 153286488, "otherCurrentAssets": 5807673, "totalCurrentAssets": 263405807, "propertyPlantEquipment": 90751489, "intangibleAssets": 4079, "otherAssets": 4495871, "totalAssets": 358657246, "accountsPayable": 6559593, "shortLongTermDebt": 321283, "otherCurrentLiab": 6232703, "otherLiab": 1324033, "totalCurrentLiabilities": 167588283, "totalLiab": 168912316, "commonStock": 129797000, "retainedEarnings": 33266930, "treasuryStock": 20811500, "capitalSurplus": 5869500, "otherStockholderEquity": 20811500, "totalStockholderEquity": 189744930, "netTangibleAssets": 189740851}], "maxAge": 86400}, "financialData": {"maxAge": 86400, "currentPrice": 1.2, "recommendationKey": "none", "grossProfits": 101582000, "financialCurrency": "INR"}}}