{"GLOBALCA.BO": {"cashflowStatementHistory": {"cashflowStatements": [{"maxAge": 1, "endDate": "2020-03-31", "netIncome": -22085600, "depreciation": 951600, "changeToNetincome": 4020400, "changeToLiabilities": 0, "changeToOperatingActivities": -18574000, "totalCashFromOperatingActivities": -35687600, "investments": 12898900, "otherCashflowsFromInvestingActivities": 161300, "totalCashflowsFromInvestingActivities": 13060200, "otherCashflowsFromFinancingActivities": -1897000, "totalCashFromFinancingActivities": -1897000, "changeInCash": -24524400}, {"maxAge": 1, "endDate": "2019-03-31", "netIncome": -10641722, "depreciation": 1014701, "changeToNetincome": -8065622, "changeToAccountReceivables": -56716016, "changeToLiabilities": 30782539, "changeToInventory": 69013226, "changeToOperatingActivities": -7809054, "totalCashFromOperatingActivities": 17578052, "investments": 6835137, "otherCashflowsFromInvestingActivities": 12210034, "totalCashflowsFromInvestingActivities": 19045171, "otherCashflowsFromFinancingActivities": -1897000, "totalCashFromFinancingActivities": -1897000, "changeInCash": 36623223}, {"maxAge": 1, "endDate": "2018-03-31", "netIncome": -7248988, "depreciation": 1014701, "changeToNetincome": -12364353, "changeToAccountReceivables": -1990027, "changeToLiabilities": -5273606, "changeToInventory": -11992243, "changeToOperatingActivities": -35024304, "totalCashFromOperatingActivities": -72878820, "investments": 31223010, "otherCashflowsFromInvestingActivities": 9482257, "totalCashflowsFromInvestingActivities": 40705267, "otherCashflowsFromFinancingActivities": -1897000, "totalCashFromFinancingActivities": -1897000, "changeInCash": -32173551}, {"maxAge": 1, "endDate": "2017-03-31", "netIncome": -2791019, "depreciation": 1583522, "changeToNetincome": -12134108, "changeToAccountReceivables": 590935, "changeToLiabilities": 12700077, "changeToInventory": -10731865, "changeToOperatingActivities": 10112570, "totalCashFromOperatingActivities": -1571724, "investments": -29710626, "otherCashflowsFromInvestingActivities": 11574227, "totalCashflowsFromInvestingActivities": -18136399, "otherCashflowsFromFinancingActivities": -1897000, "totalCashFromFinancingActivities": -1897000, "changeInCash": -19708121}], "maxAge": 86400}, "institutionOwnership": {"maxAge": 1, "ownershipList": []}, "balanceSheetHistoryQuarterly": {"balanceSheetStatements": [{"maxAge": 1, "endDate": "2020-06-30", "totalStockholderEquity": 683523200, "netTangibleAssets": 683523200}, {"maxAge": 1, "endDate": "2020-03-31", "cash": 16971100, "netReceivables": 148407500, "inventory": 138990600, "otherCurrentAssets": 7155000, "totalCurrentAssets": 311524200, "longTermInvestments": 348725100, "propertyPlantEquipment": 3857800, "otherAssets": 23210700, "deferredLongTermAssetCharges": 23210800, "totalAssets": 687317800, "accountsPayable": 2017400, "longTermDebt": 189800, "otherLiab": 1587400, "totalCurrentLiabilities": 2017400, "totalLiab": 3794600, "commonStock": 248935000, "treasuryStock": 434588200, "otherStockholderEquity": 434588200, "totalStockholderEquity": 683523200, "netTangibleAssets": 683523200}, {"maxAge": 1, "endDate": "2019-12-31", "totalStockholderEquity": 576268400, "netTangibleAssets": 576268400}, {"maxAge": 1, "endDate": "2019-09-30", "cash": 43011100, "netReceivables": 233821900, "inventory": 31456400, "totalCurrentAssets": 308289400, "longTermInvestments": 294774200, "propertyPlantEquipment": 4333600, "otherAssets": 728900, "deferredLongTermAssetCharges": 728900, "totalAssets": 608126100, "accountsPayable": 20891600, "otherCurrentLiab": 10237200, "otherLiab": 728900, "totalCurrentLiabilities": 31128800, "totalLiab": 31857700, "commonStock": 248935000, "treasuryStock": 327333400, "otherStockholderEquity": 327333400, "totalStockholderEquity": 576268400, "netTangibleAssets": 576268400}], "maxAge": 86400}, "indexTrend": {"maxAge": 1, "symbol": "SP5", "peRatio": 19.7411, "pegRatio": 1.34172, "estimates": [{"period": "0q", "growth": 0.549}, {"period": "+1q", "growth": 0.431}, {"period": "0y", "growth": 0.305}, {"period": "+1y", "growth": 0.109}, {"period": "+5y", "growth": 0.120859005}, {"period": "-5y"}]}, "quoteType": {"exchange": "BSE", "quoteType": "EQUITY", "symbol": "GLOBALCA.BO", "underlyingSymbol": "GLOBALCA.BO", "shortName": "GLOBAL CAPITAL MARKETS LTD.", "longName": "Global Capital Markets Limited", "firstTradeDateEpochUtc": "2002-08-06 09:15:00", "timeZoneFullName": "Asia/Kolkata", "timeZoneShortName": "IST", "uuid": "24d1e175-0b6f-3eaa-9991-03a566ebb4cf", "messageBoardId": null, "gmtOffSetMilliseconds": 19800000, "maxAge": 1}, "incomeStatementHistory": {"incomeStatementHistory": [{"maxAge": 1, "endDate": "2020-03-31", "totalRevenue": 30708000, "costOfRevenue": 22700500, "grossProfit": 8007500, "researchDevelopment": {}, "sellingGeneralAdministrative": 6584800, "nonRecurring": {}, "otherOperatingExpenses": 19564200, "totalOperatingExpenses": 49801100, "operatingIncome": -19093100, "totalOtherIncomeExpenseNet": -756800, "ebit": -19093100, "interestExpense": -756800, "incomeBeforeTax": -19849900, "incomeTaxExpense": 2235700, "minorityInterest": {}, "netIncomeFromContinuingOps": -22085600, "discontinuedOperations": {}, "extraordinaryItems": {}, "effectOfAccountingCharges": {}, "otherItems": {}, "netIncome": -22085600, "netIncomeApplicableToCommonShares": -22085600}, {"maxAge": 1, "endDate": "2019-03-31", "totalRevenue": 79788106, "costOfRevenue": 77267627, "grossProfit": 2520479, "researchDevelopment": {}, "sellingGeneralAdministrative": 4484163, "nonRecurring": {}, "otherOperatingExpenses": 2925156, "totalOperatingExpenses": 85691647, "operatingIncome": -5903541, "totalOtherIncomeExpenseNet": -593770, "ebit": -5903541, "interestExpense": -593770, "incomeBeforeTax": -6497311, "incomeTaxExpense": 4144411, "minorityInterest": {}, "netIncomeFromContinuingOps": -10641722, "discontinuedOperations": {}, "extraordinaryItems": {}, "effectOfAccountingCharges": {}, "otherItems": {}, "netIncome": -10641722, "netIncomeApplicableToCommonShares": -10641722}, {"maxAge": 1, "endDate": "2018-03-31", "totalRevenue": 102115481, "costOfRevenue": 102130679, "grossProfit": -15198, "researchDevelopment": {}, "sellingGeneralAdministrative": 3389896, "nonRecurring": {}, "otherOperatingExpenses": 5168618, "totalOperatingExpenses": 111703894, "operatingIncome": -9588413, "totalOtherIncomeExpenseNet": -542670, "ebit": -9588413, "interestExpense": -542670, "incomeBeforeTax": -10131083, "incomeTaxExpense": -2882095, "minorityInterest": {}, "netIncomeFromContinuingOps": -7248988, "discontinuedOperations": {}, "extraordinaryItems": {}, "effectOfAccountingCharges": {}, "otherItems": {}, "netIncome": -7248988, "netIncomeApplicableToCommonShares": -7248988}, {"maxAge": 1, "endDate": "2017-03-31", "totalRevenue": 47561891, "costOfRevenue": 36857365, "grossProfit": 10704526, "researchDevelopment": {}, "sellingGeneralAdministrative": 6423079, "nonRecurring": {}, "otherOperatingExpenses": 5786619, "totalOperatingExpenses": 50650585, "operatingIncome": -3088694, "totalOtherIncomeExpenseNet": -262206, "ebit": -3088694, "interestExpense": -351483, "incomeBeforeTax": -3350900, "incomeTaxExpense": -559881, "minorityInterest": {}, "netIncomeFromContinuingOps": -2791019, "discontinuedOperations": {}, "extraordinaryItems": {}, "effectOfAccountingCharges": {}, "otherItems": {}, "netIncome": -2791019, "netIncomeApplicableToCommonShares": -2791019}], "maxAge": 86400}, "fundOwnership": {"maxAge": 1, "ownershipList": []}, "summaryDetail": {"maxAge": 1, "priceHint": 4, "previousClose": 1.58, "open": 1.65, "dayLow": 1.65, "dayHigh": 1.65, "regularMarketPreviousClose": 1.58, "regularMarketOpen": 1.65, "regularMarketDayLow": 1.65, "regularMarketDayHigh": 1.65, "volume": 4211, "regularMarketVolume": 4211, "averageVolume": 10868, "averageVolume10days": 6058, "averageDailyVolume10Day": 6058, "bid": 1.57, "ask": 0.0, "bidSize": 0, "askSize": 0, "marketCap": 41074276, "fiftyTwoWeekLow": 0.49, "fiftyTwoWeekHigh": 2.8, "fiftyDayAverage": 2.0068572, "twoHundredDayAverage": 1.1975912, "currency": "INR", "fromCurrency": null, "toCurrency": null, "lastMarket": null, "algorithm": null, "tradeable": false}, "incomeStatementHistoryQuarterly": {"incomeStatementHistory": [{"maxAge": 1, "endDate": "2020-06-30", "totalRevenue": 2668100, "costOfRevenue": -1428200, "grossProfit": 4096300, "researchDevelopment": {}, "sellingGeneralAdministrative": 1331100, "nonRecurring": {}, "otherOperatingExpenses": 227000, "totalOperatingExpenses": 336200, "operatingIncome": 2331900, "totalOtherIncomeExpenseNet": -15100, "ebit": 2331900, "interestExpense": -15100, "incomeBeforeTax": 2316800, "incomeTaxExpense": -23300, "minorityInterest": {}, "netIncomeFromContinuingOps": 2340100, "discontinuedOperations": {}, "extraordinaryItems": {}, "effectOfAccountingCharges": {}, "otherItems": {}, "netIncome": 2340100, "netIncomeApplicableToCommonShares": 2340100}, {"maxAge": 1, "endDate": "2020-03-31", "totalRevenue": 29468300, "costOfRevenue": 22858000, "grossProfit": 6610300, "researchDevelopment": {}, "sellingGeneralAdministrative": 1527000, "nonRecurring": {}, "otherOperatingExpenses": 18569000, "totalOperatingExpenses": 43192000, "operatingIncome": -13723700, "totalOtherIncomeExpenseNet": -527200, "ebit": -13723700, "interestExpense": -527000, "incomeBeforeTax": -14250900, "incomeTaxExpense": -620000, "minorityInterest": {}, "netIncomeFromContinuingOps": -13630900, "discontinuedOperations": {}, "extraordinaryItems": {}, "effectOfAccountingCharges": {}, "otherItems": {}, "netIncome": -13630900, "netIncomeApplicableToCommonShares": -13630900}, {"maxAge": 1, "endDate": "2019-12-31", "totalRevenue": 4009900, "costOfRevenue": -1138100, "grossProfit": 5148000, "researchDevelopment": {}, "sellingGeneralAdministrative": 1561600, "nonRecurring": {}, "otherOperatingExpenses": 502300, "totalOperatingExpenses": 1163700, "operatingIncome": 2846200, "totalOtherIncomeExpenseNet": -96700, "ebit": 2846200, "interestExpense": -96400, "incomeBeforeTax": 2749500, "incomeTaxExpense": 1233400, "minorityInterest": {}, "netIncomeFromContinuingOps": 1516100, "discontinuedOperations": {}, "extraordinaryItems": {}, "effectOfAccountingCharges": {}, "otherItems": {}, "netIncome": 1516100, "netIncomeApplicableToCommonShares": 1516100}, {"maxAge": 1, "endDate": "2019-09-30", "totalRevenue": 3906100, "costOfRevenue": 461600, "grossProfit": 3444500, "researchDevelopment": {}, "sellingGeneralAdministrative": 763800, "nonRecurring": {}, "otherOperatingExpenses": 1440200, "totalOperatingExpenses": 2903500, "operatingIncome": 1002600, "totalOtherIncomeExpenseNet": -83800, "ebit": 1002600, "interestExpense": -97300, "incomeBeforeTax": 918800, "incomeTaxExpense": 201800, "minorityInterest": {}, "netIncomeFromContinuingOps": 717000, "discontinuedOperations": {}, "extraordinaryItems": {}, "effectOfAccountingCharges": {}, "otherItems": {}, "netIncome": 717000, "netIncomeApplicableToCommonShares": 717000}], "maxAge": 86400}, "cashflowStatementHistoryQuarterly": {"cashflowStatements": [{"maxAge": 1, "endDate": "2020-06-30", "netIncome": 2340100, "changeToLiabilities": 0}, {"maxAge": 1, "endDate": "2020-03-31", "netIncome": -13630900, "changeToLiabilities": 0}, {"maxAge": 1, "endDate": "2019-12-31", "netIncome": 1516100, "changeToLiabilities": 0}, {"maxAge": 1, "endDate": "2019-09-30", "netIncome": 717000, "changeToLiabilities": 0}], "maxAge": 86400}, "insiderHolders": {"holders": [], "maxAge": 1}, "calendarEvents": {"maxAge": 1, "earnings": {"earningsDate": []}}, "price": {"maxAge": 1, "regularMarketChangePercent": 0.044303752, "regularMarketChange": 0.06999993, "regularMarketTime": "2021-04-30 11:53:44", "priceHint": 4, "regularMarketPrice": 1.65, "regularMarketDayHigh": 1.65, "regularMarketDayLow": 1.65, "regularMarketVolume": 4211, "averageDailyVolume10Day": 6058, "averageDailyVolume3Month": 10868, "regularMarketPreviousClose": 1.58, "regularMarketSource": "FREE_REALTIME", "regularMarketOpen": 1.65, "exchange": "BSE", "exchangeName": "BSE", "exchangeDataDelayedBy": 0, "marketState": "CLOSED", "quoteType": "EQUITY", "symbol": "GLOBALCA.BO", "underlyingSymbol": null, "shortName": "GLOBAL CAPITAL MARKETS LTD.", "longName": "Global Capital Markets Limited", "currency": "INR", "quoteSourceName": "Delayed Quote", "currencySymbol": "\u20b9", "fromCurrency": null, "toCurrency": null, "lastMarket": null, "marketCap": 41074276}, "balanceSheetHistory": {"balanceSheetStatements": [{"maxAge": 1, "endDate": "2020-03-31", "cash": 16971100, "netReceivables": 148407500, "inventory": 138990600, "otherCurrentAssets": 7155000, "totalCurrentAssets": 311524200, "longTermInvestments": 348725100, "propertyPlantEquipment": 3857800, "otherAssets": 23210700, "deferredLongTermAssetCharges": 23210800, "totalAssets": 687317800, "accountsPayable": 2017400, "longTermDebt": 189800, "otherLiab": 1587400, "totalCurrentLiabilities": 2017400, "totalLiab": 3794600, "commonStock": 248935000, "treasuryStock": 434588200, "otherStockholderEquity": 434588200, "totalStockholderEquity": 683523200, "netTangibleAssets": 683523200}, {"maxAge": 1, "endDate": "2019-03-31", "cash": 41495452, "netReceivables": 240431060, "totalCurrentAssets": 314363181, "longTermInvestments": 109451472, "propertyPlantEquipment": 3263599, "otherAssets": 387420, "deferredLongTermAssetCharges": 387420, "totalAssets": 427465672, "accountsPayable": 38305566, "otherCurrentLiab": 2553647, "totalCurrentLiabilities": 40859213, "totalLiab": 40859213, "commonStock": 248935000, "retainedEarnings": 18171459, "capitalSurplus": 119500000, "totalStockholderEquity": 386606459, "netTangibleAssets": 386606459}, {"maxAge": 1, "endDate": "2018-03-31", "cash": 4872229, "netReceivables": 176694414, "totalCurrentAssets": 283016538, "longTermInvestments": 116286609, "propertyPlantEquipment": 4278300, "otherAssets": 4531831, "deferredLongTermAssetCharges": 4531831, "totalAssets": 408113278, "accountsPayable": 7523027, "otherCurrentLiab": 3342070, "totalCurrentLiabilities": 10865097, "totalLiab": 10865097, "commonStock": 248935000, "retainedEarnings": 28813181, "capitalSurplus": 119500000, "totalStockholderEquity": 397248181, "netTangibleAssets": 397248181}, {"maxAge": 1, "endDate": "2017-03-31", "cash": 37045779, "netReceivables": 129398445, "otherCurrentAssets": 33594467, "totalCurrentAssets": 289496343, "longTermInvestments": 147509619, "propertyPlantEquipment": 5293001, "totalAssets": 442298963, "accountsPayable": 12796633, "otherCurrentLiab": 3174189, "otherLiab": -1649737, "totalCurrentLiabilities": 39059388, "totalLiab": 37409651, "commonStock": 248935000, "retainedEarnings": 36454312, "capitalSurplus": 119500000, "totalStockholderEquity": 404889312, "netTangibleAssets": 404889312}], "maxAge": 86400}, "financialData": {"maxAge": 86400, "currentPrice": 1.65, "recommendationKey": "none", "grossProfits": 8007500, "financialCurrency": "INR"}}}