{"GLOBALVECT.BO": {"recommendationTrend": {"trend": [{"period": "0m", "strongBuy": 0, "buy": 0, "hold": 0, "sell": 0, "strongSell": 0}, {"period": "-1m", "strongBuy": 0, "buy": 0, "hold": 0, "sell": 0, "strongSell": 0}, {"period": "-2m", "strongBuy": 0, "buy": 0, "hold": 0, "sell": 0, "strongSell": 0}, {"period": "-3m", "strongBuy": 0, "buy": 0, "hold": 0, "sell": 0, "strongSell": 0}], "maxAge": 86400}, "cashflowStatementHistory": {"cashflowStatements": [{"maxAge": 1, "endDate": "2020-03-31", "netIncome": 20794000, "depreciation": 940450000, "changeToNetincome": 160195000, "changeToAccountReceivables": 42343000, "changeToLiabilities": -329038000, "changeToInventory": 5152000, "changeToOperatingActivities": -75420000, "totalCashFromOperatingActivities": 764476000, "capitalExpenditures": -277966000, "investments": -84024000, "otherCashflowsFromInvestingActivities": 869000, "totalCashflowsFromInvestingActivities": 74754000, "netBorrowings": -735287000, "otherCashflowsFromFinancingActivities": -83759000, "totalCashFromFinancingActivities": -819046000, "effectOfExchangeRate": -2016000, "changeInCash": 18166000}, {"maxAge": 1, "endDate": "2019-03-31", "netIncome": 70181000, "depreciation": 387766000, "changeToNetincome": 43541000, "changeToAccountReceivables": -363491000, "changeToLiabilities": -93123000, "changeToInventory": -56167000, "changeToOperatingActivities": 412148000, "totalCashFromOperatingActivities": 401326000, "capitalExpenditures": -143880000, "investments": -28885000, "otherCashflowsFromInvestingActivities": 27673000, "totalCashflowsFromInvestingActivities": -145092000, "netBorrowings": -229108000, "otherCashflowsFromFinancingActivities": -79580000, "totalCashFromFinancingActivities": -308688000, "effectOfExchangeRate": -2016000, "changeInCash": -52455000}, {"maxAge": 1, "endDate": "2018-03-31", "netIncome": -17169000, "depreciation": 377163000, "changeToNetincome": 270176000, "changeToAccountReceivables": 14025000, "changeToLiabilities": 395487000, "changeToInventory": -29341000, "changeToOperatingActivities": -437132000, "totalCashFromOperatingActivities": 573673000, "capitalExpenditures": -53128000, "investments": -1550000, "otherCashflowsFromInvestingActivities": 3299000, "totalCashflowsFromInvestingActivities": -51055000, "netBorrowings": -354719000, "otherCashflowsFromFinancingActivities": -129926000, "totalCashFromFinancingActivities": -484645000, "effectOfExchangeRate": -2016000, "changeInCash": 37972000}, {"maxAge": 1, "endDate": "2017-03-31", "netIncome": 159083000, "depreciation": 382993000, "changeToNetincome": 283660000, "changeToAccountReceivables": -4286000, "changeToLiabilities": -162775000, "changeToInventory": 10489000, "changeToOperatingActivities": 44792000, "totalCashFromOperatingActivities": 714182000, "capitalExpenditures": -94786000, "investments": 55150000, "otherCashflowsFromInvestingActivities": 34896000, "totalCashflowsFromInvestingActivities": -4740000, "netBorrowings": -561651000, "otherCashflowsFromFinancingActivities": -134382000, "totalCashFromFinancingActivities": -696033000, "effectOfExchangeRate": -2016000, "changeInCash": 13410000}], "maxAge": 86400}, "institutionOwnership": {"ownershipList": [], "maxAge": 1}, "balanceSheetHistoryQuarterly": {"balanceSheetStatements": [{"maxAge": 1, "endDate": "2020-06-30", "totalStockholderEquity": 791839000, "netTangibleAssets": 791638000}, {"maxAge": 1, "endDate": "2020-03-31", "cash": 118184000, "shortTermInvestments": 264391000, "netReceivables": 968601000, "inventory": 249447000, "otherCurrentAssets": 229880000, "totalCurrentAssets": 1830503000, "longTermInvestments": 185951000, "propertyPlantEquipment": 5519788000, "intangibleAssets": 201000, "otherAssets": 529402000, "totalAssets": 8065845000, "accountsPayable": 1438446000, "otherCurrentLiab": 1423583000, "longTermDebt": 504248000, "otherLiab": 639636000, "totalCurrentLiabilities": 4138771000, "totalLiab": 7274006000, "commonStock": 140000000, "treasuryStock": 651839000, "otherStockholderEquity": 651839000, "totalStockholderEquity": 791839000, "netTangibleAssets": 791638000}, {"maxAge": 1, "endDate": "2019-12-31", "totalStockholderEquity": 735610000, "netTangibleAssets": 735520000}, {"maxAge": 1, "endDate": "2019-09-30", "cash": 261098000, "shortTermInvestments": 432623000, "netReceivables": 638519000, "inventory": 270450000, "otherCurrentAssets": 284267000, "totalCurrentAssets": 1886957000, "longTermInvestments": 135019000, "propertyPlantEquipment": 6007628000, "intangibleAssets": 90000, "otherAssets": 696153000, "totalAssets": 8725847000, "accountsPayable": 1413216000, "otherCurrentLiab": 2145392000, "longTermDebt": 1063376000, "otherLiab": 641117000, "totalCurrentLiabilities": 4609484000, "totalLiab": 7990237000, "commonStock": 140000000, "treasuryStock": 595610000, "otherStockholderEquity": 595610000, "totalStockholderEquity": 735610000, "netTangibleAssets": 735520000}], "maxAge": 86400}, "earningsHistory": {"history": [{"maxAge": 1, "epsActual": {}, "epsEstimate": {}, "epsDifference": {}, "surprisePercent": {}, "quarter": {}, "period": "-4q"}, {"maxAge": 1, "epsActual": {}, "epsEstimate": {}, "epsDifference": {}, "surprisePercent": {}, "quarter": {}, "period": "-3q"}, {"maxAge": 1, "epsActual": {}, "epsEstimate": {}, "epsDifference": {}, "surprisePercent": {}, "quarter": {}, "period": "-2q"}, {"maxAge": 1, "epsActual": {}, "epsEstimate": {}, "epsDifference": {}, "surprisePercent": {}, "quarter": {}, "period": "-1q"}], "maxAge": 86400}, "indexTrend": {"maxAge": 1, "symbol": "SP5", "peRatio": 19.7411, "pegRatio": 1.34172, "estimates": [{"period": "0q", "growth": 0.549}, {"period": "+1q", "growth": 0.431}, {"period": "0y", "growth": 0.305}, {"period": "+1y", "growth": 0.109}, {"period": "+5y", "growth": 0.120865}, {"period": "-5y"}]}, "industryTrend": {"maxAge": 1, "symbol": null, "estimates": []}, "quoteType": {"exchange": "BSE", "quoteType": "EQUITY", "symbol": "GLOBALVECT.BO", "underlyingSymbol": "GLOBALVECT.BO", "shortName": "GLOBAL VECTRA HELICORP LTD.", "longName": "Global Vectra Helicorp Limited", "firstTradeDateEpochUtc": "2006-10-27 09:15:00", "timeZoneFullName": "Asia/Kolkata", "timeZoneShortName": "IST", "uuid": "27df06f7-d7fd-3b82-b83a-e2c90c071080", "gmtOffSetMilliseconds": 19800000, "maxAge": 1}, "incomeStatementHistory": {"incomeStatementHistory": [{"maxAge": 1, "endDate": "2020-03-31", "totalRevenue": 4566593000, "costOfRevenue": 2670254000, "grossProfit": 1896339000, "researchDevelopment": {}, "sellingGeneralAdministrative": {}, "nonRecurring": {}, "otherOperatingExpenses": 961894000, "totalOperatingExpenses": 4572598000, "operatingIncome": -6005000, "totalOtherIncomeExpenseNet": 31405000, "ebit": -6005000, "interestExpense": -241440000, "incomeBeforeTax": 25400000, "incomeTaxExpense": 4606000, "minorityInterest": {}, "netIncomeFromContinuingOps": 20794000, "discontinuedOperations": {}, "extraordinaryItems": {}, "effectOfAccountingCharges": {}, "otherItems": {}, "netIncome": 20794000, "netIncomeApplicableToCommonShares": 20794000}, {"maxAge": 1, "endDate": "2019-03-31", "totalRevenue": 4803128000, "costOfRevenue": 3360085000, "grossProfit": 1443043000, "researchDevelopment": {}, "sellingGeneralAdministrative": 104274000, "nonRecurring": {}, "otherOperatingExpenses": 741083000, "totalOperatingExpenses": 4593679000, "operatingIncome": 209449000, "totalOtherIncomeExpenseNet": -136818000, "ebit": 209449000, "interestExpense": -123488000, "incomeBeforeTax": 72631000, "incomeTaxExpense": 2450000, "minorityInterest": {}, "netIncomeFromContinuingOps": 70181000, "discontinuedOperations": {}, "extraordinaryItems": {}, "effectOfAccountingCharges": {}, "otherItems": {}, "netIncome": 70181000, "netIncomeApplicableToCommonShares": 70181000}, {"maxAge": 1, "endDate": "2018-03-31", "totalRevenue": 4043422000, "costOfRevenue": 2687835000, "grossProfit": 1355587000, "researchDevelopment": {}, "sellingGeneralAdministrative": 85301000, "nonRecurring": {}, "otherOperatingExpenses": 644974000, "totalOperatingExpenses": 3795737000, "operatingIncome": 247685000, "totalOtherIncomeExpenseNet": -256951000, "ebit": 247685000, "interestExpense": -199787000, "incomeBeforeTax": -9266000, "incomeTaxExpense": 7903000, "minorityInterest": {}, "netIncomeFromContinuingOps": -17169000, "discontinuedOperations": {}, "extraordinaryItems": {}, "effectOfAccountingCharges": {}, "otherItems": {}, "netIncome": -17169000, "netIncomeApplicableToCommonShares": -17169000}, {"maxAge": 1, "endDate": "2017-03-31", "totalRevenue": 3758378000, "costOfRevenue": 2381990000, "grossProfit": 1376388000, "researchDevelopment": {}, "sellingGeneralAdministrative": 83967000, "nonRecurring": {}, "otherOperatingExpenses": 555433000, "totalOperatingExpenses": 3404609000, "operatingIncome": 353769000, "totalOtherIncomeExpenseNet": -111016000, "ebit": 353769000, "interestExpense": -217556000, "incomeBeforeTax": 242753000, "incomeTaxExpense": 83670000, "minorityInterest": {}, "netIncomeFromContinuingOps": 159083000, "discontinuedOperations": {}, "extraordinaryItems": {}, "effectOfAccountingCharges": {}, "otherItems": {}, "netIncome": 159083000, "netIncomeApplicableToCommonShares": 159083000}], "maxAge": 86400}, "fundOwnership": {"ownershipList": [], "maxAge": 1}, "summaryDetail": {"maxAge": 1, "priceHint": 2, "previousClose": 39.5, "open": 41.35, "dayLow": 40.8, "dayHigh": 41.45, "regularMarketPreviousClose": 39.5, "regularMarketOpen": 41.35, "regularMarketDayLow": 40.8, "regularMarketDayHigh": 41.45, "volume": 8138, "regularMarketVolume": 8138, "averageVolume": 8034, "averageVolume10days": 5877, "averageDailyVolume10Day": 5877, "bid": 41.45, "ask": 0.0, "bidSize": 0, "askSize": 0, "marketCap": 580300032, "fiftyTwoWeekLow": 30.65, "fiftyTwoWeekHigh": 65.3, "fiftyDayAverage": 52.871212, "twoHundredDayAverage": 52.92831, "currency": "INR", "fromCurrency": null, "lastMarket": null, "algorithm": null, "tradeable": false}, "sectorTrend": {"maxAge": 1, "symbol": null, "estimates": []}, "incomeStatementHistoryQuarterly": {"incomeStatementHistory": [{"maxAge": 1, "endDate": "2020-06-30", "totalRevenue": 649745000, "costOfRevenue": 451981000, "grossProfit": 197764000, "researchDevelopment": {}, "sellingGeneralAdministrative": {}, "nonRecurring": {}, "otherOperatingExpenses": 90345000, "totalOperatingExpenses": 770479000, "operatingIncome": -120734000, "totalOtherIncomeExpenseNet": -32876000, "ebit": -120734000, "interestExpense": -49180000, "incomeBeforeTax": -153610000, "incomeTaxExpense": -56542000, "minorityInterest": {}, "netIncomeFromContinuingOps": -97068000, "discontinuedOperations": {}, "extraordinaryItems": {}, "effectOfAccountingCharges": {}, "otherItems": {}, "netIncome": -97068000, "netIncomeApplicableToCommonShares": -97068000}, {"maxAge": 1, "endDate": "2020-03-31", "totalRevenue": 1014751000, "costOfRevenue": 686047000, "grossProfit": 328704000, "researchDevelopment": {}, "sellingGeneralAdministrative": {}, "nonRecurring": {}, "otherOperatingExpenses": 305450000, "totalOperatingExpenses": 1232974000, "operatingIncome": -218223000, "totalOtherIncomeExpenseNet": 158937000, "ebit": -218223000, "interestExpense": -48173000, "incomeBeforeTax": -59286000, "incomeTaxExpense": -25821000, "minorityInterest": {}, "netIncomeFromContinuingOps": -33465000, "discontinuedOperations": {}, "extraordinaryItems": {}, "effectOfAccountingCharges": {}, "otherItems": {}, "netIncome": -33465000, "netIncomeApplicableToCommonShares": -33465000}, {"maxAge": 1, "endDate": "2019-12-31", "totalRevenue": 1144360000, "costOfRevenue": 628156000, "grossProfit": 516204000, "researchDevelopment": {}, "sellingGeneralAdministrative": {}, "nonRecurring": {}, "otherOperatingExpenses": 207813000, "totalOperatingExpenses": 1079400000, "operatingIncome": 64960000, "totalOtherIncomeExpenseNet": -40973000, "ebit": 64960000, "interestExpense": -60829000, "incomeBeforeTax": 23987000, "incomeTaxExpense": 7994000, "minorityInterest": {}, "netIncomeFromContinuingOps": 15993000, "discontinuedOperations": {}, "extraordinaryItems": {}, "effectOfAccountingCharges": {}, "otherItems": {}, "netIncome": 15993000, "netIncomeApplicableToCommonShares": 15993000}, {"maxAge": 1, "endDate": "2019-09-30", "totalRevenue": 1071654000, "costOfRevenue": 670566000, "grossProfit": 401088000, "researchDevelopment": {}, "sellingGeneralAdministrative": {}, "nonRecurring": {}, "otherOperatingExpenses": 218189000, "totalOperatingExpenses": 1120137000, "operatingIncome": -48483000, "totalOtherIncomeExpenseNet": -44646000, "ebit": -48483000, "interestExpense": -61531000, "incomeBeforeTax": -93129000, "incomeTaxExpense": -35816000, "minorityInterest": {}, "netIncomeFromContinuingOps": -57313000, "discontinuedOperations": {}, "extraordinaryItems": {}, "effectOfAccountingCharges": {}, "otherItems": {}, "netIncome": -57313000, "netIncomeApplicableToCommonShares": -57313000}], "maxAge": 86400}, "cashflowStatementHistoryQuarterly": {"cashflowStatements": [{"maxAge": 1, "endDate": "2020-06-30", "netIncome": -97068000, "changeToLiabilities": 0}, {"maxAge": 1, "endDate": "2020-03-31", "netIncome": -33465000, "changeToLiabilities": 0}, {"maxAge": 1, "endDate": "2019-12-31", "netIncome": 15993000, "changeToLiabilities": 0}, {"maxAge": 1, "endDate": "2019-09-30", "netIncome": -57313000, "changeToLiabilities": 0}], "maxAge": 86400}, "insiderHolders": {"holders": [], "maxAge": 1}, "earnings": {"maxAge": 86400, "earningsChart": {"quarterly": [], "earningsDate": []}, "financialsChart": {"yearly": [{"date": 2017, "revenue": 3758378000, "earnings": 159083000}, {"date": 2018, "revenue": 4043422000, "earnings": -17169000}, {"date": 2019, "revenue": 4803128000, "earnings": 70181000}, {"date": 2020, "revenue": 4566593000, "earnings": 20794000}], "quarterly": [{"date": "3Q2019", "revenue": 1071654000, "earnings": -57313000}, {"date": "4Q2019", "revenue": 1144360000, "earnings": 15993000}, {"date": "1Q2020", "revenue": 1014751000, "earnings": -33465000}, {"date": "2Q2020", "revenue": 649745000, "earnings": -97068000}]}, "financialCurrency": "INR"}, "calendarEvents": {"maxAge": 1, "earnings": {"earningsDate": []}}, "upgradeDowngradeHistory": {"history": [], "maxAge": 86400}, "price": {"maxAge": 1, "regularMarketChangePercent": 0.049367107, "regularMarketChange": 1.9500008, "regularMarketTime": "2021-04-30 15:25:31", "priceHint": 2, "regularMarketPrice": 41.45, "regularMarketDayHigh": 41.45, "regularMarketDayLow": 40.8, "regularMarketVolume": 8138, "averageDailyVolume10Day": 5877, "averageDailyVolume3Month": 8034, "regularMarketPreviousClose": 39.5, "regularMarketSource": "FREE_REALTIME", "regularMarketOpen": 41.35, "exchange": "BSE", "exchangeName": "BSE", "exchangeDataDelayedBy": 0, "marketState": "CLOSED", "quoteType": "EQUITY", "symbol": "GLOBALVECT.BO", "underlyingSymbol": null, "shortName": "GLOBAL VECTRA HELICORP LTD.", "longName": "Global Vectra Helicorp Limited", "currency": "INR", "quoteSourceName": "Delayed Quote", "currencySymbol": "\u20b9", "fromCurrency": null, "lastMarket": null, "marketCap": 580300032}, "balanceSheetHistory": {"balanceSheetStatements": [{"maxAge": 1, "endDate": "2020-03-31", "cash": 118184000, "shortTermInvestments": 264391000, "netReceivables": 968601000, "inventory": 249447000, "otherCurrentAssets": 229880000, "totalCurrentAssets": 1830503000, "longTermInvestments": 185951000, "propertyPlantEquipment": 5519788000, "intangibleAssets": 201000, "otherAssets": 529402000, "totalAssets": 8065845000, "accountsPayable": 1438446000, "otherCurrentLiab": 1423583000, "longTermDebt": 504248000, "otherLiab": 639636000, "totalCurrentLiabilities": 4138771000, "totalLiab": 7274006000, "commonStock": 140000000, "treasuryStock": 651839000, "otherStockholderEquity": 651839000, "totalStockholderEquity": 791839000, "netTangibleAssets": 791638000}, {"maxAge": 1, "endDate": "2019-03-31", "cash": 15956000, "netReceivables": 1068586000, "inventory": 254599000, "otherCurrentAssets": 298103000, "totalCurrentAssets": 1637244000, "longTermInvestments": 131058000, "propertyPlantEquipment": 4029411000, "intangibleAssets": 326000, "otherAssets": 583978000, "totalAssets": 6382017000, "accountsPayable": 1693941000, "shortLongTermDebt": 246302000, "otherCurrentLiab": 1489136000, "longTermDebt": 390849000, "otherLiab": 672145000, "totalCurrentLiabilities": 4002146000, "totalLiab": 5718913000, "commonStock": 140000000, "retainedEarnings": -47594000, "treasuryStock": 129472000, "capitalSurplus": 441226000, "otherStockholderEquity": 129472000, "totalStockholderEquity": 663104000, "netTangibleAssets": 662778000}, {"maxAge": 1, "endDate": "2018-03-31", "cash": 68411000, "netReceivables": 594019000, "inventory": 198432000, "otherCurrentAssets": 412832000, "totalCurrentAssets": 1273694000, "longTermInvestments": 257567000, "propertyPlantEquipment": 4205176000, "intangibleAssets": 796000, "otherAssets": 539156000, "totalAssets": 6276389000, "accountsPayable": 1786594000, "shortLongTermDebt": 231046000, "otherCurrentLiab": 539100000, "longTermDebt": 578377000, "otherLiab": 784361000, "totalCurrentLiabilities": 3016648000, "totalLiab": 5103526000, "commonStock": 140000000, "retainedEarnings": -117774000, "treasuryStock": 50062000, "capitalSurplus": 441226000, "otherStockholderEquity": 50062000, "totalStockholderEquity": 513514000, "netTangibleAssets": 512718000}, {"maxAge": 1, "endDate": "2017-03-31", "cash": 30439000, "netReceivables": 638049000, "inventory": 169091000, "otherCurrentAssets": 131128000, "totalCurrentAssets": 968707000, "longTermInvestments": 257526000, "propertyPlantEquipment": 4626043000, "intangibleAssets": 1225000, "otherAssets": 316168000, "totalAssets": 6169669000, "accountsPayable": 1337376000, "shortLongTermDebt": 858224000, "otherCurrentLiab": 738428000, "longTermDebt": 802204000, "otherLiab": 605213000, "totalCurrentLiabilities": 3388545000, "totalLiab": 5626845000, "commonStock": 140000000, "retainedEarnings": -370671000, "treasuryStock": 332269000, "capitalSurplus": 441226000, "otherStockholderEquity": 332269000, "totalStockholderEquity": 542824000, "netTangibleAssets": 541599000}], "maxAge": 86400}, "earningsTrend": {"trend": [{"maxAge": 1, "period": "0q", "endDate": null, "growth": {}, "earningsEstimate": {"avg": 0.0, "low": 0.0, "high": 0.0, "yearAgoEps": {}, "numberOfAnalysts": 0, "growth": {}}, "revenueEstimate": {"avg": 0, "low": 0, "high": 0, "numberOfAnalysts": 0, "yearAgoRevenue": {}, "growth": {}}, "epsTrend": {"current": 0.0, "7daysAgo": 0.0, "30daysAgo": 0.0, "60daysAgo": 0.0, "90daysAgo": 0.0}, "epsRevisions": {"upLast7days": 0, "upLast30days": 0, "downLast30days": 0, "downLast90days": {}}}, {"maxAge": 1, "period": "+1q", "endDate": null, "growth": {}, "earningsEstimate": {"avg": 0.0, "low": 0.0, "high": 0.0, "yearAgoEps": {}, "numberOfAnalysts": 0, "growth": {}}, "revenueEstimate": {"avg": 0, "low": 0, "high": 0, "numberOfAnalysts": 0, "yearAgoRevenue": {}, "growth": {}}, "epsTrend": {"current": 0.0, "7daysAgo": 0.0, "30daysAgo": 0.0, "60daysAgo": 0.0, "90daysAgo": 0.0}, "epsRevisions": {"upLast7days": 0, "upLast30days": 0, "downLast30days": 0, "downLast90days": {}}}, {"maxAge": 1, "period": "0y", "endDate": null, "growth": {}, "earningsEstimate": {"avg": 0.0, "low": 0.0, "high": 0.0, "yearAgoEps": {}, "numberOfAnalysts": 0, "growth": {}}, "revenueEstimate": {"avg": 0, "low": 0, "high": 0, "numberOfAnalysts": 0, "yearAgoRevenue": {}, "growth": {}}, "epsTrend": {"current": 0.0, "7daysAgo": 0.0, "30daysAgo": 0.0, "60daysAgo": 0.0, "90daysAgo": 0.0}, "epsRevisions": {"upLast7days": 0, "upLast30days": 0, "downLast30days": 0, "downLast90days": {}}}, {"maxAge": 1, "period": "+1y", "endDate": null, "growth": {}, "earningsEstimate": {"avg": 0.0, "low": 0.0, "high": 0.0, "yearAgoEps": {}, "numberOfAnalysts": 0, "growth": {}}, "revenueEstimate": {"avg": 0, "low": 0, "high": 0, "numberOfAnalysts": 0, "yearAgoRevenue": {}, "growth": {}}, "epsTrend": {"current": 0.0, "7daysAgo": 0.0, "30daysAgo": 0.0, "60daysAgo": 0.0, "90daysAgo": 0.0}, "epsRevisions": {"upLast7days": 0, "upLast30days": 0, "downLast30days": 0, "downLast90days": {}}}, {"maxAge": 1, "period": "+5y", "endDate": null, "growth": {}, "earningsEstimate": {"avg": {}, "low": {}, "high": {}, "yearAgoEps": {}, "numberOfAnalysts": {}, "growth": {}}, "revenueEstimate": {"avg": {}, "low": {}, "high": {}, "numberOfAnalysts": {}, "yearAgoRevenue": {}, "growth": {}}, "epsTrend": {"current": {}, "7daysAgo": {}, "30daysAgo": {}, "60daysAgo": {}, "90daysAgo": {}}, "epsRevisions": {"upLast7days": {}, "upLast30days": {}, "downLast30days": {}, "downLast90days": {}}}, {"maxAge": 1, "period": "-5y", "endDate": null, "growth": {}, "earningsEstimate": {"avg": {}, "low": {}, "high": {}, "yearAgoEps": {}, "numberOfAnalysts": {}, "growth": {}}, "revenueEstimate": {"avg": {}, "low": {}, "high": {}, "numberOfAnalysts": {}, "yearAgoRevenue": {}, "growth": {}}, "epsTrend": {"current": {}, "7daysAgo": {}, "30daysAgo": {}, "60daysAgo": {}, "90daysAgo": {}}, "epsRevisions": {"upLast7days": {}, "upLast30days": {}, "downLast30days": {}, "downLast90days": {}}}], "maxAge": 1}, "financialData": {"maxAge": 86400, "currentPrice": 41.45, "recommendationKey": "none", "grossProfits": 1896339000, "financialCurrency": "INR"}}}