{"GLOBE.NS": {"assetProfile": {"address1": "Plot No. 38-41", "address2": "Ahmedabad Apparel Park GIDC Khokhra", "city": "Ahmedabad", "zip": "380008", "country": "India", "phone": "91 79 2293 1881", "website": "http://globetextiles.net", "industry": "Textile Manufacturing", "sector": "Consumer Cyclical", "longBusinessSummary": "Globe Textiles (India) Limited manufactures and trades in textile and apparel products in India and internationally. The company offers denim and non-denim fabrics; shirting fabrics, such as printed linens, suiting prints, and dyed shirting fabrics; printed fabrics, including polyester print fabrics, chadri voiles, sarongs, scarfs, polyester dyed fabrics, cotton prints, and cotton dyed fabrics; and jeans for men and women under the Afford, INDIGIRL, and INDIGEN brand names. It also provides yarns; and home textiles comprising bedsheets, comforters, fitted and flat sheets, curtains, table linens, and fancy cushions. The company also exports its products. Globe Textiles (India) Limited was founded in 1995 and is based in Ahmedabad, India.", "fullTimeEmployees": 512, "companyOfficers": [{"maxAge": 1, "name": "Mr. Bhavik Suryakant  Parikh", "title": "Chairman & MD", "fiscalYear": 2020, "totalPay": 3967492, "exercisedValue": 0, "unexercisedValue": 0}, {"maxAge": 1, "name": "Mr. Bhavin Suryakantbhai Parikh", "age": 42, "title": "CEO & CFO", "yearBorn": 1978, "fiscalYear": 2020, "totalPay": 2892522, "exercisedValue": 0, "unexercisedValue": 0}, {"maxAge": 1, "name": "Mr. Faruk Hanifkhan Diwan", "title": "Company Sec. & Compliance Officer", "fiscalYear": 2020, "totalPay": 356211, "exercisedValue": 0, "unexercisedValue": 0}, {"maxAge": 1, "name": "Mr. Nilaybhai Jagdishbhai Vora", "age": 34, "title": "Whole Time Director", "yearBorn": 1986, "fiscalYear": 2020, "totalPay": 860220, "exercisedValue": 0, "unexercisedValue": 0}], "compensationAsOfEpochDate": "2020-12-31 05:30:00", "maxAge": 86400}, "cashflowStatementHistory": {"cashflowStatements": [{"maxAge": 1, "endDate": "2020-03-31", "netIncome": 44421205, "depreciation": 10550435, "changeToNetincome": 41932767, "changeToAccountReceivables": -339541483, "changeToLiabilities": 342296936, "changeToInventory": -106652387, "changeToOperatingActivities": 5816201, "totalCashFromOperatingActivities": -1025230, "capitalExpenditures": -1393855, "otherCashflowsFromInvestingActivities": 132906, "totalCashflowsFromInvestingActivities": -11327029, "netBorrowings": 77900888, "otherCashflowsFromFinancingActivities": -66416375, "totalCashFromFinancingActivities": 11484513, "changeInCash": -867746}, {"maxAge": 1, "endDate": "2019-03-31", "netIncome": 37395623, "depreciation": 11111087, "changeToNetincome": 70608318, "changeToAccountReceivables": -158187844, "changeToLiabilities": 48894481, "changeToInventory": -49734046, "changeToOperatingActivities": 141322909, "totalCashFromOperatingActivities": 101846278, "capitalExpenditures": -454290, "otherCashflowsFromInvestingActivities": 47207, "totalCashflowsFromInvestingActivities": -3884512, "netBorrowings": -65027376, "otherCashflowsFromFinancingActivities": -55539906, "totalCashFromFinancingActivities": -120567282, "changeInCash": -22605516}, {"maxAge": 1, "endDate": "2018-03-31", "netIncome": 33034967, "depreciation": 10038411, "changeToNetincome": 39291299, "changeToAccountReceivables": -4422239, "changeToLiabilities": 20934374, "changeToInventory": -49827896, "changeToOperatingActivities": -98287351, "totalCashFromOperatingActivities": -48799545, "capitalExpenditures": -6671754, "otherCashflowsFromInvestingActivities": 99224, "totalCashflowsFromInvestingActivities": -6572530, "netBorrowings": 150089883, "otherCashflowsFromFinancingActivities": -80288838, "totalCashFromFinancingActivities": 69801045, "changeInCash": 14428970, "issuanceOfStock": 70624710}, {"maxAge": 1, "endDate": "2017-03-31", "netIncome": 33880052, "depreciation": 7814111, "changeToNetincome": 38768128, "changeToAccountReceivables": -116113443, "changeToLiabilities": 98340788, "changeToInventory": -120225148, "changeToOperatingActivities": 41490360, "totalCashFromOperatingActivities": -15765838, "capitalExpenditures": -82111550, "otherCashflowsFromInvestingActivities": 205999, "totalCashflowsFromInvestingActivities": -81905551, "netBorrowings": 130657321, "otherCashflowsFromFinancingActivities": -41376627, "totalCashFromFinancingActivities": 89280694, "changeInCash": -8390695, "issuanceOfStock": 70624710}], "maxAge": 86400}, "institutionOwnership": {"ownershipList": [], "maxAge": 1}, "majorHoldersBreakdown": {"maxAge": 1}, "balanceSheetHistoryQuarterly": {"balanceSheetStatements": [{"maxAge": 1, "endDate": "2020-12-31", "totalStockholderEquity": 394634000, "netTangibleAssets": 394634000}, {"maxAge": 1, "endDate": "2020-09-30", "cash": 1216000, "netReceivables": 914775000, "inventory": 569970000, "otherCurrentAssets": 7448000, "totalCurrentAssets": 1493409000, "propertyPlantEquipment": 184700000, "otherAssets": 112819000, "totalAssets": 1790928000, "accountsPayable": 520515000, "otherCurrentLiab": 236777000, "longTermDebt": 19051000, "otherLiab": 15218000, "totalCurrentLiabilities": 1362025000, "totalLiab": 1396294000, "commonStock": 100761000, "treasuryStock": 293873000, "otherStockholderEquity": 293873000, "totalStockholderEquity": 394634000, "netTangibleAssets": 394634000}, {"maxAge": 1, "endDate": "2020-06-30", "totalStockholderEquity": 430804662, "netTangibleAssets": 430804662}, {"maxAge": 1, "endDate": "2019-12-31"}], "maxAge": 86400}, "indexTrend": {"maxAge": 1, "symbol": "SP5", "peRatio": 19.7411, "pegRatio": 1.34172, "estimates": [{"period": "0q", "growth": 0.549}, {"period": "+1q", "growth": 0.431}, {"period": "0y", "growth": 0.305}, {"period": "+1y", "growth": 0.109}, {"period": "+5y", "growth": 0.120865}, {"period": "-5y"}]}, "defaultKeyStatistics": {"maxAge": 1, "priceHint": 2, "enterpriseValue": 1118679040, "profitMargins": 0.010989999, "floatShares": 1781338, "sharesOutstanding": 10076100, "beta": 0.954002, "category": null, "bookValue": 39.16, "priceToBook": 1.25, "fundFamily": null, "legalType": null, "lastFiscalYearEnd": "2020-03-31 05:30:00", "nextFiscalYearEnd": "2022-03-31 05:30:00", "mostRecentQuarter": "2020-12-31 05:30:00", "netIncomeToCommon": 30476204, "trailingEps": 3.224, "lastSplitFactor": null, "enterpriseToRevenue": 0.403, "enterpriseToEbitda": 14.084}, "summaryProfile": {"address1": "Plot No. 38-41", "address2": "Ahmedabad Apparel Park GIDC Khokhra", "city": "Ahmedabad", "zip": "380008", "country": "India", "phone": "91 79 2293 1881", "website": "http://globetextiles.net", "industry": "Textile Manufacturing", "sector": "Consumer Cyclical", "longBusinessSummary": "Globe Textiles (India) Limited manufactures and trades in textile and apparel products in India and internationally. The company offers denim and non-denim fabrics; shirting fabrics, such as printed linens, suiting prints, and dyed shirting fabrics; printed fabrics, including polyester print fabrics, chadri voiles, sarongs, scarfs, polyester dyed fabrics, cotton prints, and cotton dyed fabrics; and jeans for men and women under the Afford, INDIGIRL, and INDIGEN brand names. It also provides yarns; and home textiles comprising bedsheets, comforters, fitted and flat sheets, curtains, table linens, and fancy cushions. The company also exports its products. Globe Textiles (India) Limited was founded in 1995 and is based in Ahmedabad, India.", "fullTimeEmployees": 512, "companyOfficers": [], "maxAge": 86400}, "netSharePurchaseActivity": {"maxAge": 1, "period": "6m", "buyInfoCount": 0, "buyInfoShares": 0, "sellInfoCount": 0, "netInfoCount": 0, "netInfoShares": 0, "totalInsiderShares": 0}, "quoteType": {"exchange": "NSI", "quoteType": "EQUITY", "symbol": "GLOBE.NS", "underlyingSymbol": "GLOBE.NS", "shortName": "Globe Textiles (I) Ltd.", "longName": "Globe Textiles (India) Limited", "firstTradeDateEpochUtc": "2018-07-13 09:15:00", "timeZoneFullName": "Asia/Kolkata", "timeZoneShortName": "IST", "uuid": "24221396-b8c7-3dd0-ae37-8a902787bc7f", "gmtOffSetMilliseconds": 19800000, "maxAge": 1}, "incomeStatementHistory": {"incomeStatementHistory": [{"maxAge": 1, "endDate": "2020-03-31", "totalRevenue": 2651680831, "costOfRevenue": 2382600557, "grossProfit": 269080274, "researchDevelopment": {}, "sellingGeneralAdministrative": 87381147, "nonRecurring": {}, "otherOperatingExpenses": 65070947, "totalOperatingExpenses": 2545754182, "operatingIncome": 105926649, "totalOtherIncomeExpenseNet": -48130903, "ebit": 105926649, "interestExpense": -59390494, "incomeBeforeTax": 57795746, "incomeTaxExpense": 13374541, "minorityInterest": {}, "netIncomeFromContinuingOps": 44421205, "discontinuedOperations": {}, "extraordinaryItems": {}, "effectOfAccountingCharges": {}, "otherItems": {}, "netIncome": 44421205, "netIncomeApplicableToCommonShares": 44421205}, {"maxAge": 1, "endDate": "2019-03-31", "totalRevenue": 2573798262, "costOfRevenue": 2252882193, "grossProfit": 320916069, "researchDevelopment": {}, "sellingGeneralAdministrative": 86432581, "nonRecurring": {}, "otherOperatingExpenses": 98062834, "totalOperatingExpenses": 2448924445, "operatingIncome": 124873817, "totalOtherIncomeExpenseNet": -68714787, "ebit": 124873817, "interestExpense": -52321204, "incomeBeforeTax": 56159030, "incomeTaxExpense": 18763407, "minorityInterest": {}, "netIncomeFromContinuingOps": 37395623, "discontinuedOperations": {}, "extraordinaryItems": {}, "effectOfAccountingCharges": {}, "otherItems": {}, "netIncome": 37395623, "netIncomeApplicableToCommonShares": 37395623}, {"maxAge": 1, "endDate": "2018-03-31", "totalRevenue": 2427242131, "costOfRevenue": 2141488837, "grossProfit": 285753294, "researchDevelopment": {}, "sellingGeneralAdministrative": 86117287, "nonRecurring": {}, "otherOperatingExpenses": 110143366, "totalOperatingExpenses": 2348226791, "operatingIncome": 79015340, "totalOtherIncomeExpenseNet": -28363883, "ebit": 79015340, "interestExpense": -51677346, "incomeBeforeTax": 50651457, "incomeTaxExpense": 17616490, "minorityInterest": {}, "netIncomeFromContinuingOps": 33034967, "discontinuedOperations": {}, "extraordinaryItems": {}, "effectOfAccountingCharges": {}, "otherItems": {}, "netIncome": 33034967, "netIncomeApplicableToCommonShares": 33034967}, {"maxAge": 1, "endDate": "2017-03-31", "totalRevenue": 1904248426, "costOfRevenue": 1647090902, "grossProfit": 257157524, "researchDevelopment": {}, "sellingGeneralAdministrative": 52123211, "nonRecurring": {}, "otherOperatingExpenses": 115407982, "totalOperatingExpenses": 1822715520, "operatingIncome": 81532906, "totalOtherIncomeExpenseNet": -32005810, "ebit": 81532906, "interestExpense": -41376627, "incomeBeforeTax": 49527096, "incomeTaxExpense": 15647044, "minorityInterest": {}, "netIncomeFromContinuingOps": 33880052, "discontinuedOperations": {}, "extraordinaryItems": {}, "effectOfAccountingCharges": {}, "otherItems": {}, "netIncome": 33880052, "netIncomeApplicableToCommonShares": 33880052}], "maxAge": 86400}, "fundOwnership": {"ownershipList": [], "maxAge": 1}, "summaryDetail": {"maxAge": 1, "priceHint": 2, "previousClose": 48.0, "open": 48.95, "dayLow": 48.95, "dayHigh": 48.95, "regularMarketPreviousClose": 48.0, "regularMarketOpen": 48.95, "regularMarketDayLow": 48.95, "regularMarketDayHigh": 48.95, "payoutRatio": 0.0, "beta": 0.954002, "trailingPE": 15.183002, "volume": 5, "regularMarketVolume": 5, "averageVolume": 0, "averageVolume10days": 0, "averageDailyVolume10Day": 0, "bid": 0.0, "ask": 0.0, "marketCap": 493225088, "fiftyTwoWeekLow": 26.0, "fiftyTwoWeekHigh": 60.25, "priceToSalesTrailing12Months": 0.17786844, "fiftyDayAverage": 50.6, "twoHundredDayAverage": 50.394245, "currency": "INR", "fromCurrency": null, "lastMarket": null, "algorithm": null, "tradeable": false}, "incomeStatementHistoryQuarterly": {"incomeStatementHistory": [{"maxAge": 1, "endDate": "2020-12-31", "totalRevenue": 978086000, "costOfRevenue": 921178000, "grossProfit": 56908000, "researchDevelopment": {}, "sellingGeneralAdministrative": 16196000, "nonRecurring": {}, "otherOperatingExpenses": 11218000, "totalOperatingExpenses": 951663000, "operatingIncome": 26423000, "totalOtherIncomeExpenseNet": -10515000, "ebit": 26423000, "interestExpense": -15660000, "incomeBeforeTax": 15908000, "incomeTaxExpense": -1727000, "minorityInterest": {}, "netIncomeFromContinuingOps": 17635000, "discontinuedOperations": {}, "extraordinaryItems": {}, "effectOfAccountingCharges": {}, "otherItems": {}, "netIncome": 17635000, "netIncomeApplicableToCommonShares": 17635000}, {"maxAge": 1, "endDate": "2020-09-30", "totalRevenue": 661388000, "costOfRevenue": 636960000, "grossProfit": 24428000, "researchDevelopment": {}, "sellingGeneralAdministrative": 17166000, "nonRecurring": {}, "otherOperatingExpenses": 13870000, "totalOperatingExpenses": 670631000, "operatingIncome": -9243000, "totalOtherIncomeExpenseNet": -10390000, "ebit": -9243000, "interestExpense": -14769000, "incomeBeforeTax": -19633000, "incomeTaxExpense": 119000, "minorityInterest": {}, "netIncomeFromContinuingOps": -19752000, "discontinuedOperations": {}, "extraordinaryItems": {}, "effectOfAccountingCharges": {}, "otherItems": {}, "netIncome": -19752000, "netIncomeApplicableToCommonShares": -19752000}, {"maxAge": 1, "endDate": "2020-06-30", "totalRevenue": 410170000, "costOfRevenue": 397601500, "grossProfit": 12568500, "researchDevelopment": {}, "sellingGeneralAdministrative": 9932500, "nonRecurring": {}, "otherOperatingExpenses": 9909000, "totalOperatingExpenses": 420078500, "operatingIncome": -9908500, "totalOtherIncomeExpenseNet": -8176500, "ebit": -9908500, "interestExpense": -14262500, "incomeBeforeTax": -18085000, "incomeTaxExpense": 119500, "minorityInterest": {}, "netIncomeFromContinuingOps": -18204500, "discontinuedOperations": {}, "extraordinaryItems": {}, "effectOfAccountingCharges": {}, "otherItems": {}, "netIncome": -18204500, "netIncomeApplicableToCommonShares": -18204500}, {"maxAge": 1, "endDate": "2019-12-31", "totalRevenue": 750951000, "costOfRevenue": 697263000, "grossProfit": 53688000, "researchDevelopment": {}, "sellingGeneralAdministrative": 19980000, "nonRecurring": {}, "otherOperatingExpenses": 24949000, "totalOperatingExpenses": 745390000, "operatingIncome": 5561000, "totalOtherIncomeExpenseNet": -14706000, "ebit": 5561000, "interestExpense": -16235000, "incomeBeforeTax": -9145000, "incomeTaxExpense": -697000, "minorityInterest": {}, "netIncomeFromContinuingOps": -8448000, "discontinuedOperations": {}, "extraordinaryItems": {}, "effectOfAccountingCharges": {}, "otherItems": {}, "netIncome": -8448000, "netIncomeApplicableToCommonShares": -8448000}], "maxAge": 86400}, "cashflowStatementHistoryQuarterly": {"cashflowStatements": [{"maxAge": 1, "endDate": "2020-12-31", "netIncome": 17635000, "changeToLiabilities": 0}, {"maxAge": 1, "endDate": "2020-09-30", "netIncome": -19752000, "depreciation": 2635500, "changeToNetincome": 15725000, "changeToAccountReceivables": 62008000, "changeToLiabilities": -66714000, "changeToInventory": 9910500, "changeToOperatingActivities": 34333000, "totalCashFromOperatingActivities": 39693500, "capitalExpenditures": -383000, "otherCashflowsFromInvestingActivities": 76000, "totalCashflowsFromInvestingActivities": -44785500, "netBorrowings": 19123500, "otherCashflowsFromFinancingActivities": -14262000, "totalCashFromFinancingActivities": 4861500, "changeInCash": -241500}, {"maxAge": 1, "endDate": "2020-06-30", "netIncome": -18204500, "depreciation": 2635500, "changeToNetincome": 15725000, "changeToAccountReceivables": 62008000, "changeToLiabilities": -66714000, "changeToInventory": 9910500, "changeToOperatingActivities": 34333000, "totalCashFromOperatingActivities": 39693500, "capitalExpenditures": -383000, "otherCashflowsFromInvestingActivities": 76000, "totalCashflowsFromInvestingActivities": -44785500, "netBorrowings": 19123500, "otherCashflowsFromFinancingActivities": -14262000, "totalCashFromFinancingActivities": 4861500, "changeInCash": -241500}, {"maxAge": 1, "endDate": "2019-12-31", "netIncome": -8448000, "depreciation": 2635500, "changeToNetincome": 15725000, "changeToAccountReceivables": 62008000, "changeToLiabilities": 0, "changeToInventory": 9910500, "changeToOperatingActivities": 34333000, "totalCashFromOperatingActivities": 39693500, "capitalExpenditures": -383000, "otherCashflowsFromInvestingActivities": 76000, "totalCashflowsFromInvestingActivities": -44785500, "netBorrowings": 19123500, "otherCashflowsFromFinancingActivities": -14262000, "totalCashFromFinancingActivities": 4861500, "changeInCash": -241500}], "maxAge": 86400}, "insiderHolders": {"holders": [], "maxAge": 1}, "calendarEvents": {"maxAge": 1, "earnings": {"earningsDate": []}}, "upgradeDowngradeHistory": {"history": [], "maxAge": 86400}, "price": {"maxAge": 1, "regularMarketChangePercent": 0.019791683, "regularMarketChange": 0.95000076, "regularMarketTime": "2021-04-30 12:21:36", "priceHint": 2, "regularMarketPrice": 48.95, "regularMarketDayHigh": 48.95, "regularMarketDayLow": 48.95, "regularMarketVolume": 5, "averageDailyVolume10Day": 0, "averageDailyVolume3Month": 0, "regularMarketPreviousClose": 48.0, "regularMarketSource": "FREE_REALTIME", "regularMarketOpen": 48.95, "exchange": "NSI", "exchangeName": "NSE", "exchangeDataDelayedBy": 15, "marketState": "CLOSED", "quoteType": "EQUITY", "symbol": "GLOBE.NS", "underlyingSymbol": null, "shortName": "Globe Textiles (I) Ltd.", "longName": "Globe Textiles (India) Limited", "currency": "INR", "quoteSourceName": "Delayed Quote", "currencySymbol": "\u20b9", "fromCurrency": null, "lastMarket": null, "marketCap": 493225088}, "balanceSheetHistory": {"balanceSheetStatements": [{"maxAge": 1, "endDate": "2020-03-31", "cash": 1677181, "netReceivables": 1029612013, "inventory": 589790935, "otherCurrentAssets": 21750012, "totalCurrentAssets": 1643843024, "propertyPlantEquipment": 189204759, "otherAssets": 23862427, "totalAssets": 1856910210, "accountsPayable": 653943147, "shortLongTermDebt": 24558615, "otherCurrentLiab": 56715370, "longTermDebt": 25886323, "otherLiab": 14003721, "totalCurrentLiabilities": 1386215504, "totalLiab": 1426105548, "commonStock": 100761000, "retainedEarnings": 243791078, "capitalSurplus": 86252584, "totalStockholderEquity": 430804662, "netTangibleAssets": 430804662}, {"maxAge": 1, "endDate": "2019-03-31", "cash": 2544927, "netReceivables": 662069682, "inventory": 483138548, "otherCurrentAssets": 30462844, "totalCurrentAssets": 1179202292, "propertyPlantEquipment": 197086347, "intangibleAssets": 151096, "otherAssets": 12110816, "totalAssets": 1388550551, "accountsPayable": 312885402, "shortLongTermDebt": 41312230, "otherCurrentLiab": 36088393, "longTermDebt": 51467577, "otherLiab": 12789224, "totalCurrentLiabilities": 937910293, "totalLiab": 1002167094, "commonStock": 100761000, "retainedEarnings": 199369873, "treasuryStock": 285622000, "capitalSurplus": 86252584, "otherStockholderEquity": 285622000, "totalStockholderEquity": 386383457, "netTangibleAssets": 386232361}, {"maxAge": 1, "endDate": "2018-03-31", "cash": 25150444, "netReceivables": 507993221, "inventory": 433404502, "otherCurrentAssets": 136830772, "totalCurrentAssets": 1104150186, "propertyPlantEquipment": 207982190, "intangibleAssets": 586846, "otherAssets": 4862352, "totalAssets": 1317581574, "accountsPayable": 263360252, "shortLongTermDebt": 24692088, "otherCurrentLiab": 23858690, "longTermDebt": 45773400, "otherLiab": 10022736, "totalCurrentLiabilities": 912797169, "totalLiab": 968593305, "commonStock": 100761000, "retainedEarnings": 161974685, "capitalSurplus": 86252584, "totalStockholderEquity": 348988269, "netTangibleAssets": 348401423}, {"maxAge": 1, "endDate": "2017-03-31", "cash": 10721475, "netReceivables": 444025087, "inventory": 383576606, "otherCurrentAssets": 36319028, "totalCurrentAssets": 876915278, "propertyPlantEquipment": 218437282, "intangibleAssets": 1025736, "otherAssets": 15811556, "totalAssets": 1112189852, "accountsPayable": 242570878, "shortLongTermDebt": 14343429, "otherCurrentLiab": 28250628, "longTermDebt": 75725567, "otherLiab": 5191419, "totalCurrentLiabilities": 780671149, "totalLiab": 861588135, "commonStock": 87081000, "retainedEarnings": 128939717, "capitalSurplus": 34581000, "totalStockholderEquity": 250601717, "netTangibleAssets": 249575981}], "maxAge": 86400}, "financialData": {"maxAge": 86400, "currentPrice": 48.95, "recommendationKey": "none", "totalCash": 1216000, "totalCashPerShare": 0.12, "ebitda": 79427088, "totalDebt": 623784000, "totalRevenue": 2772976896, "debtToEquity": 158.066, "revenuePerShare": 293.334, "grossProfits": 269080274, "revenueGrowth": 0.302, "grossMargins": 0.06343, "ebitdaMargins": 0.02864, "operatingMargins": 0.024939999, "profitMargins": 0.010989999, "financialCurrency": "INR"}}}