{"GLOBAL.NS": {"assetProfile": {"address1": "Office No: 306, 3rd Floor", "address2": "Jaisingh Business Center Premises CHSL Block Sector: Parsiwada, Andheri East", "city": "Mumbai", "zip": "400099", "country": "India", "phone": "91 22 4924 2584", "fax": "91 22 4924 2584", "website": "http://www.globaledu.net.in", "industry": "Education & Training Services", "sector": "Consumer Defensive", "longBusinessSummary": "Global Education Limited provides educational and consultancy services in India and internationally. It operates through two segments, Educational Training and Development Activities; and Educational Business Support Activities. The company provides professional training and skill development to corporates, teachers, and students, as well as other various business support services to education institutions, corporates, and banks. It also offers operations and management consultancy services; financial management advisory services; IT advisory services; marketing and branding services; infrastructure facility services; and skill development and training, as well as conducts online exams. In addition, the company supplies computer hardware and accessories, tools, and printed materials, such as prospectus, journals, books, and stationery items for educational institutions. Global Education Limited was founded in 2011 and is headquartered in Mumbai, India.", "fullTimeEmployees": 186, "companyOfficers": [{"maxAge": 1, "name": "Mr. Aditya Praneet Bhandari", "age": 30, "title": "Whole-Time Director", "yearBorn": 1990, "fiscalYear": 2020, "totalPay": 1632000, "exercisedValue": 0, "unexercisedValue": 0}, {"maxAge": 1, "name": "Ms. Preeti  Pacheriwala", "title": "Compliance Officer & Company Sec.", "fiscalYear": 2020, "totalPay": 765000, "exercisedValue": 0, "unexercisedValue": 0}, {"maxAge": 1, "name": "Mr. Kailash  Thanvi", "title": "Chief Financial Officer", "exercisedValue": 0, "unexercisedValue": 0}], "compensationAsOfEpochDate": "2020-12-31 05:30:00", "maxAge": 86400}, "cashflowStatementHistory": {"cashflowStatements": [{"maxAge": 1, "endDate": "2020-03-31", "netIncome": 78727027, "depreciation": 25456792, "changeToNetincome": -23207616, "changeToAccountReceivables": -97379982, "changeToLiabilities": 502748, "changeToInventory": -3037611, "changeToOperatingActivities": 4074742, "totalCashFromOperatingActivities": -14863900, "capitalExpenditures": -13791811, "investments": 135000, "otherCashflowsFromInvestingActivities": 34662336, "totalCashflowsFromInvestingActivities": 20952436, "dividendsPaid": -9932000, "otherCashflowsFromFinancingActivities": -3693472, "totalCashFromFinancingActivities": -13625472, "changeInCash": -7536936}, {"maxAge": 1, "endDate": "2019-03-31", "netIncome": 65916915, "depreciation": 26865915, "changeToNetincome": -11914972, "changeToAccountReceivables": -2896589, "changeToLiabilities": 3248164, "changeToInventory": -1738638, "changeToOperatingActivities": -106224460, "totalCashFromOperatingActivities": -26743665, "capitalExpenditures": -36144698, "investments": -47642350, "otherCashflowsFromInvestingActivities": 14634907, "totalCashflowsFromInvestingActivities": -68359969, "dividendsPaid": -12415000, "otherCashflowsFromFinancingActivities": -5959338, "totalCashFromFinancingActivities": -18374338, "changeInCash": -113477972}, {"maxAge": 1, "endDate": "2018-03-31", "netIncome": 69226609, "depreciation": 22419513, "changeToNetincome": -15299786, "changeToAccountReceivables": -52405543, "changeToLiabilities": 9387270, "changeToInventory": 10884056, "changeToOperatingActivities": -21188674, "totalCashFromOperatingActivities": 23023445, "capitalExpenditures": -48781832, "investments": 46270000, "otherCashflowsFromInvestingActivities": 9977325, "totalCashflowsFromInvestingActivities": 40248558, "dividendsPaid": -18666902, "netBorrowings": -2707151, "otherCashflowsFromFinancingActivities": -1775244, "totalCashFromFinancingActivities": -23399297, "changeInCash": 39872705}, {"maxAge": 1, "endDate": "2017-03-31", "netIncome": 50138103, "depreciation": 5240263, "changeToNetincome": 15186807, "changeToAccountReceivables": -1128429, "changeToLiabilities": 3780749, "changeToInventory": -6253559, "changeToOperatingActivities": -37822592, "totalCashFromOperatingActivities": 29141342, "capitalExpenditures": -14686756, "investments": 46270000, "otherCashflowsFromInvestingActivities": 2481791, "totalCashflowsFromInvestingActivities": 6795475, "dividendsPaid": -18666902, "netBorrowings": -23117019, "otherCashflowsFromFinancingActivities": -9678099, "totalCashFromFinancingActivities": 69654882, "changeInCash": 105591699, "issuanceOfStock": 102450000}], "maxAge": 86400}, "institutionOwnership": {"ownershipList": [], "maxAge": 1}, "majorHoldersBreakdown": {"maxAge": 1}, "balanceSheetHistoryQuarterly": {"balanceSheetStatements": [{"maxAge": 1, "endDate": "2020-03-31", "cash": 7074319, "shortTermInvestments": 649, "netReceivables": 165309960, "inventory": 6061757, "otherCurrentAssets": 151273628, "totalCurrentAssets": 330003647, "longTermInvestments": 48095965, "propertyPlantEquipment": 26384881, "otherAssets": 7884343, "deferredLongTermAssetCharges": 5262285, "totalAssets": 412368836, "accountsPayable": 26529372, "otherCurrentLiab": 1706379, "otherLiab": 1708013, "totalCurrentLiabilities": 40283555, "totalLiab": 41991568, "commonStock": 24830000, "retainedEarnings": 257327712, "treasuryStock": 250000, "capitalSurplus": 87969556, "otherStockholderEquity": 250000, "totalStockholderEquity": 370377268, "netTangibleAssets": 370377268}, {"maxAge": 1, "endDate": "2019-12-31", "cash": 7074319, "shortTermInvestments": 649, "netReceivables": 165309960, "inventory": 6061757, "otherCurrentAssets": 151273628, "totalCurrentAssets": 330003647, "longTermInvestments": 48095965, "propertyPlantEquipment": 26384881, "otherAssets": 7884343, "deferredLongTermAssetCharges": 5262285, "totalAssets": 412368836, "accountsPayable": 26529372, "otherCurrentLiab": 1706379, "otherLiab": 1708013, "totalCurrentLiabilities": 40283555, "totalLiab": 41991568, "commonStock": 24830000, "retainedEarnings": 257327712, "treasuryStock": 250000, "capitalSurplus": 87969556, "otherStockholderEquity": 250000, "totalStockholderEquity": 370377268, "netTangibleAssets": 370377268}, {"maxAge": 1, "endDate": "2019-09-30", "cash": 1957994, "shortTermInvestments": 796, "netReceivables": 266014343, "inventory": 4899719, "otherCurrentAssets": 14579223, "totalCurrentAssets": 287452075, "longTermInvestments": 53421318, "propertyPlantEquipment": 38666926, "otherAssets": 6850618, "deferredLongTermAssetCharges": 3910060, "totalAssets": 386390937, "accountsPayable": 37045118, "otherCurrentLiab": 17410435, "otherLiab": 928776, "totalCurrentLiabilities": 54455553, "totalLiab": 55384329, "commonStock": 24830000, "treasuryStock": 306176608, "otherStockholderEquity": 306176608, "totalStockholderEquity": 331006608, "netTangibleAssets": 331006608}, {"maxAge": 1, "endDate": "2019-06-30", "cash": 1957994, "shortTermInvestments": 796, "netReceivables": 266014343, "inventory": 4899719, "otherCurrentAssets": 14579223, "totalCurrentAssets": 287452075, "longTermInvestments": 53421318, "propertyPlantEquipment": 38666926, "otherAssets": 6850618, "deferredLongTermAssetCharges": 3910060, "totalAssets": 386390937, "accountsPayable": 37045118, "otherCurrentLiab": 17410435, "otherLiab": 928776, "totalCurrentLiabilities": 54455553, "totalLiab": 55384329, "commonStock": 24830000, "treasuryStock": 306176608, "otherStockholderEquity": 306176608, "totalStockholderEquity": 331006608, "netTangibleAssets": 331006608}], "maxAge": 86400}, "indexTrend": {"maxAge": 1, "symbol": "SP5", "peRatio": 19.7411, "pegRatio": 1.34172, "estimates": [{"period": "0q", "growth": 0.549}, {"period": "+1q", "growth": 0.431}, {"period": "0y", "growth": 0.305}, {"period": "+1y", "growth": 0.109}, {"period": "+5y", "growth": 0.120865}, {"period": "-5y"}]}, "defaultKeyStatistics": {"maxAge": 1, "priceHint": 2, "enterpriseValue": 462745888, "profitMargins": 0.30271, "floatShares": 1623961, "sharesOutstanding": 10180300, "beta": 1.186095, "category": null, "bookValue": 36.382, "priceToBook": 1.2684845, "fundFamily": null, "legalType": null, "lastFiscalYearEnd": "2020-03-31 05:30:00", "nextFiscalYearEnd": "2022-03-31 05:30:00", "mostRecentQuarter": "2020-03-31 05:30:00", "earningsQuarterlyGrowth": 0.845, "netIncomeToCommon": 78727024, "trailingEps": 7.733, "lastSplitFactor": "41:10", "lastSplitDate": "2020-11-12 05:30:00", "enterpriseToRevenue": 1.779, "enterpriseToEbitda": 4.205}, "summaryProfile": {"address1": "Office No: 306, 3rd Floor", "address2": "Jaisingh Business Center Premises CHSL Block Sector: Parsiwada, Andheri East", "city": "Mumbai", "zip": "400099", "country": "India", "phone": "91 22 4924 2584", "fax": "91 22 4924 2584", "website": "http://www.globaledu.net.in", "industry": "Education & Training Services", "sector": "Consumer Defensive", "longBusinessSummary": "Global Education Limited provides educational and consultancy services in India and internationally. It operates through two segments, Educational Training and Development Activities; and Educational Business Support Activities. The company provides professional training and skill development to corporates, teachers, and students, as well as other various business support services to education institutions, corporates, and banks. It also offers operations and management consultancy services; financial management advisory services; IT advisory services; marketing and branding services; infrastructure facility services; and skill development and training, as well as conducts online exams. In addition, the company supplies computer hardware and accessories, tools, and printed materials, such as prospectus, journals, books, and stationery items for educational institutions. Global Education Limited was founded in 2011 and is headquartered in Mumbai, India.", "fullTimeEmployees": 186, "companyOfficers": [], "maxAge": 86400}, "netSharePurchaseActivity": {"maxAge": 1, "period": "6m", "buyInfoCount": 0, "buyInfoShares": 0, "sellInfoCount": 0, "netInfoCount": 0, "netInfoShares": 0, "totalInsiderShares": 0}, "quoteType": {"exchange": "NSI", "quoteType": "EQUITY", "symbol": "GLOBAL.NS", "underlyingSymbol": "GLOBAL.NS", "shortName": "Global Education Limited", "longName": "Global Education Limited", "firstTradeDateEpochUtc": "2017-03-15 09:15:00", "timeZoneFullName": "Asia/Kolkata", "timeZoneShortName": "IST", "uuid": "6c8fb816-24af-3070-9e93-a182b28dce7e", "gmtOffSetMilliseconds": 19800000, "maxAge": 1}, "incomeStatementHistory": {"incomeStatementHistory": [{"maxAge": 1, "endDate": "2020-03-31", "totalRevenue": 260071724, "costOfRevenue": 127782129, "grossProfit": 132289595, "researchDevelopment": {}, "sellingGeneralAdministrative": 4841726, "nonRecurring": {}, "otherOperatingExpenses": 17395973, "totalOperatingExpenses": 175476620, "operatingIncome": 84595104, "totalOtherIncomeExpenseNet": 22062906, "ebit": 84595104, "interestExpense": -1651920, "incomeBeforeTax": 106658010, "incomeTaxExpense": 27930983, "minorityInterest": {}, "netIncomeFromContinuingOps": 78727027, "discontinuedOperations": {}, "extraordinaryItems": {}, "effectOfAccountingCharges": {}, "otherItems": {}, "netIncome": 78727027, "netIncomeApplicableToCommonShares": 78727027}, {"maxAge": 1, "endDate": "2019-03-31", "totalRevenue": 299744618, "costOfRevenue": 178065994, "grossProfit": 121678624, "researchDevelopment": {}, "sellingGeneralAdministrative": 3811268, "nonRecurring": {}, "otherOperatingExpenses": 14747472, "totalOperatingExpenses": 223490648, "operatingIncome": 76253970, "totalOtherIncomeExpenseNet": 15950779, "ebit": 76253970, "interestExpense": -3407398, "incomeBeforeTax": 92204749, "incomeTaxExpense": 26287834, "minorityInterest": {}, "netIncomeFromContinuingOps": 65916915, "discontinuedOperations": {}, "extraordinaryItems": {}, "effectOfAccountingCharges": {}, "otherItems": {}, "netIncome": 65916915, "netIncomeApplicableToCommonShares": 65916915}, {"maxAge": 1, "endDate": "2018-03-31", "totalRevenue": 315630144, "costOfRevenue": 191053737, "grossProfit": 124576407, "researchDevelopment": {}, "sellingGeneralAdministrative": 5902514, "nonRecurring": {}, "otherOperatingExpenses": 15438973, "totalOperatingExpenses": 234814737, "operatingIncome": 80815407, "totalOtherIncomeExpenseNet": 17740053, "ebit": 80815407, "interestExpense": -1775244, "incomeBeforeTax": 98555460, "incomeTaxExpense": 29328851, "minorityInterest": {}, "netIncomeFromContinuingOps": 69226609, "discontinuedOperations": {}, "extraordinaryItems": {}, "effectOfAccountingCharges": {}, "otherItems": {}, "netIncome": 69226609, "netIncomeApplicableToCommonShares": 69226609}, {"maxAge": 1, "endDate": "2017-03-31", "totalRevenue": 263655971, "costOfRevenue": 177200863, "grossProfit": 86455108, "researchDevelopment": {}, "sellingGeneralAdministrative": 2806951, "nonRecurring": {}, "otherOperatingExpenses": 9429107, "totalOperatingExpenses": 195017138, "operatingIncome": 68638833, "totalOtherIncomeExpenseNet": 4608109, "ebit": 68638833, "interestExpense": -1774810, "incomeBeforeTax": 73246942, "incomeTaxExpense": 23108839, "minorityInterest": {}, "netIncomeFromContinuingOps": 50138103, "discontinuedOperations": {}, "extraordinaryItems": {}, "effectOfAccountingCharges": {}, "otherItems": {}, "netIncome": 50138103, "netIncomeApplicableToCommonShares": 50138103}], "maxAge": 86400}, "fundOwnership": {"ownershipList": [], "maxAge": 1}, "summaryDetail": {"maxAge": 1, "priceHint": 2, "previousClose": 45.3, "open": 46.95, "dayLow": 44.85, "dayHigh": 46.95, "regularMarketPreviousClose": 45.3, "regularMarketOpen": 46.95, "regularMarketDayLow": 44.85, "regularMarketDayHigh": 46.95, "dividendRate": 3.0, "dividendYield": 0.066199996, "exDividendDate": "2021-05-06 05:30:00", "payoutRatio": 0.1423, "beta": 1.186095, "trailingPE": 5.96793, "volume": 19645, "regularMarketVolume": 19645, "averageVolume": 6983, "averageVolume10days": 6483, "averageDailyVolume10Day": 6483, "bid": 0.0, "ask": 0.0, "marketCap": 469820864, "fiftyTwoWeekLow": 10.975609, "fiftyTwoWeekHigh": 77.5, "priceToSalesTrailing12Months": 1.806505, "fiftyDayAverage": 46.39697, "twoHundredDayAverage": 51.645657, "trailingAnnualDividendRate": 0.976, "trailingAnnualDividendYield": 0.021545254, "currency": "INR", "fromCurrency": null, "lastMarket": null, "algorithm": null, "tradeable": false}, "incomeStatementHistoryQuarterly": {"incomeStatementHistory": [{"maxAge": 1, "endDate": "2020-03-31", "totalRevenue": 67455796, "costOfRevenue": 29574123, "grossProfit": 37881674, "researchDevelopment": {}, "sellingGeneralAdministrative": 2420863, "nonRecurring": {}, "otherOperatingExpenses": 1962132, "totalOperatingExpenses": 40942964, "operatingIncome": 26512832, "totalOtherIncomeExpenseNet": 5128130, "ebit": 26512832, "interestExpense": -183945, "incomeBeforeTax": 31640962, "incomeTaxExpense": 8213896, "minorityInterest": {}, "netIncomeFromContinuingOps": 23427067, "discontinuedOperations": {}, "extraordinaryItems": {}, "effectOfAccountingCharges": {}, "otherItems": {}, "netIncome": 23427067, "netIncomeApplicableToCommonShares": 23427067}, {"maxAge": 1, "endDate": "2019-12-31", "totalRevenue": 67455796, "costOfRevenue": 29574123, "grossProfit": 37881674, "researchDevelopment": {}, "sellingGeneralAdministrative": 2420863, "nonRecurring": {}, "otherOperatingExpenses": 1962132, "totalOperatingExpenses": 40942964, "operatingIncome": 26512832, "totalOtherIncomeExpenseNet": 5128130, "ebit": 26512832, "interestExpense": -183945, "incomeBeforeTax": 31640962, "incomeTaxExpense": 8213896, "minorityInterest": {}, "netIncomeFromContinuingOps": 23427067, "discontinuedOperations": {}, "extraordinaryItems": {}, "effectOfAccountingCharges": {}, "otherItems": {}, "netIncome": 23427067, "netIncomeApplicableToCommonShares": 23427067}, {"maxAge": 1, "endDate": "2019-09-30", "totalRevenue": 62580066, "costOfRevenue": 34316942, "grossProfit": 28263124, "researchDevelopment": {}, "sellingGeneralAdministrative": 2420863, "nonRecurring": {}, "otherOperatingExpenses": 6735855, "totalOperatingExpenses": 46795346, "operatingIncome": 15784720, "totalOtherIncomeExpenseNet": 5903323, "ebit": 15784720, "interestExpense": -642015, "incomeBeforeTax": 21688043, "incomeTaxExpense": 5751596, "minorityInterest": {}, "netIncomeFromContinuingOps": 15936447, "discontinuedOperations": {}, "extraordinaryItems": {}, "effectOfAccountingCharges": {}, "otherItems": {}, "netIncome": 15936447, "netIncomeApplicableToCommonShares": 15936447}, {"maxAge": 1, "endDate": "2019-06-30", "totalRevenue": 62580066, "costOfRevenue": 34316942, "grossProfit": 28263124, "researchDevelopment": {}, "sellingGeneralAdministrative": 2420863, "nonRecurring": {}, "otherOperatingExpenses": 6735855, "totalOperatingExpenses": 46795346, "operatingIncome": 15784720, "totalOtherIncomeExpenseNet": 5903323, "ebit": 15784720, "interestExpense": -642015, "incomeBeforeTax": 21688043, "incomeTaxExpense": 5751596, "minorityInterest": {}, "netIncomeFromContinuingOps": 15936447, "discontinuedOperations": {}, "extraordinaryItems": {}, "effectOfAccountingCharges": {}, "otherItems": {}, "netIncome": 15936447, "netIncomeApplicableToCommonShares": 15936447}], "maxAge": 86400}, "cashflowStatementHistoryQuarterly": {"cashflowStatements": [{"maxAge": 1, "endDate": "2020-03-31", "netIncome": 23427067, "depreciation": 6985846, "changeToNetincome": -6351093, "changeToAccountReceivables": -47752205, "changeToLiabilities": -8017842, "changeToInventory": 14154148, "changeToOperatingActivities": 11141639, "totalCashFromOperatingActivities": -6412439, "capitalExpenditures": -844826, "investments": 1500000, "otherCashflowsFromInvestingActivities": 10919181, "totalCashflowsFromInvestingActivities": 11733606, "dividendsPaid": -3103750, "otherCashflowsFromFinancingActivities": -821930, "totalCashFromFinancingActivities": -3925680, "changeInCash": 1395486}, {"maxAge": 1, "endDate": "2019-12-31", "netIncome": 23427067, "depreciation": 6985846, "changeToNetincome": -6351093, "changeToAccountReceivables": -47752205, "changeToLiabilities": -8017842, "changeToInventory": 14154148, "changeToOperatingActivities": 11141639, "totalCashFromOperatingActivities": -6412439, "capitalExpenditures": -844826, "investments": 1500000, "otherCashflowsFromInvestingActivities": 10919181, "totalCashflowsFromInvestingActivities": 11733606, "dividendsPaid": -3103750, "otherCashflowsFromFinancingActivities": -821930, "totalCashFromFinancingActivities": -3925680, "changeInCash": 1395486}, {"maxAge": 1, "endDate": "2019-09-30", "netIncome": 15936447, "depreciation": 5742550, "changeToNetincome": -5252715, "changeToAccountReceivables": -937786, "changeToLiabilities": 8269216, "changeToInventory": -15672954, "changeToOperatingActivities": -9104268, "totalCashFromOperatingActivities": -1019511, "capitalExpenditures": -6051080, "investments": -1432500, "otherCashflowsFromInvestingActivities": 6411987, "totalCashflowsFromInvestingActivities": -1257388, "dividendsPaid": -1862250, "otherCashflowsFromFinancingActivities": -1024806, "totalCashFromFinancingActivities": -2887056, "changeInCash": -5163954}, {"maxAge": 1, "endDate": "2019-06-30", "netIncome": 15936447, "depreciation": 5742550, "changeToNetincome": -5252715, "changeToAccountReceivables": -937786, "changeToLiabilities": 8269216, "changeToInventory": -15672954, "changeToOperatingActivities": -9104268, "totalCashFromOperatingActivities": -1019511, "capitalExpenditures": -6051080, "investments": -1432500, "otherCashflowsFromInvestingActivities": 6411987, "totalCashflowsFromInvestingActivities": -1257388, "dividendsPaid": -1862250, "otherCashflowsFromFinancingActivities": -1024806, "totalCashFromFinancingActivities": -2887056, "changeInCash": -5163954}], "maxAge": 86400}, "insiderHolders": {"holders": [], "maxAge": 1}, "calendarEvents": {"maxAge": 1, "earnings": {"earningsDate": ["2020-09-24 05:30:S"]}, "exDividendDate": "2021-05-06 05:30:00"}, "upgradeDowngradeHistory": {"history": [], "maxAge": 86400}, "price": {"maxAge": 1, "regularMarketChangePercent": 0.018763848, "regularMarketChange": 0.8500023, "regularMarketTime": "2021-04-30 15:29:37", "priceHint": 2, "regularMarketPrice": 46.15, "regularMarketDayHigh": 46.95, "regularMarketDayLow": 44.85, "regularMarketVolume": 19645, "averageDailyVolume10Day": 6483, "averageDailyVolume3Month": 6983, "regularMarketPreviousClose": 45.3, "regularMarketSource": "FREE_REALTIME", "regularMarketOpen": 46.95, "exchange": "NSI", "exchangeName": "NSE", "exchangeDataDelayedBy": 15, "marketState": "CLOSED", "quoteType": "EQUITY", "symbol": "GLOBAL.NS", "underlyingSymbol": null, "shortName": "Global Education Limited", "longName": "Global Education Limited", "currency": "INR", "quoteSourceName": "Delayed Quote", "currencySymbol": "\u20b9", "fromCurrency": null, "lastMarket": null, "marketCap": 469820864}, "balanceSheetHistory": {"balanceSheetStatements": [{"maxAge": 1, "endDate": "2020-03-31", "cash": 7074319, "shortTermInvestments": 649, "netReceivables": 165309960, "inventory": 6061757, "otherCurrentAssets": 151273628, "totalCurrentAssets": 330003647, "longTermInvestments": 48095965, "propertyPlantEquipment": 26384881, "otherAssets": 7884343, "deferredLongTermAssetCharges": 5262285, "totalAssets": 412368836, "accountsPayable": 26529372, "otherCurrentLiab": 1706379, "otherLiab": 1708013, "totalCurrentLiabilities": 40283555, "totalLiab": 41991568, "commonStock": 24830000, "retainedEarnings": 257327712, "treasuryStock": 250000, "capitalSurplus": 87969556, "otherStockholderEquity": 250000, "totalStockholderEquity": 370377268, "netTangibleAssets": 370377268}, {"maxAge": 1, "endDate": "2019-03-31", "cash": 14611255, "shortTermInvestments": 872, "netReceivables": 77493506, "inventory": 3024147, "otherCurrentAssets": 158267269, "totalCurrentAssets": 254382408, "longTermInvestments": 48240164, "propertyPlantEquipment": 38049862, "otherAssets": 6398467, "deferredLongTermAssetCharges": 3829498, "totalAssets": 347070901, "accountsPayable": 26026623, "otherCurrentLiab": 5570903, "otherLiab": 928776, "totalCurrentLiabilities": 43624133, "totalLiab": 44552909, "commonStock": 24830000, "retainedEarnings": 189468436, "treasuryStock": 250000, "capitalSurplus": 87969556, "otherStockholderEquity": 250000, "totalStockholderEquity": 302517992, "netTangibleAssets": 302517992}, {"maxAge": 1, "endDate": "2018-03-31", "cash": 128089227, "netReceivables": 61456322, "inventory": 1285510, "otherCurrentAssets": 60294603, "totalCurrentAssets": 251281257, "longTermInvestments": 3657552, "propertyPlantEquipment": 29441417, "otherAssets": 5043101, "deferredLongTermAssetCharges": 2473101, "totalAssets": 289423327, "accountsPayable": 22778460, "otherCurrentLiab": 1677509, "otherLiab": 558233, "totalCurrentLiabilities": 37297077, "totalLiab": 37855310, "commonStock": 24830000, "retainedEarnings": 138518461, "treasuryStock": 250000, "capitalSurplus": 87969556, "otherStockholderEquity": 250000, "totalStockholderEquity": 251568017, "netTangibleAssets": 251568017}, {"maxAge": 1, "endDate": "2017-03-31", "cash": 138686653, "netReceivables": 8927170, "inventory": 12169566, "otherCurrentAssets": 7159120, "totalCurrentAssets": 167144798, "propertyPlantEquipment": 27069740, "otherAssets": 32672509, "deferredLongTermAssetCharges": 1612097, "totalAssets": 226887047, "accountsPayable": 13391190, "otherCurrentLiab": 6194122, "otherLiab": 925859, "totalCurrentLiabilities": 28427378, "totalLiab": 29353237, "commonStock": 24830000, "retainedEarnings": 84484254, "capitalSurplus": 87969556, "totalStockholderEquity": 197283810, "netTangibleAssets": 197283810}], "maxAge": 86400}, "financialData": {"maxAge": 86400, "currentPrice": 46.15, "recommendationKey": "none", "totalCash": 7074968, "totalCashPerShare": 0.695, "ebitda": 110051896, "totalDebt": 0, "quickRatio": 4.279, "currentRatio": 8.192, "totalRevenue": 260071728, "revenuePerShare": 25.547, "returnOnAssets": 0.13924, "returnOnEquity": 0.23399, "grossProfits": 132289595, "freeCashflow": -22994504, "operatingCashflow": -14863900, "earningsGrowth": 0.845, "revenueGrowth": 0.13, "grossMargins": 0.50867003, "ebitdaMargins": 0.42316002, "operatingMargins": 0.32528, "profitMargins": 0.30271, "financialCurrency": "INR"}}}