{"GLOBOFFS.BO": {"recommendationTrend": {"trend": [{"period": "0m", "strongBuy": 0, "buy": 0, "hold": 0, "sell": 0, "strongSell": 0}, {"period": "-1m", "strongBuy": 0, "buy": 0, "hold": 0, "sell": 0, "strongSell": 0}, {"period": "-2m", "strongBuy": 0, "buy": 0, "hold": 0, "sell": 0, "strongSell": 0}, {"period": "-3m", "strongBuy": 0, "buy": 0, "hold": 0, "sell": 0, "strongSell": 0}], "maxAge": 86400}, "cashflowStatementHistory": {"cashflowStatements": [{"maxAge": 1, "endDate": "2020-03-31", "netIncome": -348320000, "depreciation": 307746000, "changeToNetincome": 293591000, "changeToAccountReceivables": -78310000, "changeToLiabilities": -51432000, "changeToInventory": 22511000, "changeToOperatingActivities": 16115000, "totalCashFromOperatingActivities": 161901000, "capitalExpenditures": -128845000, "otherCashflowsFromInvestingActivities": 21283000, "totalCashflowsFromInvestingActivities": 467934000, "dividendsPaid": -753000, "netBorrowings": 299000, "otherCashflowsFromFinancingActivities": -726316000, "totalCashFromFinancingActivities": -726770000, "effectOfExchangeRate": 4655000, "changeInCash": -92280000}, {"maxAge": 1, "endDate": "2019-03-31", "netIncome": -4938020000, "depreciation": 594360000, "changeToNetincome": 3674766000, "changeToAccountReceivables": 38833000, "changeToLiabilities": -50079000, "changeToInventory": 49314000, "changeToOperatingActivities": 829148000, "totalCashFromOperatingActivities": 198322000, "capitalExpenditures": -87775000, "otherCashflowsFromInvestingActivities": 8602000, "totalCashflowsFromInvestingActivities": -73945000, "dividendsPaid": -1065000, "netBorrowings": 48066000, "otherCashflowsFromFinancingActivities": -233448000, "totalCashFromFinancingActivities": -186447000, "effectOfExchangeRate": 64875000, "changeInCash": 2805000}, {"maxAge": 1, "endDate": "2018-03-31", "netIncome": -1926154000, "depreciation": 608281000, "changeToNetincome": 755127000, "changeToAccountReceivables": 86350000, "changeToLiabilities": -37177000, "changeToInventory": 47388000, "changeToOperatingActivities": 468309000, "totalCashFromOperatingActivities": 2124000, "capitalExpenditures": -19197000, "otherCashflowsFromInvestingActivities": 16632000, "totalCashflowsFromInvestingActivities": 341387000, "dividendsPaid": -1102000, "netBorrowings": -171048000, "otherCashflowsFromFinancingActivities": -264066000, "totalCashFromFinancingActivities": -436216000, "effectOfExchangeRate": -227000, "changeInCash": -92932000}, {"maxAge": 1, "endDate": "2017-03-31", "netIncome": -1141772000, "depreciation": 683439000, "changeToNetincome": 134927000, "changeToAccountReceivables": 63969000, "changeToLiabilities": 234439000, "changeToInventory": -46104000, "changeToOperatingActivities": 422556000, "totalCashFromOperatingActivities": 351454000, "capitalExpenditures": -16488000, "otherCashflowsFromInvestingActivities": 24225000, "totalCashflowsFromInvestingActivities": 7737000, "dividendsPaid": -1572000, "netBorrowings": 157356000, "otherCashflowsFromFinancingActivities": -509854000, "totalCashFromFinancingActivities": -354070000, "effectOfExchangeRate": -6521000, "changeInCash": -1400000}], "maxAge": 86400}, "institutionOwnership": {"maxAge": 1, "ownershipList": []}, "balanceSheetHistoryQuarterly": {"balanceSheetStatements": [{"maxAge": 1, "endDate": "2020-06-30", "totalStockholderEquity": -4133859000, "netTangibleAssets": -4133859000}, {"maxAge": 1, "endDate": "2020-03-31", "cash": 73980000, "netReceivables": 356573000, "inventory": 450286000, "otherCurrentAssets": 59521000, "totalCurrentAssets": 1102347000, "longTermInvestments": 287000, "propertyPlantEquipment": 5135288000, "otherAssets": 53698000, "deferredLongTermAssetCharges": 18882000, "totalAssets": 6291620000, "accountsPayable": 406260000, "shortLongTermDebt": 5720269000, "otherCurrentLiab": 88421000, "longTermDebt": 3903615000, "otherLiab": 1026000, "minorityInterest": -1931373000, "totalCurrentLiabilities": 8452211000, "totalLiab": 12356852000, "commonStock": 247288000, "retainedEarnings": -5220906000, "treasuryStock": -329949000, "capitalSurplus": 1169708000, "otherStockholderEquity": -329949000, "totalStockholderEquity": -4133859000, "netTangibleAssets": -4133859000}, {"maxAge": 1, "endDate": "2019-12-31", "totalStockholderEquity": -4202027000, "netTangibleAssets": -4202027000}, {"maxAge": 1, "endDate": "2019-09-30", "cash": 134221000, "shortTermInvestments": 3780000, "netReceivables": 330769000, "inventory": 465569000, "otherCurrentAssets": 180472000, "totalCurrentAssets": 1114811000, "longTermInvestments": 299000, "propertyPlantEquipment": 5194304000, "otherAssets": 97314000, "totalAssets": 6406728000, "accountsPayable": 516905000, "shortLongTermDebt": 6172057000, "otherCurrentLiab": 4139000, "longTermDebt": 4165865000, "otherLiab": 1176553000, "minorityInterest": -2267658000, "totalCurrentLiabilities": 7533995000, "totalLiab": 12876413000, "commonStock": 247288000, "treasuryStock": -4449315000, "otherStockholderEquity": -4449315000, "totalStockholderEquity": -4202027000, "netTangibleAssets": -4202027000}], "maxAge": 86400}, "earningsHistory": {"history": [{"maxAge": 1, "epsActual": {}, "epsEstimate": {}, "epsDifference": {}, "surprisePercent": {}, "quarter": {}, "period": "-4q"}, {"maxAge": 1, "epsActual": {}, "epsEstimate": {}, "epsDifference": {}, "surprisePercent": {}, "quarter": {}, "period": "-3q"}, {"maxAge": 1, "epsActual": {}, "epsEstimate": {}, "epsDifference": {}, "surprisePercent": {}, "quarter": {}, "period": "-2q"}, {"maxAge": 1, "epsActual": {}, "epsEstimate": {}, "epsDifference": {}, "surprisePercent": {}, "quarter": {}, "period": "-1q"}], "maxAge": 86400}, "indexTrend": {"maxAge": 1, "symbol": "SP5", "peRatio": 19.7411, "pegRatio": 1.34172, "estimates": [{"period": "0q", "growth": 0.549}, {"period": "+1q", "growth": 0.431}, {"period": "0y", "growth": 0.305}, {"period": "+1y", "growth": 0.109}, {"period": "+5y", "growth": 0.120859005}, {"period": "-5y"}]}, "industryTrend": {"maxAge": 1, "symbol": null, "estimates": []}, "insiderTransactions": {"transactions": [{"maxAge": 1, "shares": 125000, "filerUrl": "", "transactionText": "", "filerName": "Clearwell Enterprises, Ltd.", "filerRelation": "Promoter", "moneyText": "", "startDate": "2019-09-26", "ownership": "D"}, {"maxAge": 1, "shares": 184250, "filerUrl": "", "transactionText": "", "filerName": "Clearwell Enterprises, Ltd.", "filerRelation": "Promoter", "moneyText": "", "startDate": "2019-09-25", "ownership": "D"}, {"maxAge": 1, "shares": 180000, "filerUrl": "", "transactionText": "", "filerName": "Clearwell Enterprises, Ltd.", "filerRelation": "Promoter", "moneyText": "", "startDate": "2019-09-24", "ownership": "D"}, {"maxAge": 1, "shares": 40000, "filerUrl": "", "transactionText": "", "filerName": "Masu Trading & Investment Company Pvt Ltd", "filerRelation": "Promoter", "moneyText": "", "startDate": "2019-09-24", "ownership": "D"}, {"maxAge": 1, "shares": 120000, "filerUrl": "", "transactionText": "", "filerName": "Clearwell Enterprises, Ltd.", "filerRelation": "Promoter", "moneyText": "", "startDate": "2019-09-23", "ownership": "D"}, {"maxAge": 1, "shares": 110000, "filerUrl": "", "transactionText": "", "filerName": "Adsu Trading & Investment Company Pvt. Ltd", "filerRelation": "Promoter", "moneyText": "", "startDate": "2019-09-20", "ownership": "D"}, {"maxAge": 1, "shares": 140000, "filerUrl": "", "transactionText": "", "filerName": "Clearwell Enterprises, Ltd.", "filerRelation": "UNREPORTED", "moneyText": "", "startDate": "2019-09-20", "ownership": "D"}, {"maxAge": 1, "shares": 70000, "filerUrl": "", "transactionText": "", "filerName": "Mauve Trading Company Pvt Ltd", "filerRelation": "Promoter", "moneyText": "", "startDate": "2019-09-20", "ownership": "D"}, {"maxAge": 1, "shares": 50000, "filerUrl": "", "transactionText": "", "filerName": "Universal Investment Services Pvt, Ltd.", "filerRelation": "Promoter", "moneyText": "", "startDate": "2019-09-20", "ownership": "D"}, {"maxAge": 1, "shares": 100000, "filerUrl": "", "transactionText": "", "filerName": "Clearwell Enterprises, Ltd.", "filerRelation": "UNREPORTED", "moneyText": "", "startDate": "2019-09-19", "ownership": "D"}, {"maxAge": 1, "shares": 90000, "filerUrl": "", "transactionText": "", "filerName": "Masu Trading & Investment Company Pvt Ltd", "filerRelation": "Promoter", "moneyText": "", "startDate": "2019-09-19", "ownership": "D"}, {"maxAge": 1, "shares": 60000, "filerUrl": "", "transactionText": "", "filerName": "Clearwell Enterprises, Ltd.", "filerRelation": "Promoter", "moneyText": "", "startDate": "2019-09-18", "ownership": "D"}, {"maxAge": 1, "shares": 70000, "filerUrl": "", "transactionText": "", "filerName": "Clearwell Enterprises, Ltd.", "filerRelation": "Promoter", "moneyText": "", "startDate": "2019-09-17", "ownership": "D"}, {"maxAge": 1, "shares": 60000, "filerUrl": "", "transactionText": "", "filerName": "Clearwell Enterprises, Ltd.", "filerRelation": "Promoter", "moneyText": "", "startDate": "2019-09-16", "ownership": "D"}, {"maxAge": 1, "shares": 70000, "filerUrl": "", "transactionText": "", "filerName": "Clearwell Enterprises, Ltd.", "filerRelation": "Promoter", "moneyText": "", "startDate": "2019-09-13", "ownership": "D"}, {"maxAge": 1, "shares": 38000, "filerUrl": "", "transactionText": "", "filerName": "Mauve Trading Company Pvt Ltd", "filerRelation": "Promoter", "moneyText": "", "startDate": "2019-09-13", "ownership": "D"}, {"maxAge": 1, "shares": 47000, "filerUrl": "", "transactionText": "", "filerName": "Universal Investment Services Pvt, Ltd.", "filerRelation": "Promoter", "moneyText": "", "startDate": "2019-09-13", "ownership": "D"}, {"maxAge": 1, "shares": 20000, "filerUrl": "", "transactionText": "", "filerName": "Clearwell Enterprises, Ltd.", "filerRelation": "Promoter", "moneyText": "", "startDate": "2019-09-11", "ownership": "D"}, {"maxAge": 1, "shares": 62000, "filerUrl": "", "transactionText": "", "filerName": "Clearwell Enterprises, Ltd.", "filerRelation": "Promoter", "moneyText": "", "startDate": "2019-09-09", "ownership": "D"}, {"maxAge": 1, "shares": 20000, "filerUrl": "", "transactionText": "", "filerName": "Adsu Trading & Investment Company Pvt. Ltd", "filerRelation": "Promoter", "moneyText": "", "startDate": "2019-09-06", "ownership": "D"}, {"maxAge": 1, "shares": 6000, "filerUrl": "", "transactionText": "", "filerName": "Masu Trading & Investment Company Pvt Ltd", "filerRelation": "Promoter", "moneyText": "", "startDate": "2019-09-06", "ownership": "D"}, {"maxAge": 1, "shares": 8000, "filerUrl": "", "transactionText": "", "filerName": "Mauve Trading Company Pvt Ltd", "filerRelation": "Promoter", "moneyText": "", "startDate": "2019-09-04", "ownership": "D"}, {"maxAge": 1, "shares": 7000, "filerUrl": "", "transactionText": "", "filerName": "Universal Investment Services Pvt, Ltd.", "filerRelation": "Promoter", "moneyText": "", "startDate": "2019-09-04", "ownership": "D"}, {"maxAge": 1, "shares": 47000, "filerUrl": "", "transactionText": "", "filerName": "Clearwell Enterprises, Ltd.", "filerRelation": "Promoter", "moneyText": "", "startDate": "2019-08-30", "ownership": "D"}, {"maxAge": 1, "shares": 7500, "filerUrl": "", "transactionText": "", "filerName": "Mauve Trading Company Pvt Ltd", "filerRelation": "Promoter", "moneyText": "", "startDate": "2019-08-27", "ownership": "D"}, {"maxAge": 1, "shares": 3500, "filerUrl": "", "transactionText": "", "filerName": "Universal Investment Services Pvt, Ltd.", "filerRelation": "Promoter", "moneyText": "", "startDate": "2019-08-27", "ownership": "D"}, {"maxAge": 1, "shares": 4000, "filerUrl": "", "transactionText": "", "filerName": "Adsu Trading & Investment Company Pvt. Ltd", "filerRelation": "Promoter", "moneyText": "", "startDate": "2019-08-26", "ownership": "D"}, {"maxAge": 1, "shares": 14000, "filerUrl": "", "transactionText": "", "filerName": "Clearwell Enterprises, Ltd.", "filerRelation": "Promoter", "moneyText": "", "startDate": "2019-08-23", "ownership": "D"}, {"maxAge": 1, "shares": 4000, "filerUrl": "", "transactionText": "", "filerName": "Masu Trading & Investment Company Pvt Ltd", "filerRelation": "Promoter", "moneyText": "", "startDate": "2019-08-23", "ownership": "D"}, {"maxAge": 1, "shares": 20000, "filerUrl": "", "transactionText": "", "filerName": "Clearwell Enterprises, Ltd.", "filerRelation": "Promoter", "moneyText": "", "startDate": "2019-08-21", "ownership": "D"}, {"maxAge": 1, "shares": 5500, "filerUrl": "", "transactionText": "", "filerName": "Universal Investment Services Pvt, Ltd.", "filerRelation": "Promoter", "moneyText": "", "startDate": "2019-08-19", "ownership": "D"}, {"maxAge": 1, "shares": 1500, "filerUrl": "", "transactionText": "", "filerName": "Adsu Trading & Investment Company Pvt. Ltd", "filerRelation": "Promoter", "moneyText": "", "startDate": "2019-08-14", "ownership": "D"}, {"maxAge": 1, "shares": 6000, "filerUrl": "", "transactionText": "", "filerName": "Clearwell Enterprises, Ltd.", "filerRelation": "Promoter", "moneyText": "", "startDate": "2019-08-14", "ownership": "D"}, {"maxAge": 1, "shares": 1500, "filerUrl": "", "transactionText": "", "filerName": "Masu Trading & Investment Company Pvt Ltd", "filerRelation": "Promoter", "moneyText": "", "startDate": "2019-08-14", "ownership": "D"}, {"maxAge": 1, "shares": 2121, "filerUrl": "", "transactionText": "", "filerName": "Adsu Trading & Investment Company Pvt. Ltd", "filerRelation": "Promoter", "moneyText": "", "startDate": "2019-02-05", "ownership": "D"}, {"maxAge": 1, "shares": 6646, "filerUrl": "", "transactionText": "", "filerName": "Adsu Trading & Investment Company Pvt. Ltd", "filerRelation": "Promoter", "moneyText": "", "startDate": "2019-01-23", "ownership": "D"}, {"maxAge": 1, "shares": 1150, "filerUrl": "", "transactionText": "", "filerName": "Mauve Trading Company Pvt Ltd", "filerRelation": "Promoter", "moneyText": "", "startDate": "2018-11-05", "ownership": "D"}], "maxAge": 1}, "quoteType": {"exchange": "BSE", "quoteType": "EQUITY", "symbol": "GLOBOFFS.BO", "underlyingSymbol": "GLOBOFFS.BO", "shortName": "GLOBAL OFFSHORE SERVICES LTD.", "longName": "Global Offshore Services Limited", "firstTradeDateEpochUtc": "2001-12-31 09:15:00", "timeZoneFullName": "Asia/Kolkata", "timeZoneShortName": "IST", "uuid": "b4464d18-eecd-31a6-93c1-b3c349b06ef2", "messageBoardId": null, "gmtOffSetMilliseconds": 19800000, "maxAge": 1}, "incomeStatementHistory": {"incomeStatementHistory": [{"maxAge": 1, "endDate": "2020-03-31", "totalRevenue": 1219439000, "costOfRevenue": 891696000, "grossProfit": 327743000, "researchDevelopment": {}, "sellingGeneralAdministrative": 5832000, "nonRecurring": {}, "otherOperatingExpenses": 80380000, "totalOperatingExpenses": 1285654000, "operatingIncome": -66215000, "totalOtherIncomeExpenseNet": -23631000, "ebit": -66215000, "interestExpense": -727778000, "incomeBeforeTax": -89846000, "incomeTaxExpense": -18527000, "minorityInterest": -1931373000, "netIncomeFromContinuingOps": -71319000, "discontinuedOperations": {}, "extraordinaryItems": {}, "effectOfAccountingCharges": {}, "otherItems": {}, "netIncome": -348320000, "netIncomeApplicableToCommonShares": -348320000}, {"maxAge": 1, "endDate": "2019-03-31", "totalRevenue": 1277882000, "costOfRevenue": 1868619000, "grossProfit": -590737000, "researchDevelopment": {}, "sellingGeneralAdministrative": 4786000, "nonRecurring": {}, "otherOperatingExpenses": 100583000, "totalOperatingExpenses": 2568348000, "operatingIncome": -1290466000, "totalOtherIncomeExpenseNet": -5665205000, "ebit": -1290466000, "interestExpense": -796760000, "incomeBeforeTax": -6955671000, "incomeTaxExpense": 700000, "minorityInterest": -2044523000, "netIncomeFromContinuingOps": -6956371000, "discontinuedOperations": {}, "extraordinaryItems": {}, "effectOfAccountingCharges": {}, "otherItems": {}, "netIncome": -4938020000, "netIncomeApplicableToCommonShares": -4938020000}, {"maxAge": 1, "endDate": "2018-03-31", "totalRevenue": 1357520000, "costOfRevenue": 1793813000, "grossProfit": -436293000, "researchDevelopment": {}, "sellingGeneralAdministrative": 4232000, "nonRecurring": {}, "otherOperatingExpenses": 100621000, "totalOperatingExpenses": 2506947000, "operatingIncome": -1149427000, "totalOtherIncomeExpenseNet": -1475931000, "ebit": -1149427000, "interestExpense": -639082000, "incomeBeforeTax": -2625358000, "incomeTaxExpense": -401000, "minorityInterest": -48399000, "netIncomeFromContinuingOps": -2624957000, "discontinuedOperations": {}, "extraordinaryItems": {}, "effectOfAccountingCharges": {}, "otherItems": {}, "netIncome": -1926154000, "netIncomeApplicableToCommonShares": -1926154000}, {"maxAge": 1, "endDate": "2017-03-31", "totalRevenue": 1617748000, "costOfRevenue": 1867731000, "grossProfit": -249983000, "researchDevelopment": {}, "sellingGeneralAdministrative": 5178000, "nonRecurring": {}, "otherOperatingExpenses": 120650000, "totalOperatingExpenses": 2676998000, "operatingIncome": -1059250000, "totalOtherIncomeExpenseNet": -590309000, "ebit": -1059250000, "interestExpense": -676075000, "incomeBeforeTax": -1649559000, "incomeTaxExpense": 2455000, "minorityInterest": 653878000, "netIncomeFromContinuingOps": -1652014000, "discontinuedOperations": {}, "extraordinaryItems": {}, "effectOfAccountingCharges": {}, "otherItems": {}, "netIncome": -1141772000, "netIncomeApplicableToCommonShares": -1141772000}], "maxAge": 86400}, "fundOwnership": {"maxAge": 1, "ownershipList": []}, "summaryDetail": {"maxAge": 1, "priceHint": 2, "previousClose": 5.81, "open": 5.95, "dayLow": 5.52, "dayHigh": 6.0, "regularMarketPreviousClose": 5.81, "regularMarketOpen": 5.95, "regularMarketDayLow": 5.52, "regularMarketDayHigh": 6.0, "volume": 37952, "regularMarketVolume": 37952, "averageVolume": 7515, "averageVolume10days": 4599, "averageDailyVolume10Day": 4599, "bid": 5.53, "ask": 5.55, "bidSize": 0, "askSize": 0, "marketCap": 137492128, "fiftyTwoWeekLow": 2.6, "fiftyTwoWeekHigh": 10.98, "fiftyDayAverage": 8.492286, "twoHundredDayAverage": 7.2268615, "currency": "INR", "fromCurrency": null, "toCurrency": null, "lastMarket": null, "algorithm": null, "tradeable": false}, "sectorTrend": {"maxAge": 1, "symbol": null, "estimates": []}, "incomeStatementHistoryQuarterly": {"incomeStatementHistory": [{"maxAge": 1, "endDate": "2020-06-30", "totalRevenue": 181618000, "costOfRevenue": 170209000, "grossProfit": 11409000, "researchDevelopment": {}, "sellingGeneralAdministrative": {}, "nonRecurring": {}, "otherOperatingExpenses": 16813000, "totalOperatingExpenses": 257976000, "operatingIncome": -76358000, "totalOtherIncomeExpenseNet": -130265000, "ebit": -76358000, "interestExpense": -117164000, "incomeBeforeTax": -206623000, "incomeTaxExpense": 313000, "minorityInterest": {}, "netIncomeFromContinuingOps": -206936000, "discontinuedOperations": {}, "extraordinaryItems": {}, "effectOfAccountingCharges": {}, "otherItems": {}, "netIncome": -158905000, "netIncomeApplicableToCommonShares": -158905000}, {"maxAge": 1, "endDate": "2020-03-31", "totalRevenue": 323407000, "costOfRevenue": 11475000, "grossProfit": 311932000, "researchDevelopment": {}, "sellingGeneralAdministrative": 5832000, "nonRecurring": {}, "otherOperatingExpenses": -5320000, "totalOperatingExpenses": 80256000, "operatingIncome": 243151000, "totalOtherIncomeExpenseNet": 654782000, "ebit": 243151000, "interestExpense": -209916000, "incomeBeforeTax": 897933000, "incomeTaxExpense": -20541000, "minorityInterest": -1931373000, "netIncomeFromContinuingOps": 918474000, "discontinuedOperations": {}, "extraordinaryItems": {}, "effectOfAccountingCharges": {}, "otherItems": {}, "netIncome": 443715000, "netIncomeApplicableToCommonShares": 443715000}, {"maxAge": 1, "endDate": "2019-12-31", "totalRevenue": 298410000, "costOfRevenue": 199215000, "grossProfit": 99195000, "researchDevelopment": {}, "sellingGeneralAdministrative": 5832000, "nonRecurring": {}, "otherOperatingExpenses": 29831000, "totalOperatingExpenses": 303911000, "operatingIncome": -5501000, "totalOtherIncomeExpenseNet": -148524000, "ebit": -5501000, "interestExpense": -121560000, "incomeBeforeTax": -154025000, "incomeTaxExpense": 1193000, "minorityInterest": -1931373000, "netIncomeFromContinuingOps": -155218000, "discontinuedOperations": {}, "extraordinaryItems": {}, "effectOfAccountingCharges": {}, "otherItems": {}, "netIncome": -133664000, "netIncomeApplicableToCommonShares": -133664000}, {"maxAge": 1, "endDate": "2019-09-30", "totalRevenue": 313956000, "costOfRevenue": 260907000, "grossProfit": 53049000, "researchDevelopment": {}, "sellingGeneralAdministrative": 5832000, "nonRecurring": {}, "otherOperatingExpenses": 31117000, "totalOperatingExpenses": 356388000, "operatingIncome": -42432000, "totalOtherIncomeExpenseNet": -288437000, "ebit": -42432000, "interestExpense": -198819000, "incomeBeforeTax": -330869000, "incomeTaxExpense": 526000, "minorityInterest": -2267658000, "netIncomeFromContinuingOps": -331395000, "discontinuedOperations": {}, "extraordinaryItems": {}, "effectOfAccountingCharges": {}, "otherItems": {}, "netIncome": -285169000, "netIncomeApplicableToCommonShares": -285169000}], "maxAge": 86400}, "cashflowStatementHistoryQuarterly": {"cashflowStatements": [{"maxAge": 1, "endDate": "2020-06-30", "netIncome": -158905000, "changeToLiabilities": 0}, {"maxAge": 1, "endDate": "2020-03-31", "netIncome": 443715000, "changeToLiabilities": 0}, {"maxAge": 1, "endDate": "2019-12-31", "netIncome": -133664000, "changeToLiabilities": 0}, {"maxAge": 1, "endDate": "2019-09-30", "netIncome": -285169000, "changeToLiabilities": 0}], "maxAge": 86400}, "insiderHolders": {"holders": [{"maxAge": 1, "name": "Adsu Trading & Investment Company Pvt. Ltd", "relation": "Promoter", "url": "", "transactionDescription": "Acquisition", "latestTransDate": "2019-09-20", "positionDirect": 235017, "positionDirectDate": "2019-09-20"}, {"maxAge": 1, "name": "Clearwell Enterprises, Ltd.", "relation": "Promoter", "url": "", "transactionDescription": "Sale", "latestTransDate": "2019-09-26", "positionDirect": 0, "positionDirectDate": "2019-09-26"}, {"maxAge": 1, "name": "Masu Trading & Investment Company Pvt Ltd", "relation": "Promoter", "url": "", "transactionDescription": "Acquisition", "latestTransDate": "2019-09-24", "positionDirect": 179550, "positionDirectDate": "2019-09-24"}, {"maxAge": 1, "name": "Mauve Trading Company Pvt Ltd", "relation": "Promoter", "url": "", "transactionDescription": "Acquisition", "latestTransDate": "2019-09-20", "positionDirect": 361056, "positionDirectDate": "2019-09-20"}, {"maxAge": 1, "name": "Universal Investment Services Pvt, Ltd.", "relation": "Promoter", "url": "", "transactionDescription": "Acquisition", "latestTransDate": "2019-09-20", "positionDirect": 1525963, "positionDirectDate": "2019-09-20"}], "maxAge": 1}, "earnings": {"maxAge": 86400, "earningsChart": {"quarterly": [], "earningsDate": []}, "financialsChart": {"yearly": [{"date": 2017, "revenue": 1617748000, "earnings": -1141772000}, {"date": 2018, "revenue": 1357520000, "earnings": -1926154000}, {"date": 2019, "revenue": 1277882000, "earnings": -4938020000}, {"date": 2020, "revenue": 1219439000, "earnings": -348320000}], "quarterly": [{"date": "3Q2019", "revenue": 313956000, "earnings": -285169000}, {"date": "4Q2019", "revenue": 298410000, "earnings": -133664000}, {"date": "1Q2020", "revenue": 323407000, "earnings": 443715000}, {"date": "2Q2020", "revenue": 181618000, "earnings": -158905000}]}, "financialCurrency": "INR"}, "calendarEvents": {"maxAge": 1, "earnings": {"earningsDate": []}}, "price": {"maxAge": 1, "regularMarketChangePercent": -0.04302926, "regularMarketChange": -0.25, "regularMarketTime": "2021-04-30 15:23:35", "priceHint": 2, "regularMarketPrice": 5.56, "regularMarketDayHigh": 6.0, "regularMarketDayLow": 5.52, "regularMarketVolume": 37952, "averageDailyVolume10Day": 4599, "averageDailyVolume3Month": 7515, "regularMarketPreviousClose": 5.81, "regularMarketSource": "FREE_REALTIME", "regularMarketOpen": 5.95, "exchange": "BSE", "exchangeName": "BSE", "exchangeDataDelayedBy": 0, "marketState": "CLOSED", "quoteType": "EQUITY", "symbol": "GLOBOFFS.BO", "underlyingSymbol": null, "shortName": "GLOBAL OFFSHORE SERVICES LTD.", "longName": "Global Offshore Services Limited", "currency": "INR", "quoteSourceName": "Delayed Quote", "currencySymbol": "\u20b9", "fromCurrency": null, "toCurrency": null, "lastMarket": null, "marketCap": 137492128}, "balanceSheetHistory": {"balanceSheetStatements": [{"maxAge": 1, "endDate": "2020-03-31", "cash": 73980000, "netReceivables": 356573000, "inventory": 450286000, "otherCurrentAssets": 59521000, "totalCurrentAssets": 1102347000, "longTermInvestments": 287000, "propertyPlantEquipment": 5135288000, "otherAssets": 53698000, "deferredLongTermAssetCharges": 18882000, "totalAssets": 6291620000, "accountsPayable": 406260000, "shortLongTermDebt": 5720269000, "otherCurrentLiab": 88421000, "longTermDebt": 3903615000, "otherLiab": 1026000, "minorityInterest": -1931373000, "totalCurrentLiabilities": 8452211000, "totalLiab": 12356852000, "commonStock": 247288000, "retainedEarnings": -5220906000, "treasuryStock": -329949000, "capitalSurplus": 1169708000, "otherStockholderEquity": -329949000, "totalStockholderEquity": -4133859000, "netTangibleAssets": -4133859000}, {"maxAge": 1, "endDate": "2019-03-31", "cash": 194041000, "shortTermInvestments": 6253000, "netReceivables": 287288000, "inventory": 467274000, "otherCurrentAssets": 29659000, "totalCurrentAssets": 1100141000, "longTermInvestments": 375000, "propertyPlantEquipment": 8393961000, "otherAssets": 360526000, "totalAssets": 9855003000, "accountsPayable": 445593000, "shortLongTermDebt": 4495033000, "otherCurrentLiab": 180004000, "longTermDebt": 6271680000, "otherLiab": 1860622000, "minorityInterest": -2044523000, "totalCurrentLiabilities": 7207370000, "totalLiab": 15339672000, "commonStock": 247288000, "retainedEarnings": -4872586000, "treasuryStock": 15444000, "capitalSurplus": 1169708000, "otherStockholderEquity": 15444000, "totalStockholderEquity": -3440146000, "netTangibleAssets": -3440146000}, {"maxAge": 1, "endDate": "2018-03-31", "cash": 185417000, "shortTermInvestments": 71000, "netReceivables": 411390000, "inventory": 516588000, "otherCurrentAssets": 34360000, "totalCurrentAssets": 1273400000, "longTermInvestments": 550000, "propertyPlantEquipment": 13051833000, "otherAssets": 455141000, "totalAssets": 14780924000, "accountsPayable": 495672000, "shortLongTermDebt": 1614400000, "otherCurrentLiab": 242905000, "longTermDebt": 8533112000, "otherLiab": 1034537000, "minorityInterest": -48399000, "totalCurrentLiabilities": 3806709000, "totalLiab": 13374358000, "commonStock": 247288000, "retainedEarnings": 65434000, "treasuryStock": -27465000, "capitalSurplus": 1169708000, "otherStockholderEquity": -27465000, "totalStockholderEquity": 1454965000, "netTangibleAssets": 1454965000}, {"maxAge": 1, "endDate": "2017-03-31", "cash": 283969000, "shortTermInvestments": 41000, "netReceivables": 433671000, "inventory": 563992000, "otherCurrentAssets": 882369000, "totalCurrentAssets": 2507145000, "longTermInvestments": 1144000, "propertyPlantEquipment": 13945645000, "otherAssets": 438911000, "totalAssets": 16892845000, "accountsPayable": 444278000, "shortLongTermDebt": 1137016000, "otherCurrentLiab": 257607000, "longTermDebt": 9382793000, "otherLiab": 579153000, "minorityInterest": 653878000, "totalCurrentLiabilities": 2887292000, "totalLiab": 12849238000, "commonStock": 247288000, "retainedEarnings": 1991588000, "treasuryStock": -18855000, "capitalSurplus": 1169708000, "otherStockholderEquity": -18855000, "totalStockholderEquity": 3389729000, "netTangibleAssets": 3389729000}], "maxAge": 86400}, "earningsTrend": {"trend": [{"maxAge": 1, "period": "0q", "endDate": null, "growth": {}, "earningsEstimate": {"avg": 0.0, "low": 0.0, "high": 0.0, "yearAgoEps": {}, "numberOfAnalysts": 0, "growth": {}}, "revenueEstimate": {"avg": 0, "low": 0, "high": 0, "numberOfAnalysts": 0, "yearAgoRevenue": {}, "growth": {}}, "epsTrend": {"current": 0.0, "7daysAgo": 0.0, "30daysAgo": 0.0, "60daysAgo": 0.0, "90daysAgo": 0.0}, "epsRevisions": {"upLast7days": 0, "upLast30days": 0, "downLast30days": 0, "downLast90days": {}}}, {"maxAge": 1, "period": "+1q", "endDate": null, "growth": {}, "earningsEstimate": {"avg": 0.0, "low": 0.0, "high": 0.0, "yearAgoEps": {}, "numberOfAnalysts": 0, "growth": {}}, "revenueEstimate": {"avg": 0, "low": 0, "high": 0, "numberOfAnalysts": 0, "yearAgoRevenue": {}, "growth": {}}, "epsTrend": {"current": 0.0, "7daysAgo": 0.0, "30daysAgo": 0.0, "60daysAgo": 0.0, "90daysAgo": 0.0}, "epsRevisions": {"upLast7days": 0, "upLast30days": 0, "downLast30days": 0, "downLast90days": {}}}, {"maxAge": 1, "period": "0y", "endDate": null, "growth": {}, "earningsEstimate": {"avg": 0.0, "low": 0.0, "high": 0.0, "yearAgoEps": {}, "numberOfAnalysts": 0, "growth": {}}, "revenueEstimate": {"avg": 0, "low": 0, "high": 0, "numberOfAnalysts": 0, "yearAgoRevenue": {}, "growth": {}}, "epsTrend": {"current": 0.0, "7daysAgo": 0.0, "30daysAgo": 0.0, "60daysAgo": 0.0, "90daysAgo": 0.0}, "epsRevisions": {"upLast7days": 0, "upLast30days": 0, "downLast30days": 0, "downLast90days": {}}}, {"maxAge": 1, "period": "+1y", "endDate": null, "growth": {}, "earningsEstimate": {"avg": 0.0, "low": 0.0, "high": 0.0, "yearAgoEps": {}, "numberOfAnalysts": 0, "growth": {}}, "revenueEstimate": {"avg": 0, "low": 0, "high": 0, "numberOfAnalysts": 0, "yearAgoRevenue": {}, "growth": {}}, "epsTrend": {"current": 0.0, "7daysAgo": 0.0, "30daysAgo": 0.0, "60daysAgo": 0.0, "90daysAgo": 0.0}, "epsRevisions": {"upLast7days": 0, "upLast30days": 0, "downLast30days": 0, "downLast90days": {}}}, {"maxAge": 1, "period": "+5y", "endDate": null, "growth": 0.285, "earningsEstimate": {"avg": {}, "low": {}, "high": {}, "yearAgoEps": {}, "numberOfAnalysts": {}, "growth": {}}, "revenueEstimate": {"avg": {}, "low": {}, "high": {}, "numberOfAnalysts": {}, "yearAgoRevenue": {}, "growth": {}}, "epsTrend": {"current": {}, "7daysAgo": {}, "30daysAgo": {}, "60daysAgo": {}, "90daysAgo": {}}, "epsRevisions": {"upLast7days": {}, "upLast30days": {}, "downLast30days": {}, "downLast90days": {}}}, {"maxAge": 1, "period": "-5y", "endDate": null, "growth": {}, "earningsEstimate": {"avg": {}, "low": {}, "high": {}, "yearAgoEps": {}, "numberOfAnalysts": {}, "growth": {}}, "revenueEstimate": {"avg": {}, "low": {}, "high": {}, "numberOfAnalysts": {}, "yearAgoRevenue": {}, "growth": {}}, "epsTrend": {"current": {}, "7daysAgo": {}, "30daysAgo": {}, "60daysAgo": {}, "90daysAgo": {}}, "epsRevisions": {"upLast7days": {}, "upLast30days": {}, "downLast30days": {}, "downLast90days": {}}}], "maxAge": 1}, "financialData": {"maxAge": 86400, "currentPrice": 5.56, "targetHighPrice": 650.0, "targetLowPrice": 541.0, "targetMeanPrice": 595.5, "targetMedianPrice": 595.5, "recommendationKey": "none", "numberOfAnalystOpinions": 2, "grossProfits": 327743000, "financialCurrency": "INR"}}}