{"GLOBALVECT.NS": {"assetProfile": {"address1": "Hangar No. C-He/Hf", "address2": "Airports Authority of India Civil Aerodrome Juhu", "city": "Mumbai", "zip": "400056", "country": "India", "phone": "91 22 6140 9200", "fax": "91 22 6140 9253", "website": "http://www.globalhelicorp.com", "industry": "Airports & Air Services", "sector": "Industrials", "longBusinessSummary": "Global Vectra Helicorp Limited provides helicopter charter services for offshore and onshore transportation in the oil and gas exploration and production sector in India. It also offers its services to religious tourism, geophysical survey, corporate and VVIP flying, election flying, remote location freight, emergency services, underslung operations, and aerial photography and filming, as well as powerline inspection, construction, and maintenance. In addition, the company provides aircraft maintenance, repair, and overhaul services. It operates a fleet of approximately 25 helicopters. Global Vectra Helicorp Limited was incorporated in 1998 and is based in Mumbai, India.", "fullTimeEmployees": 400, "companyOfficers": [{"maxAge": 1, "name": "Lieutenant General Sarabjot J. Singh Saighal", "age": 77, "title": "Chairman", "yearBorn": 1943, "fiscalYear": 2020, "totalPay": 2700000, "exercisedValue": 0, "unexercisedValue": 0}, {"maxAge": 1, "name": "Mr. Ashvin  Bhatt", "title": "Chief Financial Officer", "fiscalYear": 2020, "totalPay": 9500043, "exercisedValue": 0, "unexercisedValue": 0}, {"maxAge": 1, "name": "Mr. Raakesh D. Soni", "title": "Company Sec. & Compliance Officer", "fiscalYear": 2020, "totalPay": 3594403, "exercisedValue": 0, "unexercisedValue": 0}, {"maxAge": 1, "name": "Neil  Seabrook", "title": "Chief Exec. Officer", "exercisedValue": 0, "unexercisedValue": 0}, {"maxAge": 1, "name": "James  John", "title": "Deputy Gen. Mang. of Admin.", "exercisedValue": 0, "unexercisedValue": 0}, {"maxAge": 1, "name": "Priyanka  Bhosale", "title": "HR Mang.", "exercisedValue": 0, "unexercisedValue": 0}, {"maxAge": 1, "name": "Mr. K. N. Gopakumaran Nair", "age": 66, "title": "Chief Pilot", "yearBorn": 1954, "exercisedValue": 0, "unexercisedValue": 0}, {"maxAge": 1, "name": "Allan Mark D'Gama", "title": "Chief Pilot of Offshore and Sr. VP", "exercisedValue": 0, "unexercisedValue": 0}, {"maxAge": 1, "name": "Captain Sanjay  Panwar", "title": "Head of Onshore and Sr. VP", "exercisedValue": 0, "unexercisedValue": 0}, {"maxAge": 1, "name": "Pushpinder  Oberai", "title": "Chief Operating Officer of BD - Offshore", "exercisedValue": 0, "unexercisedValue": 0}], "compensationAsOfEpochDate": "2020-12-31 05:30:00", "maxAge": 86400}, "cashflowStatementHistory": {"cashflowStatements": [{"maxAge": 1, "endDate": "2020-03-31", "netIncome": 20794000, "depreciation": 940194000, "changeToNetincome": 160215000, "changeToAccountReceivables": 42343000, "changeToLiabilities": -329038000, "changeToInventory": 5152000, "changeToOperatingActivities": -75437000, "totalCashFromOperatingActivities": 764479000, "capitalExpenditures": -277966000, "investments": -84024000, "otherCashflowsFromInvestingActivities": 869000, "totalCashflowsFromInvestingActivities": 74754000, "netBorrowings": -735287000, "otherCashflowsFromFinancingActivities": -83759000, "totalCashFromFinancingActivities": -819046000, "effectOfExchangeRate": -2016000, "changeInCash": 18170000}, {"maxAge": 1, "endDate": "2019-03-31", "netIncome": 70181000, "depreciation": 387766000, "changeToNetincome": 34399000, "changeToAccountReceivables": -363491000, "changeToLiabilities": -93123000, "changeToInventory": -56167000, "changeToOperatingActivities": 356005000, "totalCashFromOperatingActivities": 336041000, "capitalExpenditures": -143880000, "investments": -28885000, "otherCashflowsFromInvestingActivities": 27673000, "totalCashflowsFromInvestingActivities": -76796000, "netBorrowings": -229108000, "otherCashflowsFromFinancingActivities": -79580000, "totalCashFromFinancingActivities": -308688000, "effectOfExchangeRate": -3011000, "changeInCash": -52454000}, {"maxAge": 1, "endDate": "2018-03-31", "netIncome": -17169000, "depreciation": 377163000, "changeToNetincome": 270176000, "changeToAccountReceivables": 14025000, "changeToLiabilities": 395487000, "changeToInventory": -29341000, "changeToOperatingActivities": -437132000, "totalCashFromOperatingActivities": 573673000, "capitalExpenditures": -53128000, "investments": -1550000, "otherCashflowsFromInvestingActivities": 3299000, "totalCashflowsFromInvestingActivities": -51055000, "netBorrowings": -354719000, "otherCashflowsFromFinancingActivities": -129926000, "totalCashFromFinancingActivities": -484645000, "effectOfExchangeRate": -3011000, "changeInCash": 37972000}, {"maxAge": 1, "endDate": "2017-03-31", "netIncome": 159083000, "depreciation": 382993000, "changeToNetincome": 283660000, "changeToAccountReceivables": -4286000, "changeToLiabilities": -162775000, "changeToInventory": 10489000, "changeToOperatingActivities": 44792000, "totalCashFromOperatingActivities": 714182000, "capitalExpenditures": -94786000, "investments": 55150000, "otherCashflowsFromInvestingActivities": 34896000, "totalCashflowsFromInvestingActivities": -4740000, "netBorrowings": -561651000, "otherCashflowsFromFinancingActivities": -134382000, "totalCashFromFinancingActivities": -696033000, "effectOfExchangeRate": -3011000, "changeInCash": 13410000}], "maxAge": 86400}, "institutionOwnership": {"ownershipList": [], "maxAge": 1}, "majorHoldersBreakdown": {"maxAge": 1, "insidersPercentHeld": 0.75, "institutionsPercentHeld": 0.0, "institutionsFloatPercentHeld": 0.0, "institutionsCount": 0}, "balanceSheetHistoryQuarterly": {"balanceSheetStatements": [{"maxAge": 1, "endDate": "2020-12-31", "totalStockholderEquity": 583667000, "netTangibleAssets": 583481000}, {"maxAge": 1, "endDate": "2020-09-30", "cash": 297864000, "shortTermInvestments": 194728000, "netReceivables": 685574000, "inventory": 250090000, "otherCurrentAssets": 122403000, "totalCurrentAssets": 1550659000, "longTermInvestments": 140635000, "propertyPlantEquipment": 5074675000, "intangibleAssets": 186000, "otherAssets": 433942000, "totalAssets": 7200097000, "accountsPayable": 1376082000, "otherCurrentLiab": 1312201000, "longTermDebt": 454833000, "otherLiab": 535494000, "totalCurrentLiabilities": 3998922000, "totalLiab": 6616430000, "commonStock": 140000000, "treasuryStock": 443667000, "otherStockholderEquity": 443667000, "totalStockholderEquity": 583667000, "netTangibleAssets": 583481000}, {"maxAge": 1, "endDate": "2020-06-30", "totalStockholderEquity": 791839000, "netTangibleAssets": 791638000}, {"maxAge": 1, "endDate": "2020-03-31", "cash": 34122000, "netReceivables": 1232992000, "inventory": 249447000, "otherCurrentAssets": 313942000, "totalCurrentAssets": 1830503000, "longTermInvestments": 185951000, "propertyPlantEquipment": 5519788000, "intangibleAssets": 201000, "otherAssets": 529402000, "totalAssets": 8065845000, "accountsPayable": 1438446000, "shortLongTermDebt": 118828000, "otherCurrentLiab": 1125484000, "longTermDebt": 504248000, "otherLiab": 639636000, "totalCurrentLiabilities": 4138771000, "totalLiab": 7274006000, "commonStock": 140000000, "retainedEarnings": -27780000, "treasuryStock": 238393000, "capitalSurplus": 441226000, "otherStockholderEquity": 238393000, "totalStockholderEquity": 791839000, "netTangibleAssets": 791638000}], "maxAge": 86400}, "indexTrend": {"maxAge": 1, "symbol": "SP5", "peRatio": 19.7411, "pegRatio": 1.34172, "estimates": [{"period": "0q", "growth": 0.549}, {"period": "+1q", "growth": 0.431}, {"period": "0y", "growth": 0.305}, {"period": "+1y", "growth": 0.109}, {"period": "+5y", "growth": 0.120865}, {"period": "-5y"}]}, "defaultKeyStatistics": {"maxAge": 1, "priceHint": 2, "enterpriseValue": 3420741120, "profitMargins": -0.080010004, "floatShares": 2878474, "sharesOutstanding": 14000000, "heldPercentInsiders": 0.75, "heldPercentInstitutions": 0.0, "beta": 1.24486, "category": null, "bookValue": 41.714, "priceToBook": 0.9936712, "fundFamily": null, "legalType": null, "lastFiscalYearEnd": "2020-03-31 05:30:00", "nextFiscalYearEnd": "2022-03-31 05:30:00", "mostRecentQuarter": "2020-12-31 05:30:00", "netIncomeToCommon": -249471008, "trailingEps": -17.806, "lastSplitFactor": null, "enterpriseToRevenue": 1.097, "enterpriseToEbitda": -69.314}, "summaryProfile": {"address1": "Hangar No. C-He/Hf", "address2": "Airports Authority of India Civil Aerodrome Juhu", "city": "Mumbai", "zip": "400056", "country": "India", "phone": "91 22 6140 9200", "fax": "91 22 6140 9253", "website": "http://www.globalhelicorp.com", "industry": "Airports & Air Services", "sector": "Industrials", "longBusinessSummary": "Global Vectra Helicorp Limited provides helicopter charter services for offshore and onshore transportation in the oil and gas exploration and production sector in India. It also offers its services to religious tourism, geophysical survey, corporate and VVIP flying, election flying, remote location freight, emergency services, underslung operations, and aerial photography and filming, as well as powerline inspection, construction, and maintenance. In addition, the company provides aircraft maintenance, repair, and overhaul services. It operates a fleet of approximately 25 helicopters. Global Vectra Helicorp Limited was incorporated in 1998 and is based in Mumbai, India.", "fullTimeEmployees": 400, "companyOfficers": [], "maxAge": 86400}, "netSharePurchaseActivity": {"maxAge": 1, "period": "6m", "buyInfoCount": 0, "buyInfoShares": 0, "sellInfoCount": 0, "netInfoCount": 0, "netInfoShares": 0, "netPercentInsiderShares": 0.0, "totalInsiderShares": 10496186}, "quoteType": {"exchange": "NSI", "quoteType": "EQUITY", "symbol": "GLOBALVECT.NS", "underlyingSymbol": "GLOBALVECT.NS", "shortName": "GLOBAL VECTRA HELI", "longName": "Global Vectra Helicorp Limited", "firstTradeDateEpochUtc": "2006-10-27 09:15:00", "timeZoneFullName": "Asia/Kolkata", "timeZoneShortName": "IST", "uuid": "b46bd8cd-b94a-3aeb-938c-4433c22e9c16", "gmtOffSetMilliseconds": 19800000, "maxAge": 1}, "incomeStatementHistory": {"incomeStatementHistory": [{"maxAge": 1, "endDate": "2020-03-31", "totalRevenue": 4566593000, "costOfRevenue": 2679489000, "grossProfit": 1887104000, "researchDevelopment": {}, "sellingGeneralAdministrative": 27172000, "nonRecurring": {}, "otherOperatingExpenses": 697105000, "totalOperatingExpenses": 4344216000, "operatingIncome": 222377000, "totalOtherIncomeExpenseNet": -196977000, "ebit": 222377000, "interestExpense": -229486000, "incomeBeforeTax": 25400000, "incomeTaxExpense": 4606000, "minorityInterest": {}, "netIncomeFromContinuingOps": 20794000, "discontinuedOperations": {}, "extraordinaryItems": {}, "effectOfAccountingCharges": {}, "otherItems": {}, "netIncome": 20794000, "netIncomeApplicableToCommonShares": 20794000}, {"maxAge": 1, "endDate": "2019-03-31", "totalRevenue": 4803128000, "costOfRevenue": 3339762000, "grossProfit": 1463366000, "researchDevelopment": {}, "sellingGeneralAdministrative": 104274000, "nonRecurring": {}, "otherOperatingExpenses": 761406000, "totalOperatingExpenses": 4593679000, "operatingIncome": 209449000, "totalOtherIncomeExpenseNet": -136818000, "ebit": 209449000, "interestExpense": -123488000, "incomeBeforeTax": 72631000, "incomeTaxExpense": 2450000, "minorityInterest": {}, "netIncomeFromContinuingOps": 70181000, "discontinuedOperations": {}, "extraordinaryItems": {}, "effectOfAccountingCharges": {}, "otherItems": {}, "netIncome": 70181000, "netIncomeApplicableToCommonShares": 70181000}, {"maxAge": 1, "endDate": "2018-03-31", "totalRevenue": 4043422000, "costOfRevenue": 2687835000, "grossProfit": 1355587000, "researchDevelopment": {}, "sellingGeneralAdministrative": 85301000, "nonRecurring": {}, "otherOperatingExpenses": 644974000, "totalOperatingExpenses": 3795737000, "operatingIncome": 247685000, "totalOtherIncomeExpenseNet": -256951000, "ebit": 247685000, "interestExpense": -199787000, "incomeBeforeTax": -9266000, "incomeTaxExpense": 7903000, "minorityInterest": {}, "netIncomeFromContinuingOps": -17169000, "discontinuedOperations": {}, "extraordinaryItems": {}, "effectOfAccountingCharges": {}, "otherItems": {}, "netIncome": -17169000, "netIncomeApplicableToCommonShares": -17169000}, {"maxAge": 1, "endDate": "2017-03-31", "totalRevenue": 3758378000, "costOfRevenue": 2381990000, "grossProfit": 1376388000, "researchDevelopment": {}, "sellingGeneralAdministrative": 83967000, "nonRecurring": {}, "otherOperatingExpenses": 555433000, "totalOperatingExpenses": 3404609000, "operatingIncome": 353769000, "totalOtherIncomeExpenseNet": -111016000, "ebit": 353769000, "interestExpense": -217556000, "incomeBeforeTax": 242753000, "incomeTaxExpense": 83670000, "minorityInterest": {}, "netIncomeFromContinuingOps": 159083000, "discontinuedOperations": {}, "extraordinaryItems": {}, "effectOfAccountingCharges": {}, "otherItems": {}, "netIncome": 159083000, "netIncomeApplicableToCommonShares": 159083000}], "maxAge": 86400}, "fundOwnership": {"ownershipList": [], "maxAge": 1}, "summaryDetail": {"maxAge": 1, "priceHint": 2, "previousClose": 39.5, "open": 40.5, "dayLow": 40.1, "dayHigh": 41.45, "regularMarketPreviousClose": 39.5, "regularMarketOpen": 40.5, "regularMarketDayLow": 40.1, "regularMarketDayHigh": 41.45, "payoutRatio": 0.0, "beta": 1.24486, "volume": 9798, "regularMarketVolume": 9798, "averageVolume": 6230, "averageVolume10days": 4460, "averageDailyVolume10Day": 4460, "bid": 0.0, "ask": 0.0, "bidSize": 0, "askSize": 0, "marketCap": 580300032, "fiftyTwoWeekLow": 36.0, "fiftyTwoWeekHigh": 65.5, "priceToSalesTrailing12Months": 0.18610664, "fiftyDayAverage": 43.50909, "twoHundredDayAverage": 49.004284, "currency": "INR", "fromCurrency": null, "lastMarket": null, "algorithm": null, "tradeable": false}, "incomeStatementHistoryQuarterly": {"incomeStatementHistory": [{"maxAge": 1, "endDate": "2020-12-31", "totalRevenue": 789094000, "costOfRevenue": 449928000, "grossProfit": 339166000, "researchDevelopment": {}, "sellingGeneralAdministrative": {}, "nonRecurring": {}, "otherOperatingExpenses": 270418000, "totalOperatingExpenses": 901270000, "operatingIncome": -112176000, "totalOtherIncomeExpenseNet": 82874000, "ebit": -112176000, "interestExpense": -43561000, "incomeBeforeTax": -29302000, "incomeTaxExpense": -21045000, "minorityInterest": {}, "netIncomeFromContinuingOps": -8257000, "discontinuedOperations": {}, "extraordinaryItems": {}, "effectOfAccountingCharges": {}, "otherItems": {}, "netIncome": -8257000, "netIncomeApplicableToCommonShares": -8257000}, {"maxAge": 1, "endDate": "2020-09-30", "totalRevenue": 664515000, "costOfRevenue": 507318000, "grossProfit": 157197000, "researchDevelopment": {}, "sellingGeneralAdministrative": {}, "nonRecurring": {}, "otherOperatingExpenses": 88576000, "totalOperatingExpenses": 811738000, "operatingIncome": -147223000, "totalOtherIncomeExpenseNet": -28873000, "ebit": -147223000, "interestExpense": -45631000, "incomeBeforeTax": -176096000, "incomeTaxExpense": -65418000, "minorityInterest": {}, "netIncomeFromContinuingOps": -110678000, "discontinuedOperations": {}, "extraordinaryItems": {}, "effectOfAccountingCharges": {}, "otherItems": {}, "netIncome": -110678000, "netIncomeApplicableToCommonShares": -110678000}, {"maxAge": 1, "endDate": "2020-06-30", "totalRevenue": 649745000, "costOfRevenue": 451981000, "grossProfit": 197764000, "researchDevelopment": {}, "sellingGeneralAdministrative": {}, "nonRecurring": {}, "otherOperatingExpenses": 90345000, "totalOperatingExpenses": 770479000, "operatingIncome": -120734000, "totalOtherIncomeExpenseNet": -32876000, "ebit": -120734000, "interestExpense": -49180000, "incomeBeforeTax": -153610000, "incomeTaxExpense": -56542000, "minorityInterest": {}, "netIncomeFromContinuingOps": -97068000, "discontinuedOperations": {}, "extraordinaryItems": {}, "effectOfAccountingCharges": {}, "otherItems": {}, "netIncome": -97068000, "netIncomeApplicableToCommonShares": -97068000}, {"maxAge": 1, "endDate": "2020-03-31", "totalRevenue": 1014751000, "costOfRevenue": 695282000, "grossProfit": 319469000, "researchDevelopment": {}, "sellingGeneralAdministrative": 27172000, "nonRecurring": {}, "otherOperatingExpenses": 40662000, "totalOperatingExpenses": 1004594000, "operatingIncome": 10157000, "totalOtherIncomeExpenseNet": -69445000, "ebit": 10157000, "interestExpense": -36219000, "incomeBeforeTax": -59288000, "incomeTaxExpense": -25821000, "minorityInterest": {}, "netIncomeFromContinuingOps": -33467000, "discontinuedOperations": {}, "extraordinaryItems": {}, "effectOfAccountingCharges": {}, "otherItems": {}, "netIncome": -33467000, "netIncomeApplicableToCommonShares": -33467000}], "maxAge": 86400}, "cashflowStatementHistoryQuarterly": {"cashflowStatements": [{"maxAge": 1, "endDate": "2020-12-31", "netIncome": -8257000, "changeToLiabilities": 0}, {"maxAge": 1, "endDate": "2020-09-30", "netIncome": -110678000, "changeToLiabilities": 0}, {"maxAge": 1, "endDate": "2020-06-30", "netIncome": -97068000, "changeToLiabilities": 0}, {"maxAge": 1, "endDate": "2020-03-31", "netIncome": -33467000, "changeToLiabilities": 0}], "maxAge": 86400}, "insiderHolders": {"holders": [], "maxAge": 1}, "calendarEvents": {"maxAge": 1, "earnings": {"earningsDate": []}}, "upgradeDowngradeHistory": {"history": [], "maxAge": 86400}, "price": {"maxAge": 1, "regularMarketChangePercent": 0.049367107, "regularMarketChange": 1.9500008, "regularMarketTime": "2021-04-30 15:16:18", "priceHint": 2, "regularMarketPrice": 41.45, "regularMarketDayHigh": 41.45, "regularMarketDayLow": 40.1, "regularMarketVolume": 9798, "averageDailyVolume10Day": 4460, "averageDailyVolume3Month": 6230, "regularMarketPreviousClose": 39.5, "regularMarketSource": "FREE_REALTIME", "regularMarketOpen": 40.5, "exchange": "NSI", "exchangeName": "NSE", "exchangeDataDelayedBy": 15, "marketState": "CLOSED", "quoteType": "EQUITY", "symbol": "GLOBALVECT.NS", "underlyingSymbol": null, "shortName": "GLOBAL VECTRA HELI", "longName": "Global Vectra Helicorp Limited", "currency": "INR", "quoteSourceName": "Delayed Quote", "currencySymbol": "\u20b9", "fromCurrency": null, "lastMarket": null, "marketCap": 580300032}, "balanceSheetHistory": {"balanceSheetStatements": [{"maxAge": 1, "endDate": "2020-03-31", "cash": 34122000, "netReceivables": 1232992000, "inventory": 249447000, "otherCurrentAssets": 313942000, "totalCurrentAssets": 1830503000, "longTermInvestments": 185951000, "propertyPlantEquipment": 5519788000, "intangibleAssets": 201000, "otherAssets": 529402000, "totalAssets": 8065845000, "accountsPayable": 1438446000, "shortLongTermDebt": 118828000, "otherCurrentLiab": 1125484000, "longTermDebt": 504248000, "otherLiab": 639636000, "totalCurrentLiabilities": 4138771000, "totalLiab": 7274006000, "commonStock": 140000000, "retainedEarnings": -27780000, "treasuryStock": 238393000, "capitalSurplus": 441226000, "otherStockholderEquity": 238393000, "totalStockholderEquity": 791839000, "netTangibleAssets": 791638000}, {"maxAge": 1, "endDate": "2019-03-31", "cash": 15956000, "netReceivables": 1068586000, "inventory": 254599000, "otherCurrentAssets": 298103000, "totalCurrentAssets": 1637244000, "longTermInvestments": 131058000, "propertyPlantEquipment": 4029411000, "intangibleAssets": 326000, "otherAssets": 583978000, "totalAssets": 6382017000, "accountsPayable": 1693941000, "shortLongTermDebt": 246302000, "otherCurrentLiab": 1489136000, "longTermDebt": 390849000, "otherLiab": 672145000, "totalCurrentLiabilities": 4002146000, "totalLiab": 5718913000, "commonStock": 140000000, "retainedEarnings": -47594000, "treasuryStock": 129472000, "capitalSurplus": 441226000, "otherStockholderEquity": 129472000, "totalStockholderEquity": 663104000, "netTangibleAssets": 662778000}, {"maxAge": 1, "endDate": "2018-03-31", "cash": 68411000, "netReceivables": 594019000, "inventory": 198432000, "otherCurrentAssets": 412832000, "totalCurrentAssets": 1273694000, "longTermInvestments": 257567000, "propertyPlantEquipment": 4205176000, "intangibleAssets": 796000, "otherAssets": 539156000, "totalAssets": 6276389000, "accountsPayable": 1786594000, "shortLongTermDebt": 231046000, "otherCurrentLiab": 539100000, "longTermDebt": 578377000, "otherLiab": 784361000, "totalCurrentLiabilities": 3016648000, "totalLiab": 5103526000, "commonStock": 140000000, "retainedEarnings": -117774000, "treasuryStock": 50062000, "capitalSurplus": 441226000, "otherStockholderEquity": 50062000, "totalStockholderEquity": 513514000, "netTangibleAssets": 512718000}, {"maxAge": 1, "endDate": "2017-03-31", "cash": 30439000, "netReceivables": 638049000, "inventory": 169091000, "otherCurrentAssets": 131128000, "totalCurrentAssets": 968707000, "longTermInvestments": 257526000, "propertyPlantEquipment": 4626043000, "intangibleAssets": 1225000, "otherAssets": 316168000, "totalAssets": 6169669000, "accountsPayable": 1337376000, "shortLongTermDebt": 858224000, "otherCurrentLiab": 738428000, "longTermDebt": 802204000, "otherLiab": 605213000, "totalCurrentLiabilities": 3388545000, "totalLiab": 5626845000, "commonStock": 140000000, "retainedEarnings": -370671000, "treasuryStock": 332269000, "capitalSurplus": 441226000, "otherStockholderEquity": 332269000, "totalStockholderEquity": 542824000, "netTangibleAssets": 541599000}], "maxAge": 86400}, "financialData": {"maxAge": 86400, "currentPrice": 41.45, "recommendationKey": "none", "totalCash": 492592000, "totalCashPerShare": 35.198, "ebitda": -49351500, "totalDebt": 3360534016, "totalRevenue": 3118105088, "debtToEquity": 575.762, "revenuePerShare": 222.553, "grossProfits": 1887104000, "revenueGrowth": -0.31, "grossMargins": 0.32507, "ebitdaMargins": -0.015829999, "operatingMargins": -0.11865, "profitMargins": -0.080010004, "financialCurrency": "INR"}}}