{"GMBREW.BO": {"cashflowStatementHistory": {"cashflowStatements": [{"maxAge": 1, "endDate": "2020-03-31", "netIncome": 678501000, "depreciation": 72739000, "changeToNetincome": -81937000, "changeToAccountReceivables": 11649000, "changeToLiabilities": 17382000, "changeToInventory": -28255000, "changeToOperatingActivities": 117720000, "totalCashFromOperatingActivities": 787911000, "investments": -837910000, "otherCashflowsFromInvestingActivities": 94273000, "totalCashflowsFromInvestingActivities": -723081000, "dividendsPaid": -54833000, "otherCashflowsFromFinancingActivities": -11788000, "totalCashFromFinancingActivities": -66621000, "changeInCash": -1791000}, {"maxAge": 1, "endDate": "2019-03-31", "netIncome": 823032000, "depreciation": 73186000, "changeToNetincome": -141655000, "changeToAccountReceivables": -12601000, "changeToLiabilities": -4978000, "changeToInventory": -61228000, "changeToOperatingActivities": -63173000, "totalCashFromOperatingActivities": 612704000, "investments": -472234000, "otherCashflowsFromInvestingActivities": 137351000, "totalCashflowsFromInvestingActivities": -574532000, "dividendsPaid": -43866000, "otherCashflowsFromFinancingActivities": -9644000, "totalCashFromFinancingActivities": -53510000, "changeInCash": -15338000}, {"maxAge": 1, "endDate": "2018-03-31", "netIncome": 728989000, "depreciation": 59763000, "changeToNetincome": -98066000, "changeToAccountReceivables": -4804000, "changeToLiabilities": 1946000, "changeToInventory": -9198000, "changeToOperatingActivities": -50196000, "totalCashFromOperatingActivities": 628542000, "investments": -634858000, "otherCashflowsFromInvestingActivities": 97236000, "totalCashflowsFromInvestingActivities": -612635000, "dividendsPaid": -43866000, "otherCashflowsFromFinancingActivities": -9243000, "totalCashFromFinancingActivities": -53109000, "changeInCash": -37202000}, {"maxAge": 1, "endDate": "2017-03-31", "netIncome": 436369000, "depreciation": 56736000, "changeToNetincome": -37537000, "changeToAccountReceivables": -2258000, "changeToLiabilities": 10586000, "changeToInventory": 23505000, "changeToOperatingActivities": 41486000, "totalCashFromOperatingActivities": 528896000, "capitalExpenditures": -137000, "investments": -441939000, "otherCashflowsFromInvestingActivities": 39654000, "totalCashflowsFromInvestingActivities": -503442000, "dividendsPaid": -29244000, "otherCashflowsFromFinancingActivities": -8071000, "totalCashFromFinancingActivities": -37315000, "changeInCash": -11861000}], "maxAge": 86400}, "institutionOwnership": {"ownershipList": [], "maxAge": 1}, "balanceSheetHistoryQuarterly": {"balanceSheetStatements": [{"maxAge": 1, "endDate": "2020-09-30", "cash": 19918000, "netReceivables": 31195000, "inventory": 280535000, "otherCurrentAssets": 123763000, "totalCurrentAssets": 455411000, "longTermInvestments": 2246558000, "propertyPlantEquipment": 833997000, "intangibleAssets": 36000, "otherAssets": 1321655000, "totalAssets": 4857657000, "accountsPayable": 65827000, "otherCurrentLiab": 374192000, "otherLiab": 41473000, "totalCurrentLiabilities": 440019000, "totalLiab": 481492000, "commonStock": 182860000, "retainedEarnings": 4193305000, "totalStockholderEquity": 4376165000, "netTangibleAssets": 4376129000}, {"maxAge": 1, "endDate": "2020-06-30", "totalStockholderEquity": 4303875000, "netTangibleAssets": 4303838000}, {"maxAge": 1, "endDate": "2020-03-31", "cash": 3375000, "shortTermInvestments": 206913000, "netReceivables": 9692000, "inventory": 215689000, "otherCurrentAssets": 65955000, "totalCurrentAssets": 618359000, "longTermInvestments": 2259844000, "propertyPlantEquipment": 840557000, "intangibleAssets": 37000, "otherAssets": 1119529000, "totalAssets": 4838326000, "accountsPayable": 110881000, "otherCurrentLiab": 51431000, "otherLiab": 38534000, "totalCurrentLiabilities": 495917000, "totalLiab": 534451000, "commonStock": 182775000, "retainedEarnings": 4121015000, "treasuryStock": 85000, "otherStockholderEquity": 85000, "totalStockholderEquity": 4303875000, "netTangibleAssets": 4303838000}, {"maxAge": 1, "endDate": "2019-12-31", "totalStockholderEquity": 3978298000, "netTangibleAssets": 3978167000}], "maxAge": 86400}, "indexTrend": {"maxAge": 1, "symbol": "SP5", "peRatio": 19.7411, "pegRatio": 1.34172, "estimates": [{"period": "0q", "growth": 0.549}, {"period": "+1q", "growth": 0.431}, {"period": "0y", "growth": 0.305}, {"period": "+1y", "growth": 0.109}, {"period": "+5y", "growth": 0.120865}, {"period": "-5y"}]}, "quoteType": {"exchange": "BSE", "quoteType": "EQUITY", "symbol": "GMBREW.BO", "underlyingSymbol": "GMBREW.BO", "shortName": "G.M.BREWERIES LTD.", "longName": "G.M. Breweries Limited", "firstTradeDateEpochUtc": "2002-01-04 09:15:00", "timeZoneFullName": "Asia/Kolkata", "timeZoneShortName": "IST", "uuid": "f42c32cb-fb8a-3bea-ab87-584a660c5ada", "gmtOffSetMilliseconds": 19800000, "maxAge": 1}, "incomeStatementHistory": {"incomeStatementHistory": [{"maxAge": 1, "endDate": "2020-03-31", "totalRevenue": 9711814000, "costOfRevenue": 8441401000, "grossProfit": 1270413000, "researchDevelopment": {}, "sellingGeneralAdministrative": 115770000, "nonRecurring": {}, "otherOperatingExpenses": 267728000, "totalOperatingExpenses": 8897750000, "operatingIncome": 814064000, "totalOtherIncomeExpenseNet": 93757000, "ebit": 814064000, "interestExpense": -439000, "incomeBeforeTax": 907821000, "incomeTaxExpense": 229320000, "minorityInterest": {}, "netIncomeFromContinuingOps": 678501000, "discontinuedOperations": {}, "extraordinaryItems": {}, "effectOfAccountingCharges": {}, "otherItems": {}, "netIncome": 678501000, "netIncomeApplicableToCommonShares": 678501000}, {"maxAge": 1, "endDate": "2019-03-31", "totalRevenue": 9822619000, "costOfRevenue": 8288670000, "grossProfit": 1533949000, "researchDevelopment": {}, "sellingGeneralAdministrative": 106349000, "nonRecurring": {}, "otherOperatingExpenses": 258916000, "totalOperatingExpenses": 8727242000, "operatingIncome": 1095377000, "totalOtherIncomeExpenseNet": 136639000, "ebit": 1095377000, "interestExpense": -619000, "incomeBeforeTax": 1232016000, "incomeTaxExpense": 408984000, "minorityInterest": {}, "netIncomeFromContinuingOps": 823032000, "discontinuedOperations": {}, "extraordinaryItems": {}, "effectOfAccountingCharges": {}, "otherItems": {}, "netIncome": 823032000, "netIncomeApplicableToCommonShares": 823032000}, {"maxAge": 1, "endDate": "2018-03-31", "totalRevenue": 9190963000, "costOfRevenue": 7776510000, "grossProfit": 1414453000, "researchDevelopment": {}, "sellingGeneralAdministrative": 99289000, "nonRecurring": {}, "otherOperatingExpenses": 239334000, "totalOperatingExpenses": 8175004000, "operatingIncome": 1015959000, "totalOtherIncomeExpenseNet": 96925000, "ebit": 1015959000, "interestExpense": -225000, "incomeBeforeTax": 1112884000, "incomeTaxExpense": 383895000, "minorityInterest": {}, "netIncomeFromContinuingOps": 728989000, "discontinuedOperations": {}, "extraordinaryItems": {}, "effectOfAccountingCharges": {}, "otherItems": {}, "netIncome": 728989000, "netIncomeApplicableToCommonShares": 728989000}, {"maxAge": 1, "endDate": "2017-03-31", "totalRevenue": 7476732000, "costOfRevenue": 6445362000, "grossProfit": 1031370000, "researchDevelopment": {}, "sellingGeneralAdministrative": 91464000, "nonRecurring": {}, "otherOperatingExpenses": 250758000, "totalOperatingExpenses": 6844329000, "operatingIncome": 632403000, "totalOtherIncomeExpenseNet": 37537000, "ebit": 632403000, "interestExpense": -2040000, "incomeBeforeTax": 669940000, "incomeTaxExpense": 233571000, "minorityInterest": {}, "netIncomeFromContinuingOps": 436369000, "discontinuedOperations": {}, "extraordinaryItems": {}, "effectOfAccountingCharges": {}, "otherItems": {}, "netIncome": 436369000, "netIncomeApplicableToCommonShares": 436369000}], "maxAge": 86400}, "fundOwnership": {"ownershipList": [], "maxAge": 1}, "summaryDetail": {"maxAge": 1, "priceHint": 2, "previousClose": 405.35, "open": 401.6, "dayLow": 392.0, "dayHigh": 403.6, "regularMarketPreviousClose": 405.35, "regularMarketOpen": 401.6, "regularMarketDayLow": 392.0, "regularMarketDayHigh": 403.6, "trailingPE": 15.924761, "volume": 4557, "regularMarketVolume": 4557, "averageVolume": 6081, "averageVolume10days": 2345, "averageDailyVolume10Day": 2345, "bid": 394.1, "ask": 395.8, "bidSize": 0, "askSize": 0, "marketCap": 7147212800, "fiftyTwoWeekLow": 220.0, "fiftyTwoWeekHigh": 475.0, "fiftyDayAverage": 424.98334, "twoHundredDayAverage": 403.5217, "trailingAnnualDividendRate": 3.0, "trailingAnnualDividendYield": 0.0074010114, "currency": "INR", "fromCurrency": null, "lastMarket": null, "algorithm": null, "tradeable": false}, "incomeStatementHistoryQuarterly": {"incomeStatementHistory": [{"maxAge": 1, "endDate": "2020-09-30", "totalRevenue": 2623000000, "costOfRevenue": 2396100000, "grossProfit": 226900000, "researchDevelopment": {}, "sellingGeneralAdministrative": 18100000, "nonRecurring": {}, "otherOperatingExpenses": 56300000, "totalOperatingExpenses": 2488500000, "operatingIncome": 134500000, "totalOtherIncomeExpenseNet": 15400000, "ebit": 134500000, "interestExpense": -200000, "incomeBeforeTax": 149900000, "incomeTaxExpense": 37800000, "minorityInterest": {}, "netIncomeFromContinuingOps": 112100000, "discontinuedOperations": {}, "extraordinaryItems": {}, "effectOfAccountingCharges": {}, "otherItems": {}, "netIncome": 112100000, "netIncomeApplicableToCommonShares": 112100000}, {"maxAge": 1, "endDate": "2020-06-30", "totalRevenue": 968100000, "costOfRevenue": 873400000, "grossProfit": 94700000, "researchDevelopment": {}, "sellingGeneralAdministrative": 14200000, "nonRecurring": {}, "otherOperatingExpenses": 30900000, "totalOperatingExpenses": 936500000, "operatingIncome": 31600000, "totalOtherIncomeExpenseNet": 800000, "ebit": 31600000, "interestExpense": -300000, "incomeBeforeTax": 32400000, "incomeTaxExpense": 8100000, "minorityInterest": {}, "netIncomeFromContinuingOps": 24300000, "discontinuedOperations": {}, "extraordinaryItems": {}, "effectOfAccountingCharges": {}, "otherItems": {}, "netIncome": 24300000, "netIncomeApplicableToCommonShares": 24300000}, {"maxAge": 1, "endDate": "2020-03-31", "totalRevenue": -3127386000, "costOfRevenue": -3395699000, "grossProfit": 268313000, "researchDevelopment": {}, "sellingGeneralAdministrative": 36170000, "nonRecurring": {}, "otherOperatingExpenses": 45228000, "totalOperatingExpenses": -3296550000, "operatingIncome": 169164000, "totalOtherIncomeExpenseNet": 69257000, "ebit": 169164000, "interestExpense": -139000, "incomeBeforeTax": 238421000, "incomeTaxExpense": 60920000, "minorityInterest": {}, "netIncomeFromContinuingOps": 177501000, "discontinuedOperations": {}, "extraordinaryItems": {}, "effectOfAccountingCharges": {}, "otherItems": {}, "netIncome": 177501000, "netIncomeApplicableToCommonShares": 177501000}, {"maxAge": 1, "endDate": "2019-12-31", "totalRevenue": 4292700000, "costOfRevenue": 3993900000, "grossProfit": 298800000, "researchDevelopment": {}, "sellingGeneralAdministrative": 29100000, "nonRecurring": {}, "otherOperatingExpenses": 70400000, "totalOperatingExpenses": 4111700000, "operatingIncome": 181000000, "totalOtherIncomeExpenseNet": 5700000, "ebit": 181000000, "interestExpense": -100000, "incomeBeforeTax": 186700000, "incomeTaxExpense": 46900000, "minorityInterest": {}, "netIncomeFromContinuingOps": 139800000, "discontinuedOperations": {}, "extraordinaryItems": {}, "effectOfAccountingCharges": {}, "otherItems": {}, "netIncome": 139800000, "netIncomeApplicableToCommonShares": 139800000}], "maxAge": 86400}, "cashflowStatementHistoryQuarterly": {"cashflowStatements": [{"maxAge": 1, "endDate": "2020-09-30", "netIncome": 112100000, "changeToLiabilities": 0}, {"maxAge": 1, "endDate": "2020-06-30", "netIncome": 24300000, "changeToLiabilities": 0}, {"maxAge": 1, "endDate": "2020-03-31", "netIncome": 177501000, "changeToLiabilities": 0}, {"maxAge": 1, "endDate": "2019-12-31", "netIncome": 139800000, "changeToLiabilities": 0}], "maxAge": 86400}, "insiderHolders": {"holders": [], "maxAge": 1}, "calendarEvents": {"maxAge": 1, "earnings": {"earningsDate": ["2019-01-03 05:30:S"]}}, "upgradeDowngradeHistory": {"history": [], "maxAge": 86400}, "price": {"maxAge": 1, "regularMarketChangePercent": -0.025656825, "regularMarketChange": -10.399994, "regularMarketTime": "2021-04-30 15:28:45", "priceHint": 2, "regularMarketPrice": 394.95, "regularMarketDayHigh": 403.6, "regularMarketDayLow": 392.0, "regularMarketVolume": 4557, "averageDailyVolume10Day": 2345, "averageDailyVolume3Month": 6081, "regularMarketPreviousClose": 405.35, "regularMarketSource": "FREE_REALTIME", "regularMarketOpen": 401.6, "exchange": "BSE", "exchangeName": "BSE", "exchangeDataDelayedBy": 0, "marketState": "CLOSED", "quoteType": "EQUITY", "symbol": "GMBREW.BO", "underlyingSymbol": null, "shortName": "G.M.BREWERIES LTD.", "longName": "G.M. Breweries Limited", "currency": "INR", "quoteSourceName": "Delayed Quote", "currencySymbol": "\u20b9", "fromCurrency": null, "lastMarket": null, "marketCap": 7147212800}, "balanceSheetHistory": {"balanceSheetStatements": [{"maxAge": 1, "endDate": "2020-03-31", "cash": 3375000, "shortTermInvestments": 206913000, "netReceivables": 9692000, "inventory": 215689000, "otherCurrentAssets": 65955000, "totalCurrentAssets": 618359000, "longTermInvestments": 2259844000, "propertyPlantEquipment": 840557000, "intangibleAssets": 37000, "otherAssets": 1119529000, "totalAssets": 4838326000, "accountsPayable": 110881000, "otherCurrentLiab": 51431000, "otherLiab": 38534000, "totalCurrentLiabilities": 495917000, "totalLiab": 534451000, "commonStock": 182775000, "retainedEarnings": 4121015000, "treasuryStock": 85000, "otherStockholderEquity": 85000, "totalStockholderEquity": 4303875000, "netTangibleAssets": 4303838000}, {"maxAge": 1, "endDate": "2019-03-31", "cash": 5166000, "shortTermInvestments": 1027000, "netReceivables": 21341000, "inventory": 196402000, "otherCurrentAssets": 102418000, "totalCurrentAssets": 427684000, "longTermInvestments": 1819584000, "propertyPlantEquipment": 1108436000, "intangibleAssets": 149000, "otherAssets": 879579000, "totalAssets": 4235432000, "accountsPayable": 45045000, "otherCurrentLiab": 33685000, "otherLiab": 43868000, "totalCurrentLiabilities": 523359000, "totalLiab": 567227000, "commonStock": 182775000, "retainedEarnings": 3508619000, "treasuryStock": -23189000, "otherStockholderEquity": -23189000, "totalStockholderEquity": 3668205000, "netTangibleAssets": 3668056000}, {"maxAge": 1, "endDate": "2018-03-31", "cash": 20504000, "shortTermInvestments": 79728000, "netReceivables": 8740000, "inventory": 130996000, "otherCurrentAssets": 130628000, "totalCurrentAssets": 450670000, "longTermInvestments": 1255671000, "propertyPlantEquipment": 1252569000, "intangibleAssets": 270000, "otherAssets": 549098000, "totalAssets": 3508278000, "accountsPayable": 50023000, "otherCurrentLiab": 57313000, "otherLiab": 48883000, "totalCurrentLiabilities": 546595000, "totalLiab": 595478000, "commonStock": 146220000, "retainedEarnings": 2774940000, "treasuryStock": -8360000, "otherStockholderEquity": -8360000, "totalStockholderEquity": 2912800000, "netTangibleAssets": 2912530000}, {"maxAge": 1, "endDate": "2017-03-31", "cash": 57706000, "shortTermInvestments": 898000, "netReceivables": 4508000, "inventory": 123250000, "otherCurrentAssets": 45319000, "totalCurrentAssets": 289406000, "longTermInvestments": 708088000, "propertyPlantEquipment": 1353150000, "intangibleAssets": 319000, "otherAssets": 442935000, "totalAssets": 2793898000, "accountsPayable": 48077000, "otherCurrentLiab": 26803000, "otherLiab": 48587000, "totalCurrentLiabilities": 499116000, "totalLiab": 547703000, "commonStock": 146220000, "retainedEarnings": 2099890000, "treasuryStock": 85000, "otherStockholderEquity": 85000, "totalStockholderEquity": 2246195000, "netTangibleAssets": 2245876000}], "maxAge": 86400}, "financialData": {"maxAge": 86400, "currentPrice": 394.95, "recommendationKey": "none", "grossProfits": 1270413000, "financialCurrency": "INR"}}}