{"GMDCLTD.NS": {"assetProfile": {"address1": "Khanij Bhavan", "address2": "132 Feet Ring Road Near University Ground Vastrapur", "city": "Ahmedabad", "zip": "380052", "country": "India", "phone": "91 79 2791 3200", "fax": "91 79 2791 1151", "website": "http://www.gmdcltd.com", "industry": "Thermal Coal", "sector": "Energy", "longBusinessSummary": "Gujarat Mineral Development Corporation Limited engages in mining business in India. It operates in two segments, Mining and Power. The company explores for lignite, bauxite, fluorspar, manganese, silica sand, limestone, bentonite, and ball clay. It also generates power using thermal, wind, and solar sources. The company was incorporated in 1963 and is based in Ahmedabad, India.", "fullTimeEmployees": 1196, "companyOfficers": [{"maxAge": 1, "name": "Mr. Arunkumar Mohanbhai Solanki I.A.S., M.D., IAS", "title": "MD & Exec. Director", "fiscalYear": 2020, "totalPay": 3291394, "exercisedValue": 0, "unexercisedValue": 0}, {"maxAge": 1, "name": "Ms. Lavanya  Kulshrestha", "title": "Chief GM & CFO", "exercisedValue": 0, "unexercisedValue": 0}, {"maxAge": 1, "name": "Mr. Joel S. Evans", "title": "Company Sec. & Compliance Officer", "exercisedValue": 0, "unexercisedValue": 0}, {"maxAge": 1, "name": "Ms. Anupma  Iyer", "title": "Gen. Mang. of Accounts", "exercisedValue": 0, "unexercisedValue": 0}, {"maxAge": 1, "name": "Mr. Dilipkumar Umiyashanke Vyas", "title": "Gen. Mang. of Geology & Tech", "exercisedValue": 0, "unexercisedValue": 0}, {"maxAge": 1, "name": "Mr. Amishkumar Kantilal Makadia", "title": "Gen. Mang. of Sales", "exercisedValue": 0, "unexercisedValue": 0}, {"maxAge": 1, "name": "Mr. Ajaykumar Laxmansinh Thakor", "title": "Chief Gen. Mang.", "exercisedValue": 0, "unexercisedValue": 0}], "compensationAsOfEpochDate": "2020-12-31 05:30:00", "maxAge": 86400}, "recommendationTrend": {"trend": [{"period": "0m", "strongBuy": 0, "buy": 0, "hold": 0, "sell": 0, "strongSell": 0}, {"period": "-1m", "strongBuy": 3, "buy": 2, "hold": 1, "sell": 0, "strongSell": 0}, {"period": "-2m", "strongBuy": 3, "buy": 2, "hold": 1, "sell": 0, "strongSell": 0}, {"period": "-3m", "strongBuy": 3, "buy": 2, "hold": 1, "sell": 0, "strongSell": 0}], "maxAge": 86400}, "cashflowStatementHistory": {"cashflowStatements": [{"maxAge": 1, "endDate": "2020-03-31", "netIncome": 2040641000, "depreciation": 911980000, "changeToNetincome": -2030643000, "changeToAccountReceivables": -1786970000, "changeToLiabilities": 762381000, "changeToInventory": 23719000, "totalCashFromOperatingActivities": -75079000, "capitalExpenditures": -102465000, "investments": 1286000, "otherCashflowsFromInvestingActivities": 1013802000, "totalCashflowsFromInvestingActivities": 920369000, "dividendsPaid": -636000000, "otherCashflowsFromFinancingActivities": -130732000, "totalCashFromFinancingActivities": -766732000, "changeInCash": 78558000}, {"maxAge": 1, "endDate": "2019-03-31", "netIncome": 2198424000, "depreciation": 957770000, "changeToNetincome": 940660000, "changeToAccountReceivables": -1306445000, "changeToLiabilities": -1112816000, "changeToInventory": -257043000, "totalCashFromOperatingActivities": 1424153000, "capitalExpenditures": -714222000, "investments": -91000, "otherCashflowsFromInvestingActivities": 938263000, "totalCashflowsFromInvestingActivities": 231691000, "dividendsPaid": -1343178000, "otherCashflowsFromFinancingActivities": -130732000, "totalCashFromFinancingActivities": -1343178000, "changeInCash": 312666000}, {"maxAge": 1, "endDate": "2018-03-31", "netIncome": 3466837000, "depreciation": 1188394000, "changeToNetincome": -1669286000, "changeToAccountReceivables": -707708000, "changeToLiabilities": 164802000, "changeToInventory": -35885000, "totalCashFromOperatingActivities": 2409027000, "capitalExpenditures": -2064215000, "investments": -204236000, "otherCashflowsFromInvestingActivities": 891493000, "totalCashflowsFromInvestingActivities": -1375299000, "dividendsPaid": -954000000, "otherCashflowsFromFinancingActivities": -15959000, "totalCashFromFinancingActivities": -969959000, "changeInCash": 63769000}, {"maxAge": 1, "endDate": "2017-03-31", "netIncome": 3250577000, "depreciation": 1508299000, "changeToNetincome": -1501307000, "changeToAccountReceivables": -496699000, "changeToLiabilities": 2015174000, "changeToInventory": -253147000, "totalCashFromOperatingActivities": 4524748000, "capitalExpenditures": -4594354000, "investments": -12655000, "otherCashflowsFromInvestingActivities": 1095717000, "totalCashflowsFromInvestingActivities": -3502655000, "dividendsPaid": -1148529000, "otherCashflowsFromFinancingActivities": -15959000, "totalCashFromFinancingActivities": -1148529000, "changeInCash": -126436000}], "maxAge": 86400}, "indexTrend": {"maxAge": 1, "symbol": "SP5", "peRatio": 19.7411, "pegRatio": 1.34172, "estimates": [{"period": "0q", "growth": 0.549}, {"period": "+1q", "growth": 0.431}, {"period": "0y", "growth": 0.305}, {"period": "+1y", "growth": 0.109}, {"period": "+5y", "growth": 0.120865}, {"period": "-5y"}]}, "defaultKeyStatistics": {"maxAge": 1, "priceHint": 2, "enterpriseValue": 8007989248, "forwardPE": 3.3466136, "profitMargins": 0.15681, "floatShares": 78043839, "sharesOutstanding": 318000000, "heldPercentInsiders": 0.74, "heldPercentInstitutions": 0.020450002, "beta": 1.312014, "category": null, "bookValue": 141.804, "priceToBook": 0.41465685, "fundFamily": null, "legalType": null, "lastFiscalYearEnd": "2020-03-31 05:30:00", "nextFiscalYearEnd": "2022-03-31 05:30:00", "mostRecentQuarter": "2020-12-31 05:30:00", "netIncomeToCommon": 1858924032, "trailingEps": 5.847, "forwardEps": 9.6, "pegRatio": 0.36, "lastSplitFactor": "2:1", "lastSplitDate": "2008-10-16 05:30:00", "enterpriseToRevenue": 0.676, "enterpriseToEbitda": -58.457}, "industryTrend": {"maxAge": 1, "symbol": null, "estimates": []}, "quoteType": {"exchange": "NSI", "quoteType": "EQUITY", "symbol": "GMDCLTD.NS", "underlyingSymbol": "GMDCLTD.NS", "shortName": "GUJARAT MINERAL DE", "longName": "Gujarat Mineral Development Corporation Limited", "firstTradeDateEpochUtc": "2002-07-01 09:15:00", "timeZoneFullName": "Asia/Kolkata", "timeZoneShortName": "IST", "uuid": "382ac192-f38e-3846-81d9-d3ddde824bd5", "gmtOffSetMilliseconds": 19800000, "maxAge": 1}, "incomeStatementHistory": {"incomeStatementHistory": [{"maxAge": 1, "endDate": "2020-03-31", "totalRevenue": 15209485000, "costOfRevenue": 117689000, "grossProfit": 15091796000, "researchDevelopment": {}, "sellingGeneralAdministrative": 1532570000, "nonRecurring": {}, "otherOperatingExpenses": 11723911000, "totalOperatingExpenses": 14289963000, "operatingIncome": 919522000, "totalOtherIncomeExpenseNet": 1704325000, "ebit": 919522000, "interestExpense": -245000, "incomeBeforeTax": 2623847000, "incomeTaxExpense": 583206000, "minorityInterest": {}, "netIncomeFromContinuingOps": 2040641000, "discontinuedOperations": {}, "extraordinaryItems": {}, "effectOfAccountingCharges": {}, "otherItems": {}, "netIncome": 2040641000, "netIncomeApplicableToCommonShares": 2040641000}, {"maxAge": 1, "endDate": "2019-03-31", "totalRevenue": 18796782000, "costOfRevenue": 41746000, "grossProfit": 18755036000, "researchDevelopment": {}, "sellingGeneralAdministrative": 1321496000, "nonRecurring": {}, "otherOperatingExpenses": 11851168000, "totalOperatingExpenses": 14175783000, "operatingIncome": 4620999000, "totalOtherIncomeExpenseNet": -737435000, "ebit": 4620999000, "interestExpense": -13000, "incomeBeforeTax": 3883564000, "incomeTaxExpense": 1685140000, "minorityInterest": {}, "netIncomeFromContinuingOps": 2198424000, "discontinuedOperations": {}, "extraordinaryItems": {}, "effectOfAccountingCharges": {}, "otherItems": {}, "netIncome": 2198424000, "netIncomeApplicableToCommonShares": 2198424000}, {"maxAge": 1, "endDate": "2018-03-31", "totalRevenue": 20509296000, "costOfRevenue": -6681000, "grossProfit": 20515977000, "researchDevelopment": {}, "sellingGeneralAdministrative": 1971680000, "nonRecurring": {}, "otherOperatingExpenses": 13018468000, "totalOperatingExpenses": 16173734000, "operatingIncome": 4335562000, "totalOtherIncomeExpenseNet": 354493000, "ebit": 4335562000, "interestExpense": -906000, "incomeBeforeTax": 4690055000, "incomeTaxExpense": 1223218000, "minorityInterest": {}, "netIncomeFromContinuingOps": 3466837000, "discontinuedOperations": {}, "extraordinaryItems": {}, "effectOfAccountingCharges": {}, "otherItems": {}, "netIncome": 3466837000, "netIncomeApplicableToCommonShares": 3466837000}, {"maxAge": 1, "endDate": "2017-03-31", "totalRevenue": 15366520000, "costOfRevenue": -646894000, "grossProfit": 16013414000, "researchDevelopment": {}, "sellingGeneralAdministrative": 1124478000, "nonRecurring": {}, "otherOperatingExpenses": 10414158000, "totalOperatingExpenses": 12404317000, "operatingIncome": 2962203000, "totalOtherIncomeExpenseNet": 1505881000, "ebit": 2962203000, "interestExpense": -198000, "incomeBeforeTax": 4468084000, "incomeTaxExpense": 1217507000, "minorityInterest": {}, "netIncomeFromContinuingOps": 3250577000, "discontinuedOperations": {}, "extraordinaryItems": {}, "effectOfAccountingCharges": {}, "otherItems": {}, "netIncome": 3250577000, "netIncomeApplicableToCommonShares": 3250577000}], "maxAge": 86400}, "fundOwnership": {"ownershipList": [{"maxAge": 1, "reportDate": "2021-01-31", "organization": "DFA Investment Dimensions-DFA Emerging Mkts Value", "pctHeld": 0.0017, "position": 549802, "value": 30266600}, {"maxAge": 1, "reportDate": "2021-01-31", "organization": "DFA Emerging Markets Core Equity Portfolio", "pctHeld": 0.0008, "position": 250329, "value": 13780611}, {"maxAge": 1, "reportDate": "2021-01-31", "organization": "DFA Emerging Markets Small Cap Series", "pctHeld": 0.0002, "position": 59310, "value": 3265015}, {"maxAge": 1, "reportDate": "2021-01-31", "organization": "DFA Investment Dimensions-World Ex U.S. Core Equity Port", "pctHeld": 0.0001, "position": 43682, "value": 2404694}, {"maxAge": 1, "reportDate": "2021-01-31", "organization": "DFA Investment Dimensions-Emerging Markets Social Core Equity", "pctHeld": 0.0001, "position": 28795, "value": 1585164}, {"maxAge": 1, "reportDate": "2021-03-31", "organization": "Avantis Emerging Markets Equity Fund", "pctHeld": 0.0001, "position": 24576, "value": 1357824}, {"maxAge": 1, "reportDate": "2021-02-28", "organization": "Avantis Emerging Markets Equity ETF", "pctHeld": 0.0001, "position": 24576, "value": 1524940}], "maxAge": 1}, "summaryDetail": {"maxAge": 1, "priceHint": 2, "previousClose": 57.8, "open": 57.05, "dayLow": 56.8, "dayHigh": 59.8, "regularMarketPreviousClose": 57.8, "regularMarketOpen": 57.05, "regularMarketDayLow": 56.8, "regularMarketDayHigh": 59.8, "dividendRate": 2.0, "dividendYield": 0.0346, "exDividendDate": "2020-12-22 05:30:00", "payoutRatio": 0.3419, "beta": 1.312014, "trailingPE": 10.056438, "forwardPE": 6.1249995, "volume": 2110751, "regularMarketVolume": 2110751, "averageVolume": 2324721, "averageVolume10days": 1592698, "averageDailyVolume10Day": 1592698, "bid": 0.0, "ask": 0.0, "bidSize": 0, "askSize": 0, "marketCap": 18666059776, "fiftyTwoWeekLow": 31.8, "fiftyTwoWeekHigh": 67.4, "priceToSalesTrailing12Months": 1.5745939, "fiftyDayAverage": 58.619118, "twoHundredDayAverage": 51.88156, "trailingAnnualDividendRate": 2.0, "trailingAnnualDividendYield": 0.034602076, "currency": "INR", "fromCurrency": null, "lastMarket": null, "algorithm": null, "tradeable": false}, "insiderHolders": {"holders": [], "maxAge": 1}, "calendarEvents": {"maxAge": 1, "earnings": {"earningsDate": ["2018-02-05 05:30:S", "2018-02-09 05:30:S"], "earningsAverage": 4.74, "earningsLow": 4.74, "earningsHigh": 4.74, "revenueAverage": 5034000000, "revenueLow": 4426000000, "revenueHigh": 5642000000}, "exDividendDate": "2020-12-22 05:30:00"}, "upgradeDowngradeHistory": {"history": [], "maxAge": 86400}, "price": {"maxAge": 1, "regularMarketChangePercent": 0.017301038, "regularMarketChange": 1.0, "regularMarketTime": "2021-04-30 15:29:58", "priceHint": 2, "regularMarketPrice": 58.8, "regularMarketDayHigh": 59.8, "regularMarketDayLow": 56.8, "regularMarketVolume": 2110751, "averageDailyVolume10Day": 1592698, "averageDailyVolume3Month": 2324721, "regularMarketPreviousClose": 57.8, "regularMarketSource": "FREE_REALTIME", "regularMarketOpen": 57.05, "exchange": "NSI", "exchangeName": "NSE", "exchangeDataDelayedBy": 15, "marketState": "CLOSED", "quoteType": "EQUITY", "symbol": "GMDCLTD.NS", "underlyingSymbol": null, "shortName": "GUJARAT MINERAL DE", "longName": "Gujarat Mineral Development Corporation Limited", "currency": "INR", "quoteSourceName": "Delayed Quote", "currencySymbol": "\u20b9", "fromCurrency": null, "lastMarket": null, "marketCap": 18666059776}, "balanceSheetHistory": {"balanceSheetStatements": [{"maxAge": 1, "endDate": "2020-03-31", "cash": 951193000, "shortTermInvestments": 65576000, "netReceivables": 1519208000, "inventory": 951180000, "otherCurrentAssets": 12668681000, "totalCurrentAssets": 16186379000, "longTermInvestments": 2691402000, "propertyPlantEquipment": 16201055000, "intangibleAssets": 3517712000, "otherAssets": 13511707000, "totalAssets": 52108255000, "accountsPayable": 1368352000, "otherCurrentLiab": 1432787000, "otherLiab": 6658235000, "totalCurrentLiabilities": 2965943000, "totalLiab": 9627099000, "commonStock": 636000000, "retainedEarnings": 40528670000, "treasuryStock": 1316486000, "otherStockholderEquity": 1316486000, "totalStockholderEquity": 42481156000, "netTangibleAssets": 38963444000}, {"maxAge": 1, "endDate": "2019-03-31", "cash": 872636000, "shortTermInvestments": 198442000, "netReceivables": 1582202000, "inventory": 981343000, "otherCurrentAssets": 11364517000, "totalCurrentAssets": 15038909000, "longTermInvestments": 4342283000, "propertyPlantEquipment": 16825944000, "intangibleAssets": 3577616000, "otherAssets": 12282343000, "totalAssets": 52067095000, "accountsPayable": 1097097000, "otherCurrentLiab": 1255785000, "otherLiab": 6433924000, "totalCurrentLiabilities": 2460262000, "totalLiab": 8894186000, "commonStock": 636000000, "retainedEarnings": 39606635000, "treasuryStock": 2930274000, "otherStockholderEquity": 2930274000, "totalStockholderEquity": 43172909000, "netTangibleAssets": 39595293000}, {"maxAge": 1, "endDate": "2018-03-31", "cash": 559970000, "shortTermInvestments": 185922000, "netReceivables": 1241836000, "inventory": 724300000, "otherCurrentAssets": 11929414000, "totalCurrentAssets": 14669190000, "longTermInvestments": 7822268000, "propertyPlantEquipment": 17434006000, "intangibleAssets": 3210888000, "otherAssets": 10764712000, "totalAssets": 53901064000, "accountsPayable": 1098828000, "otherCurrentLiab": 2835740000, "otherLiab": 6271769000, "totalCurrentLiabilities": 4117902000, "totalLiab": 10389671000, "commonStock": 636000000, "retainedEarnings": 38674743000, "treasuryStock": 4200650000, "otherStockholderEquity": 4200650000, "totalStockholderEquity": 43511393000, "netTangibleAssets": 40300505000}, {"maxAge": 1, "endDate": "2017-03-31", "cash": 496956000, "shortTermInvestments": 191116000, "netReceivables": 1325345000, "inventory": 688415000, "otherCurrentAssets": 11682017000, "totalCurrentAssets": 14411659000, "longTermInvestments": 6576079000, "propertyPlantEquipment": 17860123000, "intangibleAssets": 1915137000, "otherAssets": 10378446000, "totalAssets": 51141444000, "accountsPayable": 971011000, "otherCurrentLiab": 3314585000, "otherLiab": 6763102000, "totalCurrentLiabilities": 4372677000, "totalLiab": 11135779000, "commonStock": 636000000, "retainedEarnings": 36236630000, "treasuryStock": 3133035000, "otherStockholderEquity": 3133035000, "totalStockholderEquity": 40005665000, "netTangibleAssets": 38090528000}], "maxAge": 86400}, "earningsTrend": {"trend": [{"maxAge": 1, "period": "0q", "endDate": "2018-06-30", "growth": 0.055999998, "earningsEstimate": {"avg": 4.74, "low": 4.74, "high": 4.74, "yearAgoEps": 4.49, "numberOfAnalysts": 1, "growth": 0.055999998}, "revenueEstimate": {"avg": 5034000000, "low": 4426000000, "high": 5642000000, "numberOfAnalysts": 2, "yearAgoRevenue": 5831000000, "growth": -0.137}, "epsTrend": {"current": 4.74, "7daysAgo": 4.74, "30daysAgo": 4.74, "60daysAgo": 4.74, "90daysAgo": 4.74}, "epsRevisions": {"upLast7days": 0, "upLast30days": 0, "downLast30days": 0, "downLast90days": {}}}, {"maxAge": 1, "period": "+1q", "endDate": "2018-09-30", "growth": -0.36099997, "earningsEstimate": {"avg": 2.27, "low": 2.27, "high": 2.27, "yearAgoEps": 3.55, "numberOfAnalysts": 1, "growth": -0.36099997}, "revenueEstimate": {"avg": 2797000000, "low": 2797000000, "high": 2797000000, "numberOfAnalysts": 1, "yearAgoRevenue": 3457440000, "growth": -0.191}, "epsTrend": {"current": 2.27, "7daysAgo": 2.27, "30daysAgo": 2.27, "60daysAgo": 2.27, "90daysAgo": 2.27}, "epsRevisions": {"upLast7days": 0, "upLast30days": 0, "downLast30days": 0, "downLast90days": {}}}, {"maxAge": 1, "period": "0y", "endDate": "2019-03-31", "growth": 0.147, "earningsEstimate": {"avg": 15.68, "low": 14.9, "high": 16.8, "yearAgoEps": 13.67, "numberOfAnalysts": 4, "growth": 0.147}, "revenueEstimate": {"avg": 21803700000, "low": 15794000000, "high": 24669000000, "numberOfAnalysts": 4, "yearAgoRevenue": 20699700000, "growth": 0.053000003}, "epsTrend": {"current": 15.68, "7daysAgo": 15.68, "30daysAgo": 15.68, "60daysAgo": 15.91, "90daysAgo": 15.76}, "epsRevisions": {"upLast7days": 0, "upLast30days": 0, "downLast30days": 0, "downLast90days": {}}}, {"maxAge": 1, "period": "+1y", "endDate": "2020-03-31", "growth": 0.12100001, "earningsEstimate": {"avg": 17.57, "low": 17.2, "high": 17.8, "yearAgoEps": 15.68, "numberOfAnalysts": 3, "growth": 0.12100001}, "revenueEstimate": {"avg": 23661300000, "low": 17231000000, "high": 29194000000, "numberOfAnalysts": 3, "yearAgoRevenue": 21803700000, "growth": 0.085}, "epsTrend": {"current": 17.57, "7daysAgo": 17.57, "30daysAgo": 17.57, "60daysAgo": 17.87, "90daysAgo": 17.87}, "epsRevisions": {"upLast7days": 0, "upLast30days": 0, "downLast30days": 0, "downLast90days": {}}}, {"maxAge": 1, "period": "+5y", "endDate": null, "growth": 0.19399999, "earningsEstimate": {"avg": {}, "low": {}, "high": {}, "yearAgoEps": {}, "numberOfAnalysts": {}, "growth": {}}, "revenueEstimate": {"avg": {}, "low": {}, "high": {}, "numberOfAnalysts": {}, "yearAgoRevenue": {}, "growth": {}}, "epsTrend": {"current": {}, "7daysAgo": {}, "30daysAgo": {}, "60daysAgo": {}, "90daysAgo": {}}, "epsRevisions": {"upLast7days": {}, "upLast30days": {}, "downLast30days": {}, "downLast90days": {}}}, {"maxAge": 1, "period": "-5y", "endDate": null, "growth": -0.1973, "earningsEstimate": {"avg": {}, "low": {}, "high": {}, "yearAgoEps": {}, "numberOfAnalysts": {}, "growth": {}}, "revenueEstimate": {"avg": {}, "low": {}, "high": {}, "numberOfAnalysts": {}, "yearAgoRevenue": {}, "growth": {}}, "epsTrend": {"current": {}, "7daysAgo": {}, "30daysAgo": {}, "60daysAgo": {}, "90daysAgo": {}}, "epsRevisions": {"upLast7days": {}, "upLast30days": {}, "downLast30days": {}, "downLast90days": {}}}], "maxAge": 1}, "institutionOwnership": {"ownershipList": [], "maxAge": 1}, "majorHoldersBreakdown": {"maxAge": 1, "insidersPercentHeld": 0.74, "institutionsPercentHeld": 0.020450002, "institutionsFloatPercentHeld": 0.078660004, "institutionsCount": 12}, "balanceSheetHistoryQuarterly": {"balanceSheetStatements": [{"maxAge": 1, "endDate": "2020-12-31", "totalStockholderEquity": 44580078000, "netTangibleAssets": 41081780000}, {"maxAge": 1, "endDate": "2020-09-30", "cash": 663941000, "shortTermInvestments": 9052761000, "netReceivables": 1570518000, "inventory": 927188000, "otherCurrentAssets": 2846992000, "totalCurrentAssets": 15061400000, "longTermInvestments": 11910816000, "propertyPlantEquipment": 15850270000, "intangibleAssets": 3498298000, "otherAssets": 7306782000, "totalAssets": 53627566000, "accountsPayable": 933385000, "otherCurrentLiab": 1231719000, "otherLiab": 6732338000, "totalCurrentLiabilities": 2315150000, "totalLiab": 9047488000, "commonStock": 636000000, "treasuryStock": 43944078000, "otherStockholderEquity": 43944078000, "totalStockholderEquity": 44580078000, "netTangibleAssets": 41081780000}, {"maxAge": 1, "endDate": "2020-06-30", "totalStockholderEquity": 42481156000, "netTangibleAssets": 38963444000}, {"maxAge": 1, "endDate": "2020-03-31", "cash": 951193000, "shortTermInvestments": 65576000, "netReceivables": 1519208000, "inventory": 951180000, "otherCurrentAssets": 12668681000, "totalCurrentAssets": 16186379000, "longTermInvestments": 2691402000, "propertyPlantEquipment": 16201055000, "intangibleAssets": 3517712000, "otherAssets": 13511707000, "totalAssets": 52108255000, "accountsPayable": 1368352000, "otherCurrentLiab": 1432787000, "otherLiab": 6658235000, "totalCurrentLiabilities": 2965943000, "totalLiab": 9627099000, "commonStock": 636000000, "retainedEarnings": 40528670000, "treasuryStock": 1316486000, "otherStockholderEquity": 1316486000, "totalStockholderEquity": 42481156000, "netTangibleAssets": 38963444000}], "maxAge": 86400}, "earningsHistory": {"history": [{"maxAge": 1, "epsActual": 4.49, "epsEstimate": 3.77, "epsDifference": 0.72, "surprisePercent": 0.191, "quarter": "2017-06-30", "period": "-4q"}, {"maxAge": 1, "epsActual": 3.55, "epsEstimate": 1.6, "epsDifference": 1.95, "surprisePercent": 1.219, "quarter": "2017-09-30", "period": "-3q"}, {"maxAge": 1, "epsActual": 2.47, "epsEstimate": 2.73, "epsDifference": -0.26, "surprisePercent": -0.095, "quarter": "2017-12-31", "period": "-2q"}, {"maxAge": 1, "epsActual": 3.15, "epsEstimate": 3.47, "epsDifference": -0.32, "surprisePercent": -0.092, "quarter": "2018-03-31", "period": "-1q"}], "maxAge": 86400}, "summaryProfile": {"address1": "Khanij Bhavan", "address2": "132 Feet Ring Road Near University Ground Vastrapur", "city": "Ahmedabad", "zip": "380052", "country": "India", "phone": "91 79 2791 3200", "fax": "91 79 2791 1151", "website": "http://www.gmdcltd.com", "industry": "Thermal Coal", "sector": "Energy", "longBusinessSummary": "Gujarat Mineral Development Corporation Limited engages in mining business in India. It operates in two segments, Mining and Power. The company explores for lignite, bauxite, fluorspar, manganese, silica sand, limestone, bentonite, and ball clay. It also generates power using thermal, wind, and solar sources. The company was incorporated in 1963 and is based in Ahmedabad, India.", "fullTimeEmployees": 1196, "companyOfficers": [], "maxAge": 86400}, "netSharePurchaseActivity": {"maxAge": 1, "period": "6m", "buyInfoCount": 0, "buyInfoShares": 0, "sellInfoCount": 0, "netInfoCount": 0, "netInfoShares": 0, "netPercentInsiderShares": 0.0, "totalInsiderShares": 226925104}, "sectorTrend": {"maxAge": 1, "symbol": null, "estimates": []}, "incomeStatementHistoryQuarterly": {"incomeStatementHistory": [{"maxAge": 1, "endDate": "2020-12-31", "totalRevenue": 3292625000, "costOfRevenue": 13708000, "grossProfit": 3278917000, "researchDevelopment": {}, "sellingGeneralAdministrative": 358683000, "nonRecurring": {}, "otherOperatingExpenses": 3305981000, "totalOperatingExpenses": 3905578000, "operatingIncome": -612953000, "totalOtherIncomeExpenseNet": 413435000, "ebit": -612953000, "interestExpense": -4852000, "incomeBeforeTax": -199518000, "incomeTaxExpense": -171919000, "minorityInterest": {}, "netIncomeFromContinuingOps": -27599000, "discontinuedOperations": {}, "extraordinaryItems": {}, "effectOfAccountingCharges": {}, "otherItems": {}, "netIncome": -27599000, "netIncomeApplicableToCommonShares": -27599000}, {"maxAge": 1, "endDate": "2020-09-30", "totalRevenue": 2040629000, "costOfRevenue": 7162000, "grossProfit": 2033467000, "researchDevelopment": {}, "sellingGeneralAdministrative": 341054000, "nonRecurring": {}, "otherOperatingExpenses": 1711918000, "totalOperatingExpenses": 2278651000, "operatingIncome": -238022000, "totalOtherIncomeExpenseNet": 333468000, "ebit": -238022000, "interestExpense": -5309000, "incomeBeforeTax": 95446000, "incomeTaxExpense": -24018000, "minorityInterest": {}, "netIncomeFromContinuingOps": 119464000, "discontinuedOperations": {}, "extraordinaryItems": {}, "effectOfAccountingCharges": {}, "otherItems": {}, "netIncome": 119464000, "netIncomeApplicableToCommonShares": 119464000}, {"maxAge": 1, "endDate": "2020-06-30", "totalRevenue": 2401056000, "costOfRevenue": 10300000, "grossProfit": 2390756000, "researchDevelopment": {}, "sellingGeneralAdministrative": 335008000, "nonRecurring": {}, "otherOperatingExpenses": 2065989000, "totalOperatingExpenses": 2631148000, "operatingIncome": -230092000, "totalOtherIncomeExpenseNet": 351906000, "ebit": -230092000, "interestExpense": -4605000, "incomeBeforeTax": 121814000, "incomeTaxExpense": -1239269000, "minorityInterest": {}, "netIncomeFromContinuingOps": 1361083000, "discontinuedOperations": {}, "extraordinaryItems": {}, "effectOfAccountingCharges": {}, "otherItems": {}, "netIncome": 1361083000, "netIncomeApplicableToCommonShares": 1361083000}, {"maxAge": 1, "endDate": "2020-03-31", "totalRevenue": 4120213000, "costOfRevenue": 109838000, "grossProfit": 4010375000, "researchDevelopment": {}, "sellingGeneralAdministrative": 442948000, "nonRecurring": {}, "otherOperatingExpenses": 3249637000, "totalOperatingExpenses": 4037841000, "operatingIncome": 82372000, "totalOtherIncomeExpenseNet": 548592000, "ebit": 82372000, "interestExpense": -4605000, "incomeBeforeTax": 630964000, "incomeTaxExpense": 224988000, "minorityInterest": {}, "netIncomeFromContinuingOps": 405976000, "discontinuedOperations": {}, "extraordinaryItems": {}, "effectOfAccountingCharges": {}, "otherItems": {}, "netIncome": 405976000, "netIncomeApplicableToCommonShares": 405976000}], "maxAge": 86400}, "cashflowStatementHistoryQuarterly": {"cashflowStatements": [{"maxAge": 1, "endDate": "2020-12-31", "netIncome": -27599000, "changeToLiabilities": 0}, {"maxAge": 1, "endDate": "2020-09-30", "netIncome": 119464000, "changeToLiabilities": 0}, {"maxAge": 1, "endDate": "2020-06-30", "netIncome": 1361083000, "changeToLiabilities": 0}, {"maxAge": 1, "endDate": "2020-03-31", "netIncome": 405976000, "changeToLiabilities": 0}], "maxAge": 86400}, "earnings": {"maxAge": 86400, "earningsChart": {"quarterly": [{"date": "2Q2017", "actual": 4.49, "estimate": 3.77}, {"date": "3Q2017", "actual": 3.55, "estimate": 1.6}, {"date": "4Q2017", "actual": 2.47, "estimate": 2.73}, {"date": "1Q2018", "actual": 3.15, "estimate": 3.47}], "currentQuarterEstimate": 4.74, "currentQuarterEstimateDate": "2Q", "currentQuarterEstimateYear": 2018, "earningsDate": ["2018-02-05 05:30:S", "2018-02-09 05:30:S"]}, "financialsChart": {"yearly": [{"date": 2017, "revenue": 15366520000, "earnings": 3250577000}, {"date": 2018, "revenue": 20509296000, "earnings": 3466837000}, {"date": 2019, "revenue": 18796782000, "earnings": 2198424000}, {"date": 2020, "revenue": 15209485000, "earnings": 2040641000}], "quarterly": [{"date": "1Q2020", "revenue": 4120213000, "earnings": 405976000}, {"date": "2Q2020", "revenue": 2401056000, "earnings": 1361083000}, {"date": "3Q2020", "revenue": 2040629000, "earnings": 119464000}, {"date": "4Q2020", "revenue": 3292625000, "earnings": -27599000}]}, "financialCurrency": "INR"}, "financialData": {"maxAge": 86400, "currentPrice": 58.8, "targetHighPrice": 216.0, "targetLowPrice": 111.0, "targetMeanPrice": 172.33, "targetMedianPrice": 175.5, "recommendationMean": 1.8, "recommendationKey": "buy", "numberOfAnalystOpinions": 6, "totalCash": 9716702208, "totalCashPerShare": 31.686, "ebitda": -136989504, "totalDebt": 0, "totalRevenue": 11854523392, "revenuePerShare": 37.287, "grossProfits": 15091796000, "revenueGrowth": -0.031, "grossMargins": 0.98810995, "ebitdaMargins": -0.01155, "operatingMargins": -0.08425, "profitMargins": 0.15681, "financialCurrency": "INR"}}}