{"GMDCLTD.BO": {"recommendationTrend": {"trend": [{"period": "0m", "strongBuy": 0, "buy": 0, "hold": 0, "sell": 0, "strongSell": 0}, {"period": "-1m", "strongBuy": 0, "buy": 0, "hold": 0, "sell": 0, "strongSell": 0}, {"period": "-2m", "strongBuy": 0, "buy": 0, "hold": 0, "sell": 0, "strongSell": 0}, {"period": "-3m", "strongBuy": 0, "buy": 0, "hold": 0, "sell": 0, "strongSell": 0}], "maxAge": 86400}, "cashflowStatementHistory": {"cashflowStatements": [{"maxAge": 1, "endDate": "2020-03-31", "netIncome": 2040641000, "depreciation": 915793000, "changeToNetincome": -2030643000, "changeToAccountReceivables": -1786970000, "changeToLiabilities": 762381000, "changeToInventory": 23719000, "totalCashFromOperatingActivities": -75079000, "capitalExpenditures": -102465000, "investments": 1286000, "otherCashflowsFromInvestingActivities": 1013802000, "totalCashflowsFromInvestingActivities": 920369000, "dividendsPaid": -766732000, "totalCashFromFinancingActivities": -766732000, "changeInCash": 78558000}, {"maxAge": 1, "endDate": "2019-03-31", "netIncome": 2199393000, "depreciation": 957770000, "changeToNetincome": 939269000, "changeToAccountReceivables": -1711628000, "changeToLiabilities": -1112084000, "changeToInventory": -257043000, "totalCashFromOperatingActivities": 1019280000, "capitalExpenditures": -714222000, "investments": -1524000, "otherCashflowsFromInvestingActivities": 938263000, "totalCashflowsFromInvestingActivities": 230258000, "dividendsPaid": -1343178000, "totalCashFromFinancingActivities": -1343178000, "changeInCash": -93641000}, {"maxAge": 1, "endDate": "2018-03-31", "netIncome": 3466837000, "depreciation": 1188394000, "changeToNetincome": -1669286000, "changeToAccountReceivables": -707708000, "changeToLiabilities": 164802000, "changeToInventory": -35885000, "totalCashFromOperatingActivities": 2409027000, "capitalExpenditures": -2064215000, "investments": -204236000, "otherCashflowsFromInvestingActivities": 891493000, "totalCashflowsFromInvestingActivities": -1375299000, "dividendsPaid": -954000000, "otherCashflowsFromFinancingActivities": -15959000, "totalCashFromFinancingActivities": -969959000, "changeInCash": 63769000}, {"maxAge": 1, "endDate": "2017-03-31", "netIncome": 3250577000, "depreciation": 1508299000, "changeToNetincome": -1501307000, "changeToAccountReceivables": -496699000, "changeToLiabilities": 2015174000, "changeToInventory": -253147000, "totalCashFromOperatingActivities": 4524748000, "capitalExpenditures": -4594354000, "investments": -12655000, "otherCashflowsFromInvestingActivities": 1095717000, "totalCashflowsFromInvestingActivities": -3502655000, "dividendsPaid": -1148529000, "otherCashflowsFromFinancingActivities": -15959000, "totalCashFromFinancingActivities": -1148529000, "changeInCash": -126436000}], "maxAge": 86400}, "institutionOwnership": {"ownershipList": [], "maxAge": 1}, "balanceSheetHistoryQuarterly": {"balanceSheetStatements": [{"maxAge": 1, "endDate": "2020-06-30", "totalStockholderEquity": 42481156000, "netTangibleAssets": 38963444000}, {"maxAge": 1, "endDate": "2020-03-31", "cash": 962495000, "shortTermInvestments": 10264020000, "netReceivables": 1519208000, "inventory": 951180000, "otherCurrentAssets": 2489476000, "totalCurrentAssets": 16186379000, "longTermInvestments": 10530419000, "propertyPlantEquipment": 16201055000, "intangibleAssets": 3517712000, "otherAssets": 5672690000, "totalAssets": 52108255000, "accountsPayable": 1368352000, "otherCurrentLiab": 1432885000, "otherLiab": 6661156000, "totalCurrentLiabilities": 2965943000, "totalLiab": 9627099000, "commonStock": 636000000, "treasuryStock": 41845156000, "otherStockholderEquity": 41845156000, "totalStockholderEquity": 42481156000, "netTangibleAssets": 38963444000}, {"maxAge": 1, "endDate": "2019-12-31", "totalStockholderEquity": 43137303000, "netTangibleAssets": 39594097000}, {"maxAge": 1, "endDate": "2019-09-30", "cash": 453343000, "shortTermInvestments": 10417381000, "netReceivables": 1174364000, "inventory": 947719000, "otherCurrentAssets": 1751974000, "totalCurrentAssets": 14744781000, "longTermInvestments": 11870674000, "propertyPlantEquipment": 16561640000, "intangibleAssets": 3543206000, "otherAssets": 4828455000, "totalAssets": 51548756000, "accountsPayable": 698474000, "otherCurrentLiab": 1325205000, "otherLiab": 6280253000, "totalCurrentLiabilities": 2131200000, "totalLiab": 8411453000, "commonStock": 636000000, "treasuryStock": 42501303000, "otherStockholderEquity": 42501303000, "totalStockholderEquity": 43137303000, "netTangibleAssets": 39594097000}], "maxAge": 86400}, "earningsHistory": {"history": [{"maxAge": 1, "epsActual": 3.55, "epsEstimate": 1.6, "epsDifference": 1.95, "surprisePercent": 1.219, "quarter": "2017-09-30", "period": "-4q"}, {"maxAge": 1, "epsActual": 2.47, "epsEstimate": 2.73, "epsDifference": -0.26, "surprisePercent": -0.095, "quarter": "2017-12-31", "period": "-3q"}, {"maxAge": 1, "epsActual": 3.15, "epsEstimate": 3.47, "epsDifference": -0.32, "surprisePercent": -0.092, "quarter": "2018-03-31", "period": "-2q"}, {"maxAge": 1, "epsActual": 5.87, "epsEstimate": 4.74, "epsDifference": 1.13, "surprisePercent": 0.23799999, "quarter": "2018-06-30", "period": "-1q"}], "maxAge": 86400}, "indexTrend": {"maxAge": 1, "symbol": "SP5", "peRatio": 19.7411, "pegRatio": 1.34172, "estimates": [{"period": "0q", "growth": 0.549}, {"period": "+1q", "growth": 0.431}, {"period": "0y", "growth": 0.305}, {"period": "+1y", "growth": 0.109}, {"period": "+5y", "growth": 0.120865}, {"period": "-5y"}]}, "industryTrend": {"maxAge": 1, "symbol": null, "estimates": []}, "quoteType": {"exchange": "BSE", "quoteType": "EQUITY", "symbol": "GMDCLTD.BO", "underlyingSymbol": "GMDCLTD.BO", "shortName": "GUJARAT MINERAL DEVELOPMENT CO", "longName": "Gujarat Mineral Development Corporation Limited", "firstTradeDateEpochUtc": "2002-07-01 09:15:00", "timeZoneFullName": "Asia/Kolkata", "timeZoneShortName": "IST", "uuid": "f40ba519-624c-382a-8824-320ffc2c0296", "gmtOffSetMilliseconds": 19800000, "maxAge": 1}, "incomeStatementHistory": {"incomeStatementHistory": [{"maxAge": 1, "endDate": "2020-03-31", "totalRevenue": 15209485000, "costOfRevenue": 16144000, "grossProfit": 15193341000, "researchDevelopment": {}, "sellingGeneralAdministrative": 1444859000, "nonRecurring": {}, "otherOperatingExpenses": 11916377000, "totalOperatingExpenses": 14293173000, "operatingIncome": 916312000, "totalOtherIncomeExpenseNet": 1707535000, "ebit": 916312000, "interestExpense": -18814000, "incomeBeforeTax": 2623847000, "incomeTaxExpense": 583206000, "minorityInterest": {}, "netIncomeFromContinuingOps": 2040641000, "discontinuedOperations": {}, "extraordinaryItems": {}, "effectOfAccountingCharges": {}, "otherItems": {}, "netIncome": 2040641000, "netIncomeApplicableToCommonShares": 2040641000}, {"maxAge": 1, "endDate": "2019-03-31", "totalRevenue": 18796782000, "costOfRevenue": 41746000, "grossProfit": 18755036000, "researchDevelopment": {}, "sellingGeneralAdministrative": 1321496000, "nonRecurring": {}, "otherOperatingExpenses": 11850991000, "totalOperatingExpenses": 14175606000, "operatingIncome": 4621176000, "totalOtherIncomeExpenseNet": -736643000, "ebit": 4621176000, "interestExpense": -13000, "incomeBeforeTax": 3884533000, "incomeTaxExpense": 1685140000, "minorityInterest": {}, "netIncomeFromContinuingOps": 2199393000, "discontinuedOperations": {}, "extraordinaryItems": {}, "effectOfAccountingCharges": {}, "otherItems": {}, "netIncome": 2199393000, "netIncomeApplicableToCommonShares": 2199393000}, {"maxAge": 1, "endDate": "2018-03-31", "totalRevenue": 20509296000, "costOfRevenue": -6681000, "grossProfit": 20515977000, "researchDevelopment": {}, "sellingGeneralAdministrative": 1971680000, "nonRecurring": {}, "otherOperatingExpenses": 13018468000, "totalOperatingExpenses": 16173734000, "operatingIncome": 4335562000, "totalOtherIncomeExpenseNet": 354493000, "ebit": 4335562000, "interestExpense": -906000, "incomeBeforeTax": 4690055000, "incomeTaxExpense": 1223218000, "minorityInterest": {}, "netIncomeFromContinuingOps": 3466837000, "discontinuedOperations": {}, "extraordinaryItems": {}, "effectOfAccountingCharges": {}, "otherItems": {}, "netIncome": 3466837000, "netIncomeApplicableToCommonShares": 3466837000}, {"maxAge": 1, "endDate": "2017-03-31", "totalRevenue": 15366520000, "costOfRevenue": -646894000, "grossProfit": 16013414000, "researchDevelopment": {}, "sellingGeneralAdministrative": 1124478000, "nonRecurring": {}, "otherOperatingExpenses": 10414158000, "totalOperatingExpenses": 12404317000, "operatingIncome": 2962203000, "totalOtherIncomeExpenseNet": 1505881000, "ebit": 2962203000, "interestExpense": -198000, "incomeBeforeTax": 4468084000, "incomeTaxExpense": 1217507000, "minorityInterest": {}, "netIncomeFromContinuingOps": 3250577000, "discontinuedOperations": {}, "extraordinaryItems": {}, "effectOfAccountingCharges": {}, "otherItems": {}, "netIncome": 3250577000, "netIncomeApplicableToCommonShares": 3250577000}], "maxAge": 86400}, "fundOwnership": {"ownershipList": [], "maxAge": 1}, "summaryDetail": {"maxAge": 1, "priceHint": 2, "previousClose": 57.7, "open": 57.1, "dayLow": 56.85, "dayHigh": 59.8, "regularMarketPreviousClose": 57.7, "regularMarketOpen": 57.1, "regularMarketDayLow": 56.85, "regularMarketDayHigh": 59.8, "trailingPE": 7.6278887, "forwardPE": 6.1197915, "volume": 120203, "regularMarketVolume": 120203, "averageVolume": 210399, "averageVolume10days": 72852, "averageDailyVolume10Day": 72852, "bid": 58.75, "ask": 0.0, "bidSize": 0, "askSize": 0, "marketCap": 18682499072, "fiftyTwoWeekLow": 29.5, "fiftyTwoWeekHigh": 67.45, "fiftyDayAverage": 56.390907, "twoHundredDayAverage": 47.696323, "trailingAnnualDividendRate": 2.0, "trailingAnnualDividendYield": 0.034662046, "currency": "INR", "fromCurrency": null, "lastMarket": null, "algorithm": null, "tradeable": false}, "sectorTrend": {"maxAge": 1, "symbol": null, "estimates": []}, "incomeStatementHistoryQuarterly": {"incomeStatementHistory": [{"maxAge": 1, "endDate": "2020-06-30", "totalRevenue": 2401056000, "costOfRevenue": 10300000, "grossProfit": 2390756000, "researchDevelopment": {}, "sellingGeneralAdministrative": 335008000, "nonRecurring": {}, "otherOperatingExpenses": 2065989000, "totalOperatingExpenses": 2631148000, "operatingIncome": -230092000, "totalOtherIncomeExpenseNet": 351906000, "ebit": -230092000, "interestExpense": -4605000, "incomeBeforeTax": 121814000, "incomeTaxExpense": -1239269000, "minorityInterest": {}, "netIncomeFromContinuingOps": 1361083000, "discontinuedOperations": {}, "extraordinaryItems": {}, "effectOfAccountingCharges": {}, "otherItems": {}, "netIncome": 1361083000, "netIncomeApplicableToCommonShares": 1361083000}, {"maxAge": 1, "endDate": "2020-03-31", "totalRevenue": 4120213000, "costOfRevenue": 8293000, "grossProfit": 4111920000, "researchDevelopment": {}, "sellingGeneralAdministrative": 355237000, "nonRecurring": {}, "otherOperatingExpenses": 3442103000, "totalOperatingExpenses": 4041051000, "operatingIncome": 79162000, "totalOtherIncomeExpenseNet": 551802000, "ebit": 79162000, "interestExpense": -7324000, "incomeBeforeTax": 630964000, "incomeTaxExpense": 224988000, "minorityInterest": {}, "netIncomeFromContinuingOps": 405976000, "discontinuedOperations": {}, "extraordinaryItems": {}, "effectOfAccountingCharges": {}, "otherItems": {}, "netIncome": 405976000, "netIncomeApplicableToCommonShares": 405976000}, {"maxAge": 1, "endDate": "2019-12-31", "totalRevenue": 3396615000, "costOfRevenue": -20628000, "grossProfit": 3417243000, "researchDevelopment": {}, "sellingGeneralAdministrative": 361580000, "nonRecurring": {}, "otherOperatingExpenses": 2933489000, "totalOperatingExpenses": 3498627000, "operatingIncome": -102012000, "totalOtherIncomeExpenseNet": 398120000, "ebit": -102012000, "interestExpense": -3760000, "incomeBeforeTax": 296108000, "incomeTaxExpense": 13752000, "minorityInterest": {}, "netIncomeFromContinuingOps": 282356000, "discontinuedOperations": {}, "extraordinaryItems": {}, "effectOfAccountingCharges": {}, "otherItems": {}, "netIncome": 282356000, "netIncomeApplicableToCommonShares": 282356000}, {"maxAge": 1, "endDate": "2019-09-30", "totalRevenue": 2644150000, "costOfRevenue": -32991000, "grossProfit": 2677141000, "researchDevelopment": {}, "sellingGeneralAdministrative": 404476000, "nonRecurring": {}, "otherOperatingExpenses": 2005807000, "totalOperatingExpenses": 2598672000, "operatingIncome": 45478000, "totalOtherIncomeExpenseNet": 403258000, "ebit": 45478000, "interestExpense": -3851000, "incomeBeforeTax": 448736000, "incomeTaxExpense": 58747000, "minorityInterest": {}, "netIncomeFromContinuingOps": 389989000, "discontinuedOperations": {}, "extraordinaryItems": {}, "effectOfAccountingCharges": {}, "otherItems": {}, "netIncome": 389989000, "netIncomeApplicableToCommonShares": 389989000}], "maxAge": 86400}, "cashflowStatementHistoryQuarterly": {"cashflowStatements": [{"maxAge": 1, "endDate": "2020-06-30", "netIncome": 1361083000, "changeToLiabilities": 0}, {"maxAge": 1, "endDate": "2020-03-31", "netIncome": 405976000, "changeToLiabilities": 0}, {"maxAge": 1, "endDate": "2019-12-31", "netIncome": 282356000, "changeToLiabilities": 0}, {"maxAge": 1, "endDate": "2019-09-30", "netIncome": 389989000, "changeToLiabilities": 0}], "maxAge": 86400}, "insiderHolders": {"holders": [], "maxAge": 1}, "earnings": {"maxAge": 86400, "earningsChart": {"quarterly": [{"date": "3Q2017", "actual": 3.55, "estimate": 1.6}, {"date": "4Q2017", "actual": 2.47, "estimate": 2.73}, {"date": "1Q2018", "actual": 3.15, "estimate": 3.47}, {"date": "2Q2018", "actual": 5.87, "estimate": 4.74}], "currentQuarterEstimateDate": "3Q", "currentQuarterEstimateYear": 2018, "earningsDate": ["2020-08-26 05:30:S"]}, "financialsChart": {"yearly": [{"date": 2017, "revenue": 15366520000, "earnings": 3250577000}, {"date": 2018, "revenue": 20509296000, "earnings": 3466837000}, {"date": 2019, "revenue": 18796782000, "earnings": 2199393000}, {"date": 2020, "revenue": 15209485000, "earnings": 2040641000}], "quarterly": [{"date": "3Q2019", "revenue": 2644150000, "earnings": 389989000}, {"date": "4Q2019", "revenue": 3396615000, "earnings": 282356000}, {"date": "1Q2020", "revenue": 4120213000, "earnings": 405976000}, {"date": "2Q2020", "revenue": 2401056000, "earnings": 1361083000}]}, "financialCurrency": "INR"}, "calendarEvents": {"maxAge": 1, "earnings": {"earningsDate": ["2020-08-26 05:30:S"], "revenueAverage": 2939720000, "revenueLow": 2924000000, "revenueHigh": 4499000000}}, "upgradeDowngradeHistory": {"history": [], "maxAge": 86400}, "price": {"maxAge": 1, "regularMarketChangePercent": 0.01819756, "regularMarketChange": 1.0499992, "regularMarketTime": "2021-04-30 15:50:38", "priceHint": 2, "regularMarketPrice": 58.75, "regularMarketDayHigh": 59.8, "regularMarketDayLow": 56.85, "regularMarketVolume": 120203, "averageDailyVolume10Day": 72852, "averageDailyVolume3Month": 210399, "regularMarketPreviousClose": 57.7, "regularMarketSource": "FREE_REALTIME", "regularMarketOpen": 57.1, "exchange": "BSE", "exchangeName": "BSE", "exchangeDataDelayedBy": 0, "marketState": "CLOSED", "quoteType": "EQUITY", "symbol": "GMDCLTD.BO", "underlyingSymbol": null, "shortName": "GUJARAT MINERAL DEVELOPMENT CO", "longName": "Gujarat Mineral Development Corporation Limited", "currency": "INR", "quoteSourceName": "Delayed Quote", "currencySymbol": "\u20b9", "fromCurrency": null, "lastMarket": null, "marketCap": 18682499072}, "balanceSheetHistory": {"balanceSheetStatements": [{"maxAge": 1, "endDate": "2020-03-31", "cash": 962495000, "shortTermInvestments": 10264020000, "netReceivables": 1519208000, "inventory": 951180000, "otherCurrentAssets": 2489476000, "totalCurrentAssets": 16186379000, "longTermInvestments": 10530419000, "propertyPlantEquipment": 16201055000, "intangibleAssets": 3517712000, "otherAssets": 5672690000, "totalAssets": 52108255000, "accountsPayable": 1368352000, "otherCurrentLiab": 1432885000, "otherLiab": 6661156000, "totalCurrentLiabilities": 2965943000, "totalLiab": 9627099000, "commonStock": 636000000, "treasuryStock": 41845156000, "otherStockholderEquity": 41845156000, "totalStockholderEquity": 42481156000, "netTangibleAssets": 38963444000}, {"maxAge": 1, "endDate": "2019-03-31", "cash": 467636000, "shortTermInvestments": 198325000, "netReceivables": 1582202000, "inventory": 981343000, "otherCurrentAssets": 11769517000, "totalCurrentAssets": 15038792000, "longTermInvestments": 4342283000, "propertyPlantEquipment": 16825944000, "intangibleAssets": 3577616000, "otherAssets": 12282330000, "totalAssets": 52066965000, "accountsPayable": 1095999000, "otherCurrentLiab": 1258610000, "otherLiab": 6433924000, "totalCurrentLiabilities": 2461989000, "totalLiab": 8895913000, "commonStock": 636000000, "retainedEarnings": 39604778000, "treasuryStock": 2930274000, "otherStockholderEquity": 2930274000, "totalStockholderEquity": 43171052000, "netTangibleAssets": 39593436000}, {"maxAge": 1, "endDate": "2018-03-31", "cash": 559970000, "shortTermInvestments": 185922000, "netReceivables": 1241836000, "inventory": 724300000, "otherCurrentAssets": 11929414000, "totalCurrentAssets": 14669190000, "longTermInvestments": 7822268000, "propertyPlantEquipment": 17434006000, "intangibleAssets": 3210888000, "otherAssets": 10764712000, "totalAssets": 53901064000, "accountsPayable": 1098828000, "otherCurrentLiab": 2835740000, "otherLiab": 6271769000, "totalCurrentLiabilities": 4117902000, "totalLiab": 10389671000, "commonStock": 636000000, "retainedEarnings": 38674743000, "treasuryStock": 4200650000, "otherStockholderEquity": 4200650000, "totalStockholderEquity": 43511393000, "netTangibleAssets": 40300505000}, {"maxAge": 1, "endDate": "2017-03-31", "cash": 496956000, "shortTermInvestments": 191116000, "netReceivables": 1325345000, "inventory": 688415000, "otherCurrentAssets": 11682017000, "totalCurrentAssets": 14411659000, "longTermInvestments": 6576079000, "propertyPlantEquipment": 17860123000, "intangibleAssets": 1915137000, "otherAssets": 10378446000, "totalAssets": 51141444000, "accountsPayable": 971011000, "otherCurrentLiab": 3314585000, "otherLiab": 6763102000, "totalCurrentLiabilities": 4372677000, "totalLiab": 11135779000, "commonStock": 636000000, "retainedEarnings": 36236630000, "treasuryStock": 3133035000, "otherStockholderEquity": 3133035000, "totalStockholderEquity": 40005665000, "netTangibleAssets": 38090528000}], "maxAge": 86400}, "earningsTrend": {"trend": [{"maxAge": 1, "period": "0q", "endDate": "2018-09-30", "growth": {}, "earningsEstimate": {"avg": 0.0, "low": 0.0, "high": 0.0, "yearAgoEps": 3.55, "numberOfAnalysts": 0, "growth": {}}, "revenueEstimate": {"avg": 2939720000, "low": 2924000000, "high": 4499000000, "numberOfAnalysts": 2, "yearAgoRevenue": 3457440000, "growth": -0.15}, "epsTrend": {"current": 0.0, "7daysAgo": 2.27, "30daysAgo": 2.27, "60daysAgo": 2.27, "90daysAgo": 2.27}, "epsRevisions": {"upLast7days": 0, "upLast30days": 0, "downLast30days": 0, "downLast90days": {}}}, {"maxAge": 1, "period": "+1q", "endDate": "2018-12-31", "growth": {}, "earningsEstimate": {"avg": 0.0, "low": 0.0, "high": 0.0, "yearAgoEps": 2.47, "numberOfAnalysts": 0, "growth": {}}, "revenueEstimate": {"avg": 4786000000, "low": 4786000000, "high": 4786000000, "numberOfAnalysts": 1, "yearAgoRevenue": 5060630000, "growth": -0.054}, "epsTrend": {"current": 0.0, "7daysAgo": 3.06, "30daysAgo": 3.06, "60daysAgo": 3.06, "90daysAgo": 3.06}, "epsRevisions": {"upLast7days": 0, "upLast30days": 0, "downLast30days": 0, "downLast90days": {}}}, {"maxAge": 1, "period": "0y", "endDate": "2019-03-31", "growth": {}, "earningsEstimate": {"avg": 0.0, "low": 0.0, "high": 0.0, "yearAgoEps": {}, "numberOfAnalysts": 0, "growth": {}}, "revenueEstimate": {"avg": 20298000000, "low": 20298000000, "high": 20298000000, "numberOfAnalysts": 1, "yearAgoRevenue": 20699700000, "growth": -0.019}, "epsTrend": {"current": 0.0, "7daysAgo": 14.84, "30daysAgo": 14.84, "60daysAgo": 14.84, "90daysAgo": 14.84}, "epsRevisions": {"upLast7days": 0, "upLast30days": 0, "downLast30days": 0, "downLast90days": {}}}, {"maxAge": 1, "period": "+1y", "endDate": "2020-03-31", "growth": {}, "earningsEstimate": {"avg": 0.0, "low": 0.0, "high": 0.0, "yearAgoEps": {}, "numberOfAnalysts": 0, "growth": {}}, "revenueEstimate": {"avg": 21909000000, "low": 20298000000, "high": 23520000000, "numberOfAnalysts": 2, "yearAgoRevenue": 20298000000, "growth": 0.079}, "epsTrend": {"current": 0.0, "7daysAgo": 16.05, "30daysAgo": 16.05, "60daysAgo": 16.05, "90daysAgo": 16.05}, "epsRevisions": {"upLast7days": 0, "upLast30days": 0, "downLast30days": 0, "downLast90days": {}}}, {"maxAge": 1, "period": "+5y", "endDate": null, "growth": 0.19399999, "earningsEstimate": {"avg": {}, "low": {}, "high": {}, "yearAgoEps": {}, "numberOfAnalysts": {}, "growth": {}}, "revenueEstimate": {"avg": {}, "low": {}, "high": {}, "numberOfAnalysts": {}, "yearAgoRevenue": {}, "growth": {}}, "epsTrend": {"current": {}, "7daysAgo": {}, "30daysAgo": {}, "60daysAgo": {}, "90daysAgo": {}}, "epsRevisions": {"upLast7days": {}, "upLast30days": {}, "downLast30days": {}, "downLast90days": {}}}, {"maxAge": 1, "period": "-5y", "endDate": null, "growth": {}, "earningsEstimate": {"avg": {}, "low": {}, "high": {}, "yearAgoEps": {}, "numberOfAnalysts": {}, "growth": {}}, "revenueEstimate": {"avg": {}, "low": {}, "high": {}, "numberOfAnalysts": {}, "yearAgoRevenue": {}, "growth": {}}, "epsTrend": {"current": {}, "7daysAgo": {}, "30daysAgo": {}, "60daysAgo": {}, "90daysAgo": {}}, "epsRevisions": {"upLast7days": {}, "upLast30days": {}, "downLast30days": {}, "downLast90days": {}}}], "maxAge": 1}, "financialData": {"maxAge": 86400, "currentPrice": 58.75, "targetHighPrice": 180.0, "targetLowPrice": 111.0, "targetMeanPrice": 154.25, "targetMedianPrice": 163.0, "recommendationKey": "none", "numberOfAnalystOpinions": 4, "grossProfits": 15193341000, "financialCurrency": "INR"}}}