{"GMMPFAUDLR.NS": {"assetProfile": {"address1": "902 Lodha Excelus", "address2": "New Cuffe Parade Sewri-Chembur Road", "city": "Mumbai", "zip": "400022", "country": "India", "phone": "91 22 6650 3900", "website": "http://www.gmmpfaudler.com", "industry": "Specialty Industrial Machinery", "sector": "Industrials", "longBusinessSummary": "GMM Pfaudler Limited manufactures and sells corrosion resistant glass-lined equipment used primarily in the chemical, pharmaceutical, and allied industries in India and internationally. The company operates through five segments: Glass Lined Equipment, Heavy Engineering, Mixing Systems, Engineered Systems, and Filtration & Drying. The company's products include glass lined equipment comprising glass lined reactors, columns and vessels, conical dryer-blenders, pipes and fittings, glass steel, and polytetrafluoroethylene lined pipes and fittings, as well as accessories under the Glasteel name; and filtration and drying equipment, such as agitated nutsche filters and filter dryers, centrifugal disc filters, spherical dryers, and vacuum paddle dryers under the Mavazwag, Funda, Mavasphere, and Mavapad names. It also offers mixing systems; and heavy engineering products comprising heat exchangers, as well as pressure vessels, which include Cr-Mo reactors, agitated reactors, column towers with internals, digesters, and scrubbers. In addition, the company provides engineered systems, such as wiped film evaporators for use in the food processing, pharmaceutical, fine chemicals, polymers and resins, fats and oils, and petrochemical industries; and temperature control units for heating and cooling applications for the pharmaceutical, chemical, biotech, food, flavor and fragrance, and nutraceutical industries. Further, it offers glass thickness measurement, glass integrity checks, and high voltage spark and conductivity tests, as well as preventive maintenance services; and operates acid concentration plants to recover the acid for further use. The company was formerly known as Gujarat Machinery Manufacturers Limited and changed its name to GMM Pfaudler Limited in 1999. The company was founded in 1962 and is based in Mumbai, India. GMM Pfaudler Limited is a subsidiary of Pfaudler Inc.", "fullTimeEmployees": 536, "companyOfficers": [{"maxAge": 1, "name": "Mr. Tarak Ashok Patel", "age": 45, "title": "MD & Exec. Director", "yearBorn": 1975, "fiscalYear": 2020, "totalPay": 42270000, "exercisedValue": 0, "unexercisedValue": 0}, {"maxAge": 1, "name": "Mr. Ashok C. Pillai", "title": "Chief Operating Officer", "fiscalYear": 2020, "totalPay": 11460000, "exercisedValue": 0, "unexercisedValue": 0}, {"maxAge": 1, "name": "Ms. Mittal K. Mehta", "title": "Compliance Officer & Company Sec.", "fiscalYear": 2020, "totalPay": 2260000, "exercisedValue": 0, "unexercisedValue": 0}, {"maxAge": 1, "name": "Mr. Manish  Poddar", "title": "CFO & Chief Integration Officer", "exercisedValue": 0, "unexercisedValue": 0}], "compensationAsOfEpochDate": "2020-12-31 05:30:00", "maxAge": 86400}, "cashflowStatementHistory": {"cashflowStatements": [{"maxAge": 1, "endDate": "2020-03-31", "netIncome": 711310000, "depreciation": 197720000, "changeToNetincome": 115770000, "changeToAccountReceivables": -655380000, "changeToLiabilities": -12130000, "changeToInventory": -103690000, "totalCashFromOperatingActivities": 267030000, "capitalExpenditures": -355960000, "investments": 124140000, "otherCashflowsFromInvestingActivities": 4730000, "totalCashflowsFromInvestingActivities": -497040000, "dividendsPaid": -65840000, "netBorrowings": 47120000, "otherCashflowsFromFinancingActivities": -27680000, "totalCashFromFinancingActivities": -46400000, "changeInCash": -276410000}, {"maxAge": 1, "endDate": "2019-03-31", "netIncome": 505810000, "depreciation": 94120000, "changeToNetincome": -19510000, "changeToAccountReceivables": -150200000, "changeToLiabilities": 22670000, "changeToInventory": -198140000, "totalCashFromOperatingActivities": 270370000, "capitalExpenditures": -162120000, "investments": 53780000, "otherCashflowsFromInvestingActivities": 4840000, "totalCashflowsFromInvestingActivities": -80610000, "dividendsPaid": -71850000, "netBorrowings": 47120000, "otherCashflowsFromFinancingActivities": -26440000, "totalCashFromFinancingActivities": -98290000, "changeInCash": 88500000}, {"maxAge": 1, "endDate": "2018-03-31", "netIncome": 426760000, "depreciation": 88550000, "changeToNetincome": -32980000, "changeToAccountReceivables": -18380000, "changeToLiabilities": 338010000, "changeToInventory": -133940000, "totalCashFromOperatingActivities": 677360000, "capitalExpenditures": -238720000, "investments": -18590000, "otherCashflowsFromInvestingActivities": 10410000, "totalCashflowsFromInvestingActivities": -242020000, "dividendsPaid": -58530000, "netBorrowings": 47120000, "otherCashflowsFromFinancingActivities": -22180000, "totalCashFromFinancingActivities": -80710000, "changeInCash": 354630000}, {"maxAge": 1, "endDate": "2017-03-31", "netIncome": 311220000, "depreciation": 72680000, "changeToNetincome": -39440000, "changeToAccountReceivables": -394360000, "changeToLiabilities": 378740000, "changeToInventory": -113900000, "totalCashFromOperatingActivities": 224600000, "capitalExpenditures": -144350000, "investments": -87710000, "otherCashflowsFromInvestingActivities": 16240000, "totalCashflowsFromInvestingActivities": -214510000, "dividendsPaid": -43720000, "netBorrowings": 47120000, "otherCashflowsFromFinancingActivities": -18820000, "totalCashFromFinancingActivities": -62540000, "changeInCash": -52450000}], "maxAge": 86400}, "institutionOwnership": {"ownershipList": [], "maxAge": 1}, "majorHoldersBreakdown": {"maxAge": 1, "insidersPercentHeld": 0.6062, "institutionsPercentHeld": 0.10221, "institutionsFloatPercentHeld": 0.25954, "institutionsCount": 25}, "balanceSheetHistoryQuarterly": {"balanceSheetStatements": [{"maxAge": 1, "endDate": "2020-12-31", "totalStockholderEquity": 3820810000, "netTangibleAssets": 3436760000}, {"maxAge": 1, "endDate": "2020-09-30", "cash": 1508370000, "shortTermInvestments": 715980000, "netReceivables": 894620000, "inventory": 977310000, "otherCurrentAssets": 737540000, "totalCurrentAssets": 4833820000, "longTermInvestments": 4600000, "propertyPlantEquipment": 1212640000, "goodWill": 200400000, "intangibleAssets": 183650000, "otherAssets": 40790000, "deferredLongTermAssetCharges": 4590000, "totalAssets": 6475900000, "accountsPayable": 872110000, "otherCurrentLiab": 947090000, "longTermDebt": 405880000, "otherLiab": 223390000, "minorityInterest": 180000, "totalCurrentLiabilities": 1877580000, "totalLiab": 2654910000, "commonStock": 29230000, "treasuryStock": 3791580000, "otherStockholderEquity": 3791580000, "totalStockholderEquity": 3820810000, "netTangibleAssets": 3436760000}, {"maxAge": 1, "endDate": "2020-06-30", "totalStockholderEquity": 3429270000, "netTangibleAssets": 3046250000}, {"maxAge": 1, "endDate": "2020-03-31", "cash": 477750000, "netReceivables": 1336450000, "inventory": 1258240000, "otherCurrentAssets": 451380000, "totalCurrentAssets": 3899430000, "longTermInvestments": 4700000, "propertyPlantEquipment": 1107660000, "goodWill": 198080000, "intangibleAssets": 184940000, "otherAssets": 40120000, "totalAssets": 5434930000, "accountsPayable": 641520000, "otherCurrentLiab": 672470000, "otherLiab": 184460000, "totalCurrentLiabilities": 1644610000, "totalLiab": 2005660000, "commonStock": 29230000, "retainedEarnings": 3005140000, "treasuryStock": 245620000, "capitalSurplus": 149280000, "otherStockholderEquity": 245620000, "totalStockholderEquity": 3429270000, "netTangibleAssets": 3046250000}], "maxAge": 86400}, "indexTrend": {"maxAge": 1, "symbol": "SP5", "peRatio": 19.7411, "pegRatio": 1.34172, "estimates": [{"period": "0q", "growth": 0.549}, {"period": "+1q", "growth": 0.431}, {"period": "0y", "growth": 0.305}, {"period": "+1y", "growth": 0.109}, {"period": "+5y", "growth": 0.120865}, {"period": "-5y"}]}, "defaultKeyStatistics": {"maxAge": 1, "priceHint": 2, "enterpriseValue": 60059193344, "profitMargins": 0.119849995, "floatShares": 5863488, "sharesOutstanding": 14617500, "heldPercentInsiders": 0.6062, "heldPercentInstitutions": 0.10221, "beta": 0.158063, "category": null, "bookValue": 261.36, "priceToBook": 15.896848, "fundFamily": null, "legalType": null, "lastFiscalYearEnd": "2020-03-31 05:30:00", "nextFiscalYearEnd": "2022-03-31 05:30:00", "mostRecentQuarter": "2020-12-31 05:30:00", "earningsQuarterlyGrowth": 0.1, "netIncomeToCommon": 808120000, "trailingEps": 55.28, "lastSplitFactor": null, "enterpriseToRevenue": 8.907, "enterpriseToEbitda": 49.416}, "summaryProfile": {"address1": "902 Lodha Excelus", "address2": "New Cuffe Parade Sewri-Chembur Road", "city": "Mumbai", "zip": "400022", "country": "India", "phone": "91 22 6650 3900", "website": "http://www.gmmpfaudler.com", "industry": "Specialty Industrial Machinery", "sector": "Industrials", "longBusinessSummary": "GMM Pfaudler Limited manufactures and sells corrosion resistant glass-lined equipment used primarily in the chemical, pharmaceutical, and allied industries in India and internationally. The company operates through five segments: Glass Lined Equipment, Heavy Engineering, Mixing Systems, Engineered Systems, and Filtration & Drying. The company's products include glass lined equipment comprising glass lined reactors, columns and vessels, conical dryer-blenders, pipes and fittings, glass steel, and polytetrafluoroethylene lined pipes and fittings, as well as accessories under the Glasteel name; and filtration and drying equipment, such as agitated nutsche filters and filter dryers, centrifugal disc filters, spherical dryers, and vacuum paddle dryers under the Mavazwag, Funda, Mavasphere, and Mavapad names. It also offers mixing systems; and heavy engineering products comprising heat exchangers, as well as pressure vessels, which include Cr-Mo reactors, agitated reactors, column towers with internals, digesters, and scrubbers. In addition, the company provides engineered systems, such as wiped film evaporators for use in the food processing, pharmaceutical, fine chemicals, polymers and resins, fats and oils, and petrochemical industries; and temperature control units for heating and cooling applications for the pharmaceutical, chemical, biotech, food, flavor and fragrance, and nutraceutical industries. Further, it offers glass thickness measurement, glass integrity checks, and high voltage spark and conductivity tests, as well as preventive maintenance services; and operates acid concentration plants to recover the acid for further use. The company was formerly known as Gujarat Machinery Manufacturers Limited and changed its name to GMM Pfaudler Limited in 1999. The company was founded in 1962 and is based in Mumbai, India. GMM Pfaudler Limited is a subsidiary of Pfaudler Inc.", "fullTimeEmployees": 536, "companyOfficers": [], "maxAge": 86400}, "netSharePurchaseActivity": {"maxAge": 1, "period": "6m", "buyInfoCount": 0, "buyInfoShares": 0, "sellInfoCount": 0, "netInfoCount": 0, "netInfoShares": 0, "netPercentInsiderShares": 0.0, "totalInsiderShares": 8859316}, "insiderTransactions": {"transactions": [{"maxAge": 1, "shares": 330000, "value": 15787464, "filerUrl": "", "transactionText": "Sale at price 47.84 per share.", "filerName": "Millars Machinery Company Pvt. Ltd.", "filerRelation": "Promoter", "moneyText": "", "startDate": "2020-09-23", "ownership": "D"}, {"maxAge": 1, "shares": 5321, "value": 254505, "filerUrl": "", "transactionText": "Sale at price 47.83 per share.", "filerName": "Patel (Urmi Ashok)", "filerRelation": "UNREPORTED", "moneyText": "", "startDate": "2020-09-23", "ownership": "D"}, {"maxAge": 1, "shares": 2595739, "value": 124189238, "filerUrl": "", "transactionText": "Sale at price 47.84 per share.", "filerName": "Pfaudler, Inc.", "filerRelation": "Promoter", "moneyText": "", "startDate": "2020-09-23", "ownership": "D"}, {"maxAge": 1, "shares": 320, "value": 24396, "filerUrl": "", "transactionText": "Sale at price 76.24 per share.", "filerName": "Advani (Kavita Anil)", "filerRelation": "UNREPORTED", "moneyText": "", "startDate": "2020-09-02", "ownership": "D"}, {"maxAge": 1, "shares": 491375, "filerUrl": "", "transactionText": "", "filerName": "Patel (Ashok Jethabhai)", "filerRelation": "Director (Non-Executive)", "moneyText": "", "startDate": "2017-05-24", "ownership": "D"}, {"maxAge": 1, "shares": 491375, "filerUrl": "", "transactionText": "", "filerName": "Patel (Urmi Ashok)", "filerRelation": "UNREPORTED", "moneyText": "", "startDate": "2017-05-24", "ownership": "D"}, {"maxAge": 1, "shares": 4010, "filerUrl": "", "transactionText": "", "filerName": "Millars Machinery Company Pvt. Ltd.", "filerRelation": "Promoter", "moneyText": "", "startDate": "2017-03-28", "ownership": "D"}, {"maxAge": 1, "shares": 4010, "filerUrl": "", "transactionText": "", "filerName": "Uttarak Enterprises Pvt Ltd", "filerRelation": "Institution- Corporation", "moneyText": "", "startDate": "2017-03-28", "ownership": "D"}, {"maxAge": 1, "shares": 0, "filerUrl": "", "transactionText": "", "filerName": "Pfaudler, Inc.", "filerRelation": "Promoter", "moneyText": "", "startDate": "2016-04-21", "ownership": "I"}, {"maxAge": 1, "shares": 242472, "filerUrl": "", "transactionText": "", "filerName": "Pfaudler, Inc.", "filerRelation": "Promoter", "moneyText": "", "startDate": "2014-12-12", "ownership": "D"}, {"maxAge": 1, "shares": 375, "filerUrl": "", "transactionText": "", "filerName": "Patel (Amrita H)", "filerRelation": "Additonal Director", "moneyText": "", "startDate": "2014-12-11", "ownership": "D"}], "maxAge": 1}, "quoteType": {"exchange": "NSI", "quoteType": "EQUITY", "symbol": "GMMPFAUDLR.NS", "underlyingSymbol": "GMMPFAUDLR.NS", "shortName": "GMM PFAUDLER LTD", "longName": "GMM Pfaudler Limited", "firstTradeDateEpochUtc": "2018-03-05 09:15:00", "timeZoneFullName": "Asia/Kolkata", "timeZoneShortName": "IST", "uuid": "bf62928b-8972-38c7-a4f9-e0aa01bdfdd5", "gmtOffSetMilliseconds": 19800000, "maxAge": 1}, "incomeStatementHistory": {"incomeStatementHistory": [{"maxAge": 1, "endDate": "2020-03-31", "totalRevenue": 5910720000, "costOfRevenue": 2988750000, "grossProfit": 2921970000, "researchDevelopment": {}, "sellingGeneralAdministrative": 923390000, "nonRecurring": {}, "otherOperatingExpenses": 876760000, "totalOperatingExpenses": 5000060000, "operatingIncome": 910660000, "totalOtherIncomeExpenseNet": 12220000, "ebit": 910660000, "interestExpense": -23710000, "incomeBeforeTax": 922880000, "incomeTaxExpense": 211570000, "minorityInterest": {}, "netIncomeFromContinuingOps": 711310000, "discontinuedOperations": {}, "extraordinaryItems": {}, "effectOfAccountingCharges": {}, "otherItems": {}, "netIncome": 711310000, "netIncomeApplicableToCommonShares": 711310000}, {"maxAge": 1, "endDate": "2019-03-31", "totalRevenue": 5026430000, "costOfRevenue": 2753200000, "grossProfit": 2273230000, "researchDevelopment": {}, "sellingGeneralAdministrative": 798500000, "nonRecurring": {}, "otherOperatingExpenses": 700320000, "totalOperatingExpenses": 4366510000, "operatingIncome": 659920000, "totalOtherIncomeExpenseNet": 72780000, "ebit": 659920000, "interestExpense": -1720000, "incomeBeforeTax": 732700000, "incomeTaxExpense": 226890000, "minorityInterest": {}, "netIncomeFromContinuingOps": 505810000, "discontinuedOperations": {}, "extraordinaryItems": {}, "effectOfAccountingCharges": {}, "otherItems": {}, "netIncome": 505810000, "netIncomeApplicableToCommonShares": 505810000}, {"maxAge": 1, "endDate": "2018-03-31", "totalRevenue": 4056990000, "costOfRevenue": 2122480000, "grossProfit": 1934510000, "researchDevelopment": {}, "sellingGeneralAdministrative": 690850000, "nonRecurring": {}, "otherOperatingExpenses": 620960000, "totalOperatingExpenses": 3534110000, "operatingIncome": 522880000, "totalOtherIncomeExpenseNet": 83630000, "ebit": 522880000, "interestExpense": -3970000, "incomeBeforeTax": 606510000, "incomeTaxExpense": 179750000, "minorityInterest": {}, "netIncomeFromContinuingOps": 426760000, "discontinuedOperations": {}, "extraordinaryItems": {}, "effectOfAccountingCharges": {}, "otherItems": {}, "netIncome": 426760000, "netIncomeApplicableToCommonShares": 426760000}, {"maxAge": 1, "endDate": "2017-03-31", "totalRevenue": 3530300000, "costOfRevenue": 1845190000, "grossProfit": 1685110000, "researchDevelopment": {}, "sellingGeneralAdministrative": 715570000, "nonRecurring": {}, "otherOperatingExpenses": 490670000, "totalOperatingExpenses": 3137570000, "operatingIncome": 392730000, "totalOtherIncomeExpenseNet": 47870000, "ebit": 392730000, "interestExpense": -3780000, "incomeBeforeTax": 440600000, "incomeTaxExpense": 129380000, "minorityInterest": {}, "netIncomeFromContinuingOps": 311220000, "discontinuedOperations": {}, "extraordinaryItems": {}, "effectOfAccountingCharges": {}, "otherItems": {}, "netIncome": 311220000, "netIncomeApplicableToCommonShares": 311220000}], "maxAge": 86400}, "fundOwnership": {"ownershipList": [{"maxAge": 1, "reportDate": "2021-03-31", "organization": "Neuberger & Berman Emerging Markets Equity Fund", "pctHeld": 0.0054, "position": 78387, "value": 337550099}, {"maxAge": 1, "reportDate": "2021-03-31", "organization": "iShares Core MSCI Emerging Markets ETF", "pctHeld": 0.0047, "position": 68578, "value": 295310583}, {"maxAge": 1, "reportDate": "2020-12-31", "organization": "Wasatch Emerging India Fund", "pctHeld": 0.003, "position": 44363, "value": 168013771}, {"maxAge": 1, "reportDate": "2021-01-31", "organization": "Investment Managers Ser Tr-EP Emerging Markets Small Companies Fd", "pctHeld": 0.002, "position": 28580, "value": 102134917}, {"maxAge": 1, "reportDate": "2021-03-31", "organization": "SEI Institutional International Tr-Emerging Markets Equity Fund", "pctHeld": 0.0018000001, "position": 25956, "value": 111771727}, {"maxAge": 1, "reportDate": "2021-03-31", "organization": "iShares MSCI India Small Cap ETF", "pctHeld": 0.0008, "position": 12235, "value": 52686357}, {"maxAge": 1, "reportDate": "2020-12-31", "organization": "College Retirement Equities Fund-Stock Account", "pctHeld": 0.0004, "position": 5900, "value": 22344775}, {"maxAge": 1, "reportDate": "2021-03-31", "organization": "VanEck Vectors ETF Tr-India Growth Leaders ETF", "pctHeld": 0.0002, "position": 2771, "value": 11932480}, {"maxAge": 1, "reportDate": "2021-03-31", "organization": "iShares MSCI Emerging Markets Small Cap ETF", "pctHeld": 0.0002, "position": 2310, "value": 9947322}, {"maxAge": 1, "reportDate": "2021-01-31", "organization": "DFA Emerging Markets Small Cap Series", "pctHeld": 0.0001, "position": 2017, "value": 7208052}], "maxAge": 1}, "summaryDetail": {"maxAge": 1, "priceHint": 2, "previousClose": 4219.85, "open": 4198.85, "dayLow": 4146.0, "dayHigh": 4217.0, "regularMarketPreviousClose": 4219.85, "regularMarketOpen": 4198.85, "regularMarketDayLow": 4146.0, "regularMarketDayHigh": 4217.0, "dividendRate": 4.0, "dividendYield": 0.00090000004, "exDividendDate": "2021-01-28 05:30:00", "payoutRatio": 0.0904, "beta": 0.158063, "trailingPE": 75.15919, "volume": 23962, "regularMarketVolume": 23962, "averageVolume": 93622, "averageVolume10days": 74946, "averageDailyVolume10Day": 74946, "bid": 0.0, "ask": 0.0, "bidSize": 0, "askSize": 0, "marketCap": 60793860096, "fiftyTwoWeekLow": 2552.2, "fiftyTwoWeekHigh": 6900.0, "priceToSalesTrailing12Months": 9.016048, "fiftyDayAverage": 4217.403, "twoHundredDayAverage": 3839.1638, "trailingAnnualDividendRate": 5.0, "trailingAnnualDividendYield": 0.0011848762, "currency": "INR", "fromCurrency": null, "lastMarket": null, "algorithm": null, "tradeable": false}, "incomeStatementHistoryQuarterly": {"incomeStatementHistory": [{"maxAge": 1, "endDate": "2020-12-31", "totalRevenue": 2018140000, "costOfRevenue": 1037880000, "grossProfit": 980260000, "researchDevelopment": {}, "sellingGeneralAdministrative": 287970000, "nonRecurring": {}, "otherOperatingExpenses": 272890000, "totalOperatingExpenses": 1707540000, "operatingIncome": 310600000, "totalOtherIncomeExpenseNet": 8960000, "ebit": 310600000, "interestExpense": -17780000, "incomeBeforeTax": 319560000, "incomeTaxExpense": 88460000, "minorityInterest": {}, "netIncomeFromContinuingOps": 231100000, "discontinuedOperations": {}, "extraordinaryItems": {}, "effectOfAccountingCharges": {}, "otherItems": {}, "netIncome": 231640000, "netIncomeApplicableToCommonShares": 231640000}, {"maxAge": 1, "endDate": "2020-09-30", "totalRevenue": 1862530000, "costOfRevenue": 914350000, "grossProfit": 948180000, "researchDevelopment": {}, "sellingGeneralAdministrative": 287450000, "nonRecurring": {}, "otherOperatingExpenses": 266390000, "totalOperatingExpenses": 1529510000, "operatingIncome": 333020000, "totalOtherIncomeExpenseNet": 2380000, "ebit": 333020000, "interestExpense": -17710000, "incomeBeforeTax": 335400000, "incomeTaxExpense": 66870000, "minorityInterest": 180000, "netIncomeFromContinuingOps": 268530000, "discontinuedOperations": {}, "extraordinaryItems": {}, "effectOfAccountingCharges": {}, "otherItems": {}, "netIncome": 268550000, "netIncomeApplicableToCommonShares": 268550000}, {"maxAge": 1, "endDate": "2020-06-30", "totalRevenue": 1544340000, "costOfRevenue": 822180000, "grossProfit": 722160000, "researchDevelopment": {}, "sellingGeneralAdministrative": 242830000, "nonRecurring": {}, "otherOperatingExpenses": 204390000, "totalOperatingExpenses": 1329150000, "operatingIncome": 215190000, "totalOtherIncomeExpenseNet": 15520000, "ebit": 215190000, "interestExpense": -11680000, "incomeBeforeTax": 230710000, "incomeTaxExpense": 38780000, "minorityInterest": 180000, "netIncomeFromContinuingOps": 191930000, "discontinuedOperations": {}, "extraordinaryItems": {}, "effectOfAccountingCharges": {}, "otherItems": {}, "netIncome": 191930000, "netIncomeApplicableToCommonShares": 191930000}, {"maxAge": 1, "endDate": "2020-03-31", "totalRevenue": 1317830000, "costOfRevenue": 724440000, "grossProfit": 593390000, "researchDevelopment": {}, "sellingGeneralAdministrative": 271860000, "nonRecurring": {}, "otherOperatingExpenses": 86350000, "totalOperatingExpenses": 1141360000, "operatingIncome": 176470000, "totalOtherIncomeExpenseNet": -12160000, "ebit": 176470000, "interestExpense": -11680000, "incomeBeforeTax": 164310000, "incomeTaxExpense": 48320000, "minorityInterest": 180000, "netIncomeFromContinuingOps": 115990000, "discontinuedOperations": {}, "extraordinaryItems": {}, "effectOfAccountingCharges": {}, "otherItems": {}, "netIncome": 115990000, "netIncomeApplicableToCommonShares": 115990000}], "maxAge": 86400}, "cashflowStatementHistoryQuarterly": {"cashflowStatements": [{"maxAge": 1, "endDate": "2020-12-31", "netIncome": 231640000, "changeToLiabilities": 0}, {"maxAge": 1, "endDate": "2020-09-30", "netIncome": 268550000, "changeToLiabilities": 0}, {"maxAge": 1, "endDate": "2020-06-30", "netIncome": 191930000, "changeToLiabilities": 0}, {"maxAge": 1, "endDate": "2020-03-31", "netIncome": 115990000, "changeToLiabilities": 0}], "maxAge": 86400}, "insiderHolders": {"holders": [{"maxAge": 1, "name": "Advani (Kavita Anil)", "relation": "UNREPORTED", "url": "", "transactionDescription": "Sale", "latestTransDate": "2020-09-02", "positionDirect": 2925, "positionDirectDate": "2020-09-02"}, {"maxAge": 1, "name": "Millars Machinery Company Pvt. Ltd.", "relation": "Promoter", "url": "", "transactionDescription": "Sale", "latestTransDate": "2020-09-23", "positionDirect": 1295595, "positionDirectDate": "2020-09-23"}, {"maxAge": 1, "name": "Patel (Amrita H)", "relation": "Additonal Director", "url": "", "transactionDescription": "Other", "latestTransDate": "2014-12-11", "positionDirect": 375, "positionDirectDate": "2014-12-11"}, {"maxAge": 1, "name": "Patel (Ashok Jethabhai)", "relation": "Director (Non-Executive)", "url": "", "transactionDescription": "Sale", "latestTransDate": "2017-05-24", "positionDirect": 6745, "positionDirectDate": "2017-05-24"}, {"maxAge": 1, "name": "Patel (Urmi Ashok)", "relation": "UNREPORTED", "url": "", "transactionDescription": "Sale", "latestTransDate": "2020-09-23", "positionDirect": 619679, "positionDirectDate": "2020-09-23"}, {"maxAge": 1, "name": "Pfaudler, Inc.", "relation": "Promoter", "url": "", "transactionDescription": "Sale", "latestTransDate": "2020-09-23", "positionDirect": 4776736, "positionDirectDate": "2020-09-23"}, {"maxAge": 1, "name": "Uttarak Enterprises Pvt Ltd", "relation": "Institution- Corporation", "url": "", "transactionDescription": "Other", "latestTransDate": "2017-03-28", "positionDirect": 402865, "positionDirectDate": "2017-03-28"}], "maxAge": 1}, "calendarEvents": {"maxAge": 1, "earnings": {"earningsDate": []}, "exDividendDate": "2021-01-28 05:30:00"}, "upgradeDowngradeHistory": {"history": [], "maxAge": 86400}, "price": {"maxAge": 1, "regularMarketChangePercent": -0.015415308, "regularMarketChange": -65.05029, "regularMarketTime": "2021-04-30 15:29:55", "priceHint": 2, "regularMarketPrice": 4154.8, "regularMarketDayHigh": 4217.0, "regularMarketDayLow": 4146.0, "regularMarketVolume": 23962, "averageDailyVolume10Day": 74946, "averageDailyVolume3Month": 93622, "regularMarketPreviousClose": 4219.85, "regularMarketSource": "FREE_REALTIME", "regularMarketOpen": 4198.85, "exchange": "NSI", "exchangeName": "NSE", "exchangeDataDelayedBy": 15, "marketState": "CLOSED", "quoteType": "EQUITY", "symbol": "GMMPFAUDLR.NS", "underlyingSymbol": null, "shortName": "GMM PFAUDLER LTD", "longName": "GMM Pfaudler Limited", "currency": "INR", "quoteSourceName": "Delayed Quote", "currencySymbol": "\u20b9", "fromCurrency": null, "lastMarket": null, "marketCap": 60793860096}, "balanceSheetHistory": {"balanceSheetStatements": [{"maxAge": 1, "endDate": "2020-03-31", "cash": 477750000, "netReceivables": 1336450000, "inventory": 1258240000, "otherCurrentAssets": 451380000, "totalCurrentAssets": 3899430000, "longTermInvestments": 4700000, "propertyPlantEquipment": 1107660000, "goodWill": 198080000, "intangibleAssets": 184940000, "otherAssets": 40120000, "totalAssets": 5434930000, "accountsPayable": 641520000, "otherCurrentLiab": 672470000, "otherLiab": 184460000, "totalCurrentLiabilities": 1644610000, "totalLiab": 2005660000, "commonStock": 29230000, "retainedEarnings": 3005140000, "treasuryStock": 245620000, "capitalSurplus": 149280000, "otherStockholderEquity": 245620000, "totalStockholderEquity": 3429270000, "netTangibleAssets": 3046250000}, {"maxAge": 1, "endDate": "2019-03-31", "cash": 754160000, "shortTermInvestments": 707990000, "netReceivables": 989010000, "inventory": 1154550000, "otherCurrentAssets": 62630000, "totalCurrentAssets": 3449370000, "longTermInvestments": 4710000, "propertyPlantEquipment": 647230000, "goodWill": 123380000, "intangibleAssets": 55330000, "otherAssets": 63780000, "deferredLongTermAssetCharges": 8200000, "totalAssets": 4343800000, "accountsPayable": 639100000, "otherCurrentLiab": 713040000, "otherLiab": 207900000, "totalCurrentLiabilities": 1446620000, "totalLiab": 1654520000, "commonStock": 29230000, "retainedEarnings": 2342920000, "treasuryStock": 167850000, "capitalSurplus": 149280000, "otherStockholderEquity": 167850000, "totalStockholderEquity": 2689280000, "netTangibleAssets": 2510570000}, {"maxAge": 1, "endDate": "2018-03-31", "cash": 665660000, "netReceivables": 884440000, "inventory": 956410000, "otherCurrentAssets": 45250000, "totalCurrentAssets": 3083350000, "longTermInvestments": 13050000, "propertyPlantEquipment": 598950000, "goodWill": 121310000, "intangibleAssets": 55950000, "otherAssets": 16100000, "deferredLongTermAssetCharges": 2220000, "totalAssets": 3888710000, "accountsPayable": 608450000, "otherCurrentLiab": 745250000, "otherLiab": 173190000, "totalCurrentLiabilities": 1438020000, "totalLiab": 1611210000, "commonStock": 29230000, "retainedEarnings": 1943660000, "treasuryStock": 155330000, "capitalSurplus": 149280000, "otherStockholderEquity": 155330000, "totalStockholderEquity": 2277500000, "netTangibleAssets": 2100240000}, {"maxAge": 1, "endDate": "2017-03-31", "cash": 311030000, "shortTermInvestments": 3300000, "netReceivables": 891280000, "inventory": 822470000, "otherCurrentAssets": 29470000, "totalCurrentAssets": 2530870000, "longTermInvestments": 8960000, "propertyPlantEquipment": 493760000, "goodWill": 114720000, "intangibleAssets": 23010000, "otherAssets": 12910000, "totalAssets": 3184230000, "accountsPayable": 546060000, "otherCurrentLiab": 511600000, "otherLiab": 108250000, "totalCurrentLiabilities": 1137800000, "totalLiab": 1246050000, "commonStock": 29230000, "retainedEarnings": 1624330000, "treasuryStock": 135340000, "capitalSurplus": 149280000, "otherStockholderEquity": 135340000, "totalStockholderEquity": 1938180000, "netTangibleAssets": 1800450000}], "maxAge": 86400}, "financialData": {"maxAge": 86400, "currentPrice": 4154.8, "recommendationKey": "none", "totalCash": 2224349952, "totalCashPerShare": 152.201, "ebitda": 1215369984, "totalDebt": 612320000, "totalRevenue": 6742850048, "debtToEquity": 16.025, "revenuePerShare": 461.261, "grossProfits": 2921970000, "earningsGrowth": 0.101, "revenueGrowth": 0.294, "grossMargins": 0.4811, "ebitdaMargins": 0.18024, "operatingMargins": 0.15354, "profitMargins": 0.119849995, "financialCurrency": "INR"}}}