{"GNFC.NS": {"assetProfile": {"address1": "P.O. Narmadanagar", "city": "Bharuch", "zip": "392015", "country": "India", "phone": "91 26 4224 7001", "fax": "91 26 4224 7084", "website": "http://www.gnfc.in", "industry": "Chemicals", "sector": "Basic Materials", "longBusinessSummary": "Gujarat Narmada Valley Fertilizers & Chemicals Limited manufactures and markets fertilizers and chemicals in India. It offers fertilizers, such as Neem coated Urea, ammonium nitrophosphate, neem de-oiled cake, Neem Manure, and neem pesticides under the NARMADA brand name; and neem soap, neem hand wash, and neem shampoo under the Neo Neem brand. The company also trades in muriate of potash, di-ammonium phosphate, ammonium sulphate, single super phosphate, and city compost. In addition, it provides industrial chemicals, such as methanol, acetic acid, toluene di \u00c2\u0096 isocyanate, aniline, concentrated nitric acid, weak nitric acid, formic acid, ammonium nitrate, ethyl acetate, methyl formate, calcium carbonate, nitrobenzene, and catsol, as well as other products comprising hydrochloric acid, liquid nitrogen, ortho-toluene diamine, meta-toluene diamine, dilute sulphuric acid, dilute nitric acid, and sodium hypochlorite. Further, the company offers various information technology services in the areas of digital signature certificate and e-procurement; and system integration, e-auction, education domain, data center's/cloud services, CCTV surveillance systems, etc.; and undertakes smart cities implementation and e-governance projects. The company was formerly known as Gujarat Narmada Valley Fertilizers Co. Ltd. Gujarat Narmada Valley Fertilizers & Chemicals Limited was founded in 1976 and is headquartered in Bharuch, India.", "fullTimeEmployees": 2438, "companyOfficers": [{"maxAge": 1, "name": "Mr. D. V. Parikh", "age": 50, "title": "GM of Fin. & CFO", "yearBorn": 1970, "fiscalYear": 2020, "totalPay": 3857619, "exercisedValue": 0, "unexercisedValue": 0}, {"maxAge": 1, "name": "Mr. A. C. Shah C.S.", "age": 62, "title": "Compliance Officer, Company Sec. & GM of Legal", "yearBorn": 1958, "fiscalYear": 2020, "totalPay": 1963859, "exercisedValue": 0, "unexercisedValue": 0}, {"maxAge": 1, "name": "Mr. Pankaj  Joshi I.A.S., IAS", "age": 55, "title": "MD & Director", "yearBorn": 1965, "exercisedValue": 0, "unexercisedValue": 0}, {"maxAge": 1, "name": "G. M. Varliani", "age": 59, "title": "Head of Operations", "yearBorn": 1961, "exercisedValue": 0, "unexercisedValue": 0}, {"maxAge": 1, "name": "R. P. Patel", "age": 59, "title": "Chief Marketing Mang.", "yearBorn": 1961, "exercisedValue": 0, "unexercisedValue": 0}, {"maxAge": 1, "name": "K. C. Prajapati", "age": 60, "title": "Sr. Mang. of HR", "yearBorn": 1960, "exercisedValue": 0, "unexercisedValue": 0}, {"maxAge": 1, "name": "K. B. Gosai", "age": 59, "title": "Sr. Mang.", "yearBorn": 1961, "exercisedValue": 0, "unexercisedValue": 0}, {"maxAge": 1, "name": "S. I. Thakar", "age": 59, "title": "Gen. Mang.", "yearBorn": 1961, "exercisedValue": 0, "unexercisedValue": 0}, {"maxAge": 1, "name": "N. K. Kadia", "age": 59, "title": "Gen. Mang.", "yearBorn": 1961, "exercisedValue": 0, "unexercisedValue": 0}, {"maxAge": 1, "name": "R. R. Shah", "age": 54, "title": "Gen. Mang.", "yearBorn": 1966, "exercisedValue": 0, "unexercisedValue": 0}], "compensationAsOfEpochDate": "2020-12-31 05:30:00", "maxAge": 86400}, "recommendationTrend": {"trend": [{"period": "0m", "strongBuy": 0, "buy": 0, "hold": 0, "sell": 0, "strongSell": 0}, {"period": "-1m", "strongBuy": 0, "buy": 1, "hold": 0, "sell": 0, "strongSell": 0}, {"period": "-2m", "strongBuy": 0, "buy": 1, "hold": 0, "sell": 0, "strongSell": 0}, {"period": "-3m", "strongBuy": 0, "buy": 1, "hold": 0, "sell": 0, "strongSell": 0}], "maxAge": 86400}, "cashflowStatementHistory": {"cashflowStatements": [{"maxAge": 1, "endDate": "2020-03-31", "netIncome": 5080100000, "depreciation": 2631400000, "changeToNetincome": -2335700000, "changeToAccountReceivables": -1767800000, "changeToLiabilities": 1016300000, "changeToInventory": -1911300000, "changeToOperatingActivities": 132400000, "totalCashFromOperatingActivities": 2857300000, "capitalExpenditures": -1313000000, "investments": -50000000, "otherCashflowsFromInvestingActivities": -7656000000, "totalCashflowsFromInvestingActivities": -9009100000, "dividendsPaid": -1082300000, "netBorrowings": 6800500000, "otherCashflowsFromFinancingActivities": -258000000, "totalCashFromFinancingActivities": 5460200000, "changeInCash": -691600000}, {"maxAge": 1, "endDate": "2019-03-31", "netIncome": 7497400000, "depreciation": 2617500000, "changeToNetincome": -536400000, "changeToAccountReceivables": -2438400000, "changeToLiabilities": -1434700000, "changeToInventory": -1483900000, "changeToOperatingActivities": 2778000000, "totalCashFromOperatingActivities": 7011500000, "capitalExpenditures": -1309900000, "investments": -1720000000, "otherCashflowsFromInvestingActivities": -405200000, "totalCashflowsFromInvestingActivities": -3102700000, "dividendsPaid": -1385700000, "netBorrowings": -424300000, "otherCashflowsFromFinancingActivities": -39300000, "totalCashFromFinancingActivities": -1849300000, "changeInCash": 2059500000}, {"maxAge": 1, "endDate": "2018-03-31", "netIncome": 7949400000, "depreciation": 2694700000, "changeToNetincome": 1702700000, "changeToAccountReceivables": -132500000, "changeToLiabilities": 1504200000, "changeToInventory": -188500000, "changeToOperatingActivities": 4645800000, "totalCashFromOperatingActivities": 18185800000, "capitalExpenditures": -233100000, "investments": -1720000000, "otherCashflowsFromInvestingActivities": 176500000, "totalCashflowsFromInvestingActivities": 494900000, "dividendsPaid": -777100000, "netBorrowings": -12111700000, "otherCashflowsFromFinancingActivities": -1111600000, "totalCashFromFinancingActivities": -14000400000, "changeInCash": 4680300000}, {"maxAge": 1, "endDate": "2017-03-31", "netIncome": 5287900000, "depreciation": 2506100000, "changeToNetincome": -1166100000, "changeToAccountReceivables": 3702400000, "changeToLiabilities": 796900000, "changeToInventory": 394700000, "changeToOperatingActivities": 2921600000, "totalCashFromOperatingActivities": 14451800000, "capitalExpenditures": -908800000, "investments": -10100000, "otherCashflowsFromInvestingActivities": 356200000, "totalCashflowsFromInvestingActivities": -527700000, "dividendsPaid": -310800000, "netBorrowings": -8235700000, "otherCashflowsFromFinancingActivities": -2180800000, "totalCashFromFinancingActivities": -10727300000, "changeInCash": 3196800000}], "maxAge": 86400}, "indexTrend": {"maxAge": 1, "symbol": "SP5", "peRatio": 19.7411, "pegRatio": 1.34172, "estimates": [{"period": "0q", "growth": 0.549}, {"period": "+1q", "growth": 0.431}, {"period": "0y", "growth": 0.305}, {"period": "+1y", "growth": 0.109}, {"period": "+5y", "growth": 0.120865}, {"period": "-5y"}]}, "defaultKeyStatistics": {"maxAge": 1, "priceHint": 2, "enterpriseValue": 50433204224, "forwardPE": 5.7720532, "profitMargins": 0.13221, "floatShares": 88171596, "sharesOutstanding": 155419008, "heldPercentInsiders": 0.42631, "heldPercentInstitutions": 0.17844, "beta": 1.042941, "category": null, "bookValue": 349.836, "priceToBook": 1.0343418, "fundFamily": null, "legalType": null, "lastFiscalYearEnd": "2020-03-31 05:30:00", "nextFiscalYearEnd": "2022-03-31 05:30:00", "mostRecentQuarter": "2020-12-31 05:30:00", "earningsQuarterlyGrowth": 1.138, "netIncomeToCommon": 6264300032, "trailingEps": 40.309, "forwardEps": 62.69, "lastSplitFactor": null, "enterpriseToRevenue": 1.064, "enterpriseToEbitda": 6.2}, "industryTrend": {"maxAge": 1, "symbol": null, "estimates": []}, "quoteType": {"exchange": "NSI", "quoteType": "EQUITY", "symbol": "GNFC.NS", "underlyingSymbol": "GNFC.NS", "shortName": "GUJARAT NARMADA VA", "longName": "Gujarat Narmada Valley Fertilizers & Chemicals Limited", "firstTradeDateEpochUtc": "2002-07-01 09:15:00", "timeZoneFullName": "Asia/Kolkata", "timeZoneShortName": "IST", "uuid": "56821713-2a4b-36eb-a80b-f004930881e8", "gmtOffSetMilliseconds": 19800000, "maxAge": 1}, "incomeStatementHistory": {"incomeStatementHistory": [{"maxAge": 1, "endDate": "2020-03-31", "totalRevenue": 51624200000, "costOfRevenue": 36950000000, "grossProfit": 14674200000, "researchDevelopment": {}, "sellingGeneralAdministrative": 5201800000, "nonRecurring": {}, "otherOperatingExpenses": 3199500000, "totalOperatingExpenses": 47972300000, "operatingIncome": 3651900000, "totalOtherIncomeExpenseNet": 687500000, "ebit": 3651900000, "interestExpense": -32500000, "incomeBeforeTax": 4339400000, "incomeTaxExpense": -740700000, "minorityInterest": {}, "netIncomeFromContinuingOps": 5080100000, "discontinuedOperations": {}, "extraordinaryItems": {}, "effectOfAccountingCharges": {}, "otherItems": {}, "netIncome": 5080100000, "netIncomeApplicableToCommonShares": 5080100000}, {"maxAge": 1, "endDate": "2019-03-31", "totalRevenue": 58960200000, "costOfRevenue": 39272800000, "grossProfit": 19687400000, "researchDevelopment": {}, "sellingGeneralAdministrative": 5337600000, "nonRecurring": {}, "otherOperatingExpenses": 4685300000, "totalOperatingExpenses": 51903700000, "operatingIncome": 7056500000, "totalOtherIncomeExpenseNet": 1222900000, "ebit": 7056500000, "interestExpense": -32100000, "incomeBeforeTax": 8279400000, "incomeTaxExpense": 782000000, "minorityInterest": {}, "netIncomeFromContinuingOps": 7497400000, "discontinuedOperations": {}, "extraordinaryItems": {}, "effectOfAccountingCharges": {}, "otherItems": {}, "netIncome": 7497400000, "netIncomeApplicableToCommonShares": 7497400000}, {"maxAge": 1, "endDate": "2018-03-31", "totalRevenue": 58373100000, "costOfRevenue": 35709800000, "grossProfit": 22663300000, "researchDevelopment": {}, "sellingGeneralAdministrative": 4060900000, "nonRecurring": {}, "otherOperatingExpenses": 3768100000, "totalOperatingExpenses": 46221100000, "operatingIncome": 12152000000, "totalOtherIncomeExpenseNet": -478100000, "ebit": 12152000000, "interestExpense": -933800000, "incomeBeforeTax": 11673900000, "incomeTaxExpense": 3724500000, "minorityInterest": {}, "netIncomeFromContinuingOps": 7949400000, "discontinuedOperations": {}, "extraordinaryItems": {}, "effectOfAccountingCharges": {}, "otherItems": {}, "netIncome": 7949400000, "netIncomeApplicableToCommonShares": 7949400000}, {"maxAge": 1, "endDate": "2017-03-31", "totalRevenue": 45887700000, "costOfRevenue": 31054900000, "grossProfit": 14832800000, "researchDevelopment": {}, "sellingGeneralAdministrative": 3890700000, "nonRecurring": {}, "otherOperatingExpenses": 2716100000, "totalOperatingExpenses": 40154100000, "operatingIncome": 5733600000, "totalOtherIncomeExpenseNet": 1491800000, "ebit": 5733600000, "interestExpense": -1990000000, "incomeBeforeTax": 7225400000, "incomeTaxExpense": 1937500000, "minorityInterest": {}, "netIncomeFromContinuingOps": 5287900000, "discontinuedOperations": {}, "extraordinaryItems": {}, "effectOfAccountingCharges": {}, "otherItems": {}, "netIncome": 5287900000, "netIncomeApplicableToCommonShares": 5287900000}], "maxAge": 86400}, "fundOwnership": {"ownershipList": [{"maxAge": 1, "reportDate": "2021-01-31", "organization": "Fidelity Low-Priced Stock Fund", "pctHeld": 0.0315, "position": 4900000, "value": 1032920000}, {"maxAge": 1, "reportDate": "2021-01-31", "organization": "DFA Emerging Markets Core Equity Portfolio", "pctHeld": 0.0023999999, "position": 379477, "value": 79993751}, {"maxAge": 1, "reportDate": "2021-01-31", "organization": "Fidelity Low Priced Stock K6 Fund", "pctHeld": 0.0023999999, "position": 373242, "value": 78679413}, {"maxAge": 1, "reportDate": "2021-02-28", "organization": "WisdomTree Tr-WisdomTree Emerging Markets Small Cap Dividend Fund", "pctHeld": 0.0022, "position": 337332, "value": 98382877}, {"maxAge": 1, "reportDate": "2021-01-31", "organization": "DFA Investment Dimensions-DFA Emerging Mkts Value", "pctHeld": 0.0021, "position": 332353, "value": 70060012}, {"maxAge": 1, "reportDate": "2021-02-28", "organization": "WisdomTree Tr-WisdomTree India Earnings Fd", "pctHeld": 0.0019, "position": 301092, "value": 87813481}, {"maxAge": 1, "reportDate": "2021-01-31", "organization": "DFA Emerging Markets Small Cap Series", "pctHeld": 0.0014, "position": 218381, "value": 46034714}, {"maxAge": 1, "reportDate": "2020-11-30", "organization": "GMO Implementation Fund", "pctHeld": 0.0011999999, "position": 192124, "value": 40374858}, {"maxAge": 1, "reportDate": "2021-03-31", "organization": "SPDR (R) Idx Shares-SPDR (R) Emerging Markets Small Cap ETF", "pctHeld": 0.00029999999, "position": 47855, "value": 14366071}, {"maxAge": 1, "reportDate": "2021-02-28", "organization": "GMO Benchmark-Free Fund", "pctHeld": 0.00029999999, "position": 41187, "value": 12012188}], "maxAge": 1}, "summaryDetail": {"maxAge": 1, "priceHint": 2, "previousClose": 358.55, "open": 355.3, "dayLow": 350.25, "dayHigh": 373.65, "regularMarketPreviousClose": 358.55, "regularMarketOpen": 355.3, "regularMarketDayLow": 350.25, "regularMarketDayHigh": 373.65, "dividendRate": 5.0, "dividendYield": 0.0139, "exDividendDate": "2020-08-20 05:30:00", "payoutRatio": 0.124, "beta": 1.042941, "trailingPE": 8.976904, "forwardPE": 5.7720532, "volume": 2040679, "regularMarketVolume": 2040679, "averageVolume": 1534328, "averageVolume10days": 955349, "averageDailyVolume10Day": 955349, "bid": 0.0, "ask": 0.0, "bidSize": 0, "askSize": 0, "marketCap": 56285405184, "fiftyTwoWeekLow": 112.0, "fiftyTwoWeekHigh": 373.65, "priceToSalesTrailing12Months": 1.1879245, "fiftyDayAverage": 288.51028, "twoHundredDayAverage": 231.70567, "trailingAnnualDividendRate": 5.0, "trailingAnnualDividendYield": 0.013945057, "currency": "INR", "fromCurrency": null, "lastMarket": null, "algorithm": null, "tradeable": false}, "insiderHolders": {"holders": [], "maxAge": 1}, "calendarEvents": {"maxAge": 1, "earnings": {"earningsDate": [], "revenueAverage": 18164300000}, "exDividendDate": "2020-08-20 05:30:00"}, "upgradeDowngradeHistory": {"history": [], "maxAge": 86400}, "price": {"maxAge": 1, "regularMarketChangePercent": 0.009203789, "regularMarketChange": 3.3000183, "regularMarketTime": "2021-04-30 15:30:00", "priceHint": 2, "regularMarketPrice": 361.85, "regularMarketDayHigh": 373.65, "regularMarketDayLow": 350.25, "regularMarketVolume": 2040679, "averageDailyVolume10Day": 955349, "averageDailyVolume3Month": 1534328, "regularMarketPreviousClose": 358.55, "regularMarketSource": "FREE_REALTIME", "regularMarketOpen": 355.3, "exchange": "NSI", "exchangeName": "NSE", "exchangeDataDelayedBy": 15, "marketState": "CLOSED", "quoteType": "EQUITY", "symbol": "GNFC.NS", "underlyingSymbol": null, "shortName": "GUJARAT NARMADA VA", "longName": "Gujarat Narmada Valley Fertilizers & Chemicals Limited", "currency": "INR", "quoteSourceName": "Delayed Quote", "currencySymbol": "\u20b9", "fromCurrency": null, "lastMarket": null, "marketCap": 56285405184}, "balanceSheetHistory": {"balanceSheetStatements": [{"maxAge": 1, "endDate": "2020-03-31", "cash": 657400000, "netReceivables": 14774600000, "inventory": 9323500000, "otherCurrentAssets": 11552400000, "totalCurrentAssets": 36481600000, "longTermInvestments": 6727200000, "propertyPlantEquipment": 38517500000, "intangibleAssets": 224800000, "otherAssets": 2235500000, "totalAssets": 84186600000, "accountsPayable": 5134000000, "otherCurrentLiab": 3171700000, "otherLiab": 13184300000, "totalCurrentLiabilities": 18002700000, "totalLiab": 31193700000, "commonStock": 1554200000, "retainedEarnings": 44764900000, "treasuryStock": 3540700000, "capitalSurplus": 3133100000, "otherStockholderEquity": 3540700000, "totalStockholderEquity": 52992900000, "netTangibleAssets": 52768100000}, {"maxAge": 1, "endDate": "2019-03-31", "cash": 1642500000, "netReceivables": 13060000000, "inventory": 8290300000, "otherCurrentAssets": 1835700000, "totalCurrentAssets": 24878800000, "longTermInvestments": 7993200000, "propertyPlantEquipment": 39410600000, "intangibleAssets": 246600000, "otherAssets": 3563200000, "totalAssets": 76092400000, "accountsPayable": 3947500000, "otherCurrentLiab": 3262600000, "otherLiab": 15224000000, "totalCurrentLiabilities": 10221100000, "totalLiab": 25445100000, "commonStock": 1554200000, "retainedEarnings": 41140500000, "treasuryStock": 4819500000, "capitalSurplus": 3133100000, "otherStockholderEquity": 4819500000, "totalStockholderEquity": 50647300000, "netTangibleAssets": 50400700000}, {"maxAge": 1, "endDate": "2018-03-31", "cash": 61500000, "netReceivables": 12066000000, "inventory": 6806400000, "otherCurrentAssets": 2104800000, "totalCurrentAssets": 21074000000, "longTermInvestments": 7850900000, "propertyPlantEquipment": 41284000000, "intangibleAssets": 274100000, "otherAssets": 1827700000, "totalAssets": 72310700000, "accountsPayable": 4260700000, "shortLongTermDebt": 734700000, "otherCurrentLiab": 3237600000, "otherLiab": 15325800000, "totalCurrentLiabilities": 11814500000, "totalLiab": 27140300000, "commonStock": 1554200000, "retainedEarnings": 35532800000, "treasuryStock": 4950300000, "capitalSurplus": 3133100000, "otherStockholderEquity": 4950300000, "totalStockholderEquity": 45170400000, "netTangibleAssets": 44896300000}, {"maxAge": 1, "endDate": "2017-03-31", "cash": 41000000, "netReceivables": 14916700000, "inventory": 6617900000, "otherCurrentAssets": 2960000000, "totalCurrentAssets": 24569500000, "longTermInvestments": 8160900000, "propertyPlantEquipment": 44102900000, "intangibleAssets": 269300000, "otherAssets": 2459300000, "totalAssets": 79561900000, "accountsPayable": 3401100000, "shortLongTermDebt": 3522000000, "otherCurrentLiab": 2763500000, "longTermDebt": 5334100000, "otherLiab": 14607100000, "totalCurrentLiabilities": 21068400000, "totalLiab": 41009600000, "commonStock": 1554200000, "retainedEarnings": 28785900000, "treasuryStock": 5079100000, "capitalSurplus": 3133100000, "otherStockholderEquity": 5079100000, "totalStockholderEquity": 38552300000, "netTangibleAssets": 38283000000}], "maxAge": 86400}, "earningsTrend": {"trend": [{"maxAge": 1, "period": "0q", "endDate": "2018-03-31", "growth": {}, "earningsEstimate": {"avg": 0.0, "low": 0.0, "high": 0.0, "yearAgoEps": {}, "numberOfAnalysts": 0, "growth": {}}, "revenueEstimate": {"avg": 18164300000, "low": 0, "high": 0, "numberOfAnalysts": 0, "yearAgoRevenue": 12034200000, "growth": 0.509}, "epsTrend": {"current": 0.0, "7daysAgo": 0.0, "30daysAgo": 0.0, "60daysAgo": 0.0, "90daysAgo": 0.0}, "epsRevisions": {"upLast7days": 0, "upLast30days": 0, "downLast30days": 0, "downLast90days": {}}}, {"maxAge": 1, "period": "+1q", "endDate": "2018-06-30", "growth": 5.246, "earningsEstimate": {"avg": 14.69, "low": 14.69, "high": 14.69, "yearAgoEps": -3.46, "numberOfAnalysts": 1, "growth": 5.246}, "revenueEstimate": {"avg": 15173600000, "low": 15173600000, "high": 15173600000, "numberOfAnalysts": 1, "yearAgoRevenue": 10830800000, "growth": 0.401}, "epsTrend": {"current": 14.69, "7daysAgo": 14.69, "30daysAgo": 14.69, "60daysAgo": 0.0, "90daysAgo": 0.0}, "epsRevisions": {"upLast7days": 0, "upLast30days": 0, "downLast30days": 0, "downLast90days": {}}}, {"maxAge": 1, "period": "0y", "endDate": "2018-03-31", "growth": {}, "earningsEstimate": {"avg": 0.0, "low": 0.0, "high": 0.0, "yearAgoEps": {}, "numberOfAnalysts": 0, "growth": {}}, "revenueEstimate": {"avg": 68373100000, "low": 53601700000, "high": 53601700000, "numberOfAnalysts": 1, "yearAgoRevenue": 45887700000, "growth": 0.49}, "epsTrend": {"current": 0.0, "7daysAgo": 22.91, "30daysAgo": 22.91, "60daysAgo": 22.91, "90daysAgo": 22.91}, "epsRevisions": {"upLast7days": 0, "upLast30days": 0, "downLast30days": 0, "downLast90days": {}}}, {"maxAge": 1, "period": "+1y", "endDate": "2019-03-31", "growth": {}, "earningsEstimate": {"avg": 62.69, "low": 62.69, "high": 62.69, "yearAgoEps": {}, "numberOfAnalysts": 1, "growth": {}}, "revenueEstimate": {"avg": 68632400000, "low": 68632400000, "high": 68632400000, "numberOfAnalysts": 1, "yearAgoRevenue": 68373100000, "growth": 0.004}, "epsTrend": {"current": 62.69, "7daysAgo": 62.69, "30daysAgo": 62.69, "60daysAgo": 62.69, "90daysAgo": 25.73}, "epsRevisions": {"upLast7days": 0, "upLast30days": 0, "downLast30days": 0, "downLast90days": {}}}, {"maxAge": 1, "period": "+5y", "endDate": null, "growth": {}, "earningsEstimate": {"avg": {}, "low": {}, "high": {}, "yearAgoEps": {}, "numberOfAnalysts": {}, "growth": {}}, "revenueEstimate": {"avg": {}, "low": {}, "high": {}, "numberOfAnalysts": {}, "yearAgoRevenue": {}, "growth": {}}, "epsTrend": {"current": {}, "7daysAgo": {}, "30daysAgo": {}, "60daysAgo": {}, "90daysAgo": {}}, "epsRevisions": {"upLast7days": {}, "upLast30days": {}, "downLast30days": {}, "downLast90days": {}}}, {"maxAge": 1, "period": "-5y", "endDate": null, "growth": 0.18797001, "earningsEstimate": {"avg": {}, "low": {}, "high": {}, "yearAgoEps": {}, "numberOfAnalysts": {}, "growth": {}}, "revenueEstimate": {"avg": {}, "low": {}, "high": {}, "numberOfAnalysts": {}, "yearAgoRevenue": {}, "growth": {}}, "epsTrend": {"current": {}, "7daysAgo": {}, "30daysAgo": {}, "60daysAgo": {}, "90daysAgo": {}}, "epsRevisions": {"upLast7days": {}, "upLast30days": {}, "downLast30days": {}, "downLast90days": {}}}], "maxAge": 1}, "institutionOwnership": {"ownershipList": [], "maxAge": 1}, "majorHoldersBreakdown": {"maxAge": 1, "insidersPercentHeld": 0.42631, "institutionsPercentHeld": 0.17844, "institutionsFloatPercentHeld": 0.31103, "institutionsCount": 26}, "balanceSheetHistoryQuarterly": {"balanceSheetStatements": [{"maxAge": 1, "endDate": "2020-12-31", "totalStockholderEquity": 54390600000, "netTangibleAssets": 54166200000}, {"maxAge": 1, "endDate": "2020-09-30", "cash": 3487000000, "shortTermInvestments": 1821500000, "netReceivables": 12409500000, "inventory": 7737800000, "otherCurrentAssets": 1195300000, "totalCurrentAssets": 26651100000, "longTermInvestments": 7450700000, "propertyPlantEquipment": 38198500000, "intangibleAssets": 224400000, "otherAssets": 3990200000, "totalAssets": 76514900000, "accountsPayable": 3669500000, "otherCurrentLiab": 5416100000, "otherLiab": 13018100000, "totalCurrentLiabilities": 9098600000, "totalLiab": 22124300000, "commonStock": 1554200000, "treasuryStock": 52836400000, "otherStockholderEquity": 52836400000, "totalStockholderEquity": 54390600000, "netTangibleAssets": 54166200000}, {"maxAge": 1, "endDate": "2020-06-30", "totalStockholderEquity": 52992900000, "netTangibleAssets": 52768100000}, {"maxAge": 1, "endDate": "2020-03-31", "cash": 657400000, "netReceivables": 14774600000, "inventory": 9323500000, "otherCurrentAssets": 11552400000, "totalCurrentAssets": 36481600000, "longTermInvestments": 6727200000, "propertyPlantEquipment": 38517500000, "intangibleAssets": 224800000, "otherAssets": 2235500000, "totalAssets": 84186600000, "accountsPayable": 5134000000, "otherCurrentLiab": 3171700000, "otherLiab": 13184300000, "totalCurrentLiabilities": 18002700000, "totalLiab": 31193700000, "commonStock": 1554200000, "retainedEarnings": 44764900000, "treasuryStock": 3540700000, "capitalSurplus": 3133100000, "otherStockholderEquity": 3540700000, "totalStockholderEquity": 52992900000, "netTangibleAssets": 52768100000}], "maxAge": 86400}, "earningsHistory": {"history": [{"maxAge": 1, "epsActual": {}, "epsEstimate": {}, "epsDifference": {}, "surprisePercent": {}, "quarter": {}, "period": "-4q"}, {"maxAge": 1, "epsActual": -3.46, "epsEstimate": 6.56, "epsDifference": -10.02, "surprisePercent": -1.527, "quarter": "2017-03-31", "period": "-3q"}, {"maxAge": 1, "epsActual": 10.69, "epsEstimate": 9.45, "epsDifference": 1.24, "surprisePercent": 0.131, "quarter": "2017-09-30", "period": "-2q"}, {"maxAge": 1, "epsActual": 14.66, "epsEstimate": 5.25, "epsDifference": 9.41, "surprisePercent": 1.7919999, "quarter": "2017-12-31", "period": "-1q"}], "maxAge": 86400}, "summaryProfile": {"address1": "P.O. Narmadanagar", "city": "Bharuch", "zip": "392015", "country": "India", "phone": "91 26 4224 7001", "fax": "91 26 4224 7084", "website": "http://www.gnfc.in", "industry": "Chemicals", "sector": "Basic Materials", "longBusinessSummary": "Gujarat Narmada Valley Fertilizers & Chemicals Limited manufactures and markets fertilizers and chemicals in India. It offers fertilizers, such as Neem coated Urea, ammonium nitrophosphate, neem de-oiled cake, Neem Manure, and neem pesticides under the NARMADA brand name; and neem soap, neem hand wash, and neem shampoo under the Neo Neem brand. The company also trades in muriate of potash, di-ammonium phosphate, ammonium sulphate, single super phosphate, and city compost. In addition, it provides industrial chemicals, such as methanol, acetic acid, toluene di \u00c2\u0096 isocyanate, aniline, concentrated nitric acid, weak nitric acid, formic acid, ammonium nitrate, ethyl acetate, methyl formate, calcium carbonate, nitrobenzene, and catsol, as well as other products comprising hydrochloric acid, liquid nitrogen, ortho-toluene diamine, meta-toluene diamine, dilute sulphuric acid, dilute nitric acid, and sodium hypochlorite. Further, the company offers various information technology services in the areas of digital signature certificate and e-procurement; and system integration, e-auction, education domain, data center's/cloud services, CCTV surveillance systems, etc.; and undertakes smart cities implementation and e-governance projects. The company was formerly known as Gujarat Narmada Valley Fertilizers Co. Ltd. Gujarat Narmada Valley Fertilizers & Chemicals Limited was founded in 1976 and is headquartered in Bharuch, India.", "fullTimeEmployees": 2438, "companyOfficers": [], "maxAge": 86400}, "netSharePurchaseActivity": {"maxAge": 1, "period": "6m", "buyInfoCount": 0, "buyInfoShares": 0, "sellInfoCount": 0, "netInfoCount": 0, "netInfoShares": 0, "netPercentInsiderShares": 0.0, "totalInsiderShares": 66251468}, "sectorTrend": {"maxAge": 1, "symbol": null, "estimates": []}, "incomeStatementHistoryQuarterly": {"incomeStatementHistory": [{"maxAge": 1, "endDate": "2020-12-31", "totalRevenue": 15082400000, "costOfRevenue": 8716300000, "grossProfit": 6366100000, "researchDevelopment": {}, "sellingGeneralAdministrative": 1110100000, "nonRecurring": {}, "otherOperatingExpenses": 1178500000, "totalOperatingExpenses": 11701900000, "operatingIncome": 3380500000, "totalOtherIncomeExpenseNet": 15300000, "ebit": 3380500000, "interestExpense": -9400000, "incomeBeforeTax": 3395800000, "incomeTaxExpense": 969900000, "minorityInterest": {}, "netIncomeFromContinuingOps": 2425900000, "discontinuedOperations": {}, "extraordinaryItems": {}, "effectOfAccountingCharges": {}, "otherItems": {}, "netIncome": 2425900000, "netIncomeApplicableToCommonShares": 2425900000}, {"maxAge": 1, "endDate": "2020-09-30", "totalRevenue": 11871900000, "costOfRevenue": 7456600000, "grossProfit": 4415300000, "researchDevelopment": {}, "sellingGeneralAdministrative": 1120800000, "nonRecurring": {}, "otherOperatingExpenses": 958800000, "totalOperatingExpenses": 10217100000, "operatingIncome": 1654800000, "totalOtherIncomeExpenseNet": -38500000, "ebit": 1654800000, "interestExpense": -60300000, "incomeBeforeTax": 1616300000, "incomeTaxExpense": 207700000, "minorityInterest": {}, "netIncomeFromContinuingOps": 1408600000, "discontinuedOperations": {}, "extraordinaryItems": {}, "effectOfAccountingCharges": {}, "otherItems": {}, "netIncome": 1408600000, "netIncomeApplicableToCommonShares": 1408600000}, {"maxAge": 1, "endDate": "2020-06-30", "totalRevenue": 9437100000, "costOfRevenue": 6280750000, "grossProfit": 3156350000, "researchDevelopment": {}, "sellingGeneralAdministrative": 1082500000, "nonRecurring": {}, "otherOperatingExpenses": 723900000, "totalOperatingExpenses": 8757750000, "operatingIncome": 679350000, "totalOtherIncomeExpenseNet": 145850000, "ebit": 679350000, "interestExpense": -88550000, "incomeBeforeTax": 825200000, "incomeTaxExpense": 106050000, "minorityInterest": {}, "netIncomeFromContinuingOps": 719150000, "discontinuedOperations": {}, "extraordinaryItems": {}, "effectOfAccountingCharges": {}, "otherItems": {}, "netIncome": 719150000, "netIncomeApplicableToCommonShares": 719150000}, {"maxAge": 1, "endDate": "2020-03-31", "totalRevenue": 13424700000, "costOfRevenue": 10248700000, "grossProfit": 3176000000, "researchDevelopment": {}, "sellingGeneralAdministrative": 1602100000, "nonRecurring": {}, "otherOperatingExpenses": 195700000, "totalOperatingExpenses": 12686700000, "operatingIncome": 738000000, "totalOtherIncomeExpenseNet": 639700000, "ebit": 738000000, "interestExpense": -1600000, "incomeBeforeTax": 1377700000, "incomeTaxExpense": -1022400000, "minorityInterest": {}, "netIncomeFromContinuingOps": 2400100000, "discontinuedOperations": {}, "extraordinaryItems": {}, "effectOfAccountingCharges": {}, "otherItems": {}, "netIncome": 2400100000, "netIncomeApplicableToCommonShares": 2400100000}], "maxAge": 86400}, "cashflowStatementHistoryQuarterly": {"cashflowStatements": [{"maxAge": 1, "endDate": "2020-12-31", "netIncome": 2425900000, "changeToLiabilities": 0}, {"maxAge": 1, "endDate": "2020-09-30", "netIncome": 1408600000, "depreciation": 670600000, "changeToNetincome": -466350000, "changeToAccountReceivables": 2062400000, "changeToLiabilities": -590200000, "changeToInventory": 687650000, "changeToOperatingActivities": 179300000, "totalCashFromOperatingActivities": 3262550000, "capitalExpenditures": -294550000, "investments": 2129250000, "otherCashflowsFromInvestingActivities": -424150000, "totalCashflowsFromInvestingActivities": 1413400000, "dividendsPaid": -350000, "netBorrowings": -4164900000, "otherCashflowsFromFinancingActivities": -98150000, "totalCashFromFinancingActivities": -4263400000, "changeInCash": 412550000}, {"maxAge": 1, "endDate": "2020-06-30", "netIncome": 719150000, "depreciation": 670600000, "changeToNetincome": -466350000, "changeToAccountReceivables": 2062400000, "changeToLiabilities": -590200000, "changeToInventory": 687650000, "changeToOperatingActivities": 179300000, "totalCashFromOperatingActivities": 3262550000, "capitalExpenditures": -294550000, "investments": 2129250000, "otherCashflowsFromInvestingActivities": -424150000, "totalCashflowsFromInvestingActivities": 1413400000, "dividendsPaid": -350000, "netBorrowings": -4164900000, "otherCashflowsFromFinancingActivities": -98150000, "totalCashFromFinancingActivities": -4263400000, "changeInCash": 412550000}, {"maxAge": 1, "endDate": "2020-03-31", "netIncome": 2400100000, "depreciation": 670600000, "changeToNetincome": -466350000, "changeToAccountReceivables": 2062400000, "changeToLiabilities": 0, "changeToInventory": 687650000, "changeToOperatingActivities": 179300000, "totalCashFromOperatingActivities": 3262550000, "capitalExpenditures": -294550000, "investments": 2129250000, "otherCashflowsFromInvestingActivities": -424150000, "totalCashflowsFromInvestingActivities": 1413400000, "dividendsPaid": -350000, "netBorrowings": -4164900000, "otherCashflowsFromFinancingActivities": -98150000, "totalCashFromFinancingActivities": -4263400000, "changeInCash": 412550000}], "maxAge": 86400}, "earnings": {"maxAge": 86400, "earningsChart": {"quarterly": [{"date": "1Q2017", "actual": -3.46, "estimate": 6.56}, {"date": "3Q2017", "actual": 10.69, "estimate": 9.45}, {"date": "4Q2017", "actual": 14.66, "estimate": 5.25}], "currentQuarterEstimateDate": "1Q", "currentQuarterEstimateYear": 2018, "earningsDate": []}, "financialsChart": {"yearly": [{"date": 2017, "revenue": 45887700000, "earnings": 5287900000}, {"date": 2018, "revenue": 58373100000, "earnings": 7949400000}, {"date": 2019, "revenue": 58960200000, "earnings": 7497400000}, {"date": 2020, "revenue": 51624200000, "earnings": 5080100000}], "quarterly": [{"date": "1Q2020", "revenue": 13424700000, "earnings": 2400100000}, {"date": "2Q2020", "revenue": 9437100000, "earnings": 719150000}, {"date": "3Q2020", "revenue": 11871900000, "earnings": 1408600000}, {"date": "4Q2020", "revenue": 15082400000, "earnings": 2425900000}]}, "financialCurrency": "INR"}, "financialData": {"maxAge": 86400, "currentPrice": 361.85, "targetHighPrice": 105.0, "targetLowPrice": 105.0, "targetMeanPrice": 105.0, "targetMedianPrice": 105.0, "recommendationMean": 2.0, "recommendationKey": "buy", "numberOfAnalystOpinions": 1, "totalCash": 5308499968, "totalCashPerShare": 34.159, "ebitda": 8133875200, "totalDebt": 20600000, "totalRevenue": 47381299200, "debtToEquity": 0.038, "revenuePerShare": 304.883, "grossProfits": 14674200000, "earningsGrowth": 1.138, "revenueGrowth": 0.18, "grossMargins": 0.33462003, "ebitdaMargins": 0.17167, "operatingMargins": 0.11552, "profitMargins": 0.13221, "financialCurrency": "INR"}}}