{"GNFC.BO": {"recommendationTrend": {"trend": [{"period": "0m", "strongBuy": 0, "buy": 0, "hold": 0, "sell": 0, "strongSell": 0}, {"period": "-1m", "strongBuy": 0, "buy": 0, "hold": 0, "sell": 0, "strongSell": 0}, {"period": "-2m", "strongBuy": 0, "buy": 0, "hold": 0, "sell": 0, "strongSell": 0}, {"period": "-3m", "strongBuy": 0, "buy": 0, "hold": 0, "sell": 0, "strongSell": 0}], "maxAge": 86400}, "cashflowStatementHistory": {"cashflowStatements": [{"maxAge": 1, "endDate": "2020-03-31", "netIncome": 5080100000, "depreciation": 2631400000, "changeToNetincome": -2335700000, "changeToAccountReceivables": -1767800000, "changeToLiabilities": 1016300000, "changeToInventory": -1911300000, "changeToOperatingActivities": 132400000, "totalCashFromOperatingActivities": 2857300000, "capitalExpenditures": -1313000000, "investments": -50000000, "otherCashflowsFromInvestingActivities": -7656000000, "totalCashflowsFromInvestingActivities": -9009100000, "dividendsPaid": -1082300000, "netBorrowings": 6800500000, "otherCashflowsFromFinancingActivities": -258000000, "totalCashFromFinancingActivities": 5460200000, "changeInCash": -691600000}, {"maxAge": 1, "endDate": "2019-03-31", "netIncome": 7497400000, "depreciation": 2617500000, "changeToNetincome": -536400000, "changeToAccountReceivables": -2438400000, "changeToLiabilities": -1434700000, "changeToInventory": -1483900000, "changeToOperatingActivities": 2778000000, "totalCashFromOperatingActivities": 7011500000, "capitalExpenditures": -1309900000, "investments": -1720000000, "otherCashflowsFromInvestingActivities": -405200000, "totalCashflowsFromInvestingActivities": -3102700000, "dividendsPaid": -1385700000, "netBorrowings": -424300000, "otherCashflowsFromFinancingActivities": -39300000, "totalCashFromFinancingActivities": -1849300000, "changeInCash": 2059500000}, {"maxAge": 1, "endDate": "2018-03-31", "netIncome": 7949400000, "depreciation": 2694700000, "changeToNetincome": 1702700000, "changeToAccountReceivables": -132500000, "changeToLiabilities": 1504200000, "changeToInventory": -188500000, "changeToOperatingActivities": 4645800000, "totalCashFromOperatingActivities": 18185800000, "capitalExpenditures": -233100000, "investments": -1720000000, "otherCashflowsFromInvestingActivities": 176500000, "totalCashflowsFromInvestingActivities": 494900000, "dividendsPaid": -777100000, "netBorrowings": -12111700000, "otherCashflowsFromFinancingActivities": -1111600000, "totalCashFromFinancingActivities": -14000400000, "changeInCash": 4680300000}, {"maxAge": 1, "endDate": "2017-03-31", "netIncome": 5287900000, "depreciation": 2506100000, "changeToNetincome": -1166100000, "changeToAccountReceivables": 3702400000, "changeToLiabilities": 796900000, "changeToInventory": 394700000, "changeToOperatingActivities": 2921600000, "totalCashFromOperatingActivities": 14451800000, "capitalExpenditures": -908800000, "investments": -10100000, "otherCashflowsFromInvestingActivities": 356200000, "totalCashflowsFromInvestingActivities": -527700000, "dividendsPaid": -310800000, "netBorrowings": -8235700000, "otherCashflowsFromFinancingActivities": -2180800000, "totalCashFromFinancingActivities": -10727300000, "changeInCash": 3196800000}], "maxAge": 86400}, "institutionOwnership": {"ownershipList": [], "maxAge": 1}, "balanceSheetHistoryQuarterly": {"balanceSheetStatements": [{"maxAge": 1, "endDate": "2020-03-31", "cash": 657400000, "netReceivables": 14774600000, "inventory": 9323500000, "otherCurrentAssets": 11552400000, "totalCurrentAssets": 36481600000, "longTermInvestments": 6727200000, "propertyPlantEquipment": 38517500000, "intangibleAssets": 224800000, "otherAssets": 2235500000, "totalAssets": 84186600000, "accountsPayable": 5134000000, "otherCurrentLiab": 3171700000, "otherLiab": 13184300000, "totalCurrentLiabilities": 18002700000, "totalLiab": 31193700000, "commonStock": 1554200000, "retainedEarnings": 44764900000, "treasuryStock": 3540700000, "capitalSurplus": 3133100000, "otherStockholderEquity": 3540700000, "totalStockholderEquity": 52992900000, "netTangibleAssets": 52768100000}, {"maxAge": 1, "endDate": "2019-12-31", "totalStockholderEquity": 50675700000, "netTangibleAssets": 50436600000}, {"maxAge": 1, "endDate": "2019-09-30", "cash": 3663200000, "shortTermInvestments": 293700000, "netReceivables": 12689100000, "inventory": 7944200000, "otherCurrentAssets": 1618600000, "totalCurrentAssets": 26208800000, "longTermInvestments": 8122500000, "propertyPlantEquipment": 39246500000, "intangibleAssets": 239100000, "otherAssets": 2325000000, "totalAssets": 76141900000, "accountsPayable": 4089700000, "otherCurrentLiab": 5799200000, "otherLiab": 15016700000, "totalCurrentLiabilities": 10449500000, "totalLiab": 25466200000, "commonStock": 1554200000, "treasuryStock": 49121500000, "otherStockholderEquity": 49121500000, "totalStockholderEquity": 50675700000, "netTangibleAssets": 50436600000}, {"maxAge": 1, "endDate": "2019-06-30", "totalStockholderEquity": 50647300000, "netTangibleAssets": 50400700000}], "maxAge": 86400}, "earningsHistory": {"history": [{"maxAge": 1, "epsActual": -3.46, "epsEstimate": 6.56, "epsDifference": -10.02, "surprisePercent": -1.527, "quarter": "2017-03-31", "period": "-4q"}, {"maxAge": 1, "epsActual": 10.69, "epsEstimate": 9.45, "epsDifference": 1.24, "surprisePercent": 0.131, "quarter": "2017-09-30", "period": "-3q"}, {"maxAge": 1, "epsActual": 14.66, "epsEstimate": 5.25, "epsDifference": 9.41, "surprisePercent": 1.7919999, "quarter": "2017-12-31", "period": "-2q"}, {"maxAge": 1, "epsActual": 11.94, "epsEstimate": 14.69, "epsDifference": -2.75, "surprisePercent": -0.187, "quarter": "2018-06-30", "period": "-1q"}], "maxAge": 86400}, "indexTrend": {"maxAge": 1, "symbol": "SP5", "peRatio": 19.7411, "pegRatio": 1.34172, "estimates": [{"period": "0q", "growth": 0.549}, {"period": "+1q", "growth": 0.431}, {"period": "0y", "growth": 0.305}, {"period": "+1y", "growth": 0.109}, {"period": "+5y", "growth": 0.120865}, {"period": "-5y"}]}, "industryTrend": {"maxAge": 1, "symbol": null, "estimates": []}, "quoteType": {"exchange": "BSE", "quoteType": "EQUITY", "symbol": "GNFC.BO", "underlyingSymbol": "GNFC.BO", "shortName": "GUJARAT NARMADA VALLEY FERTILI", "longName": "Gujarat Narmada Valley Fertilizers &amp; Chemicals Limited", "firstTradeDateEpochUtc": "2000-01-03 09:15:00", "timeZoneFullName": "Asia/Kolkata", "timeZoneShortName": "IST", "uuid": "a62af843-817d-33a8-9d54-9cdc9a2c3fb2", "gmtOffSetMilliseconds": 19800000, "maxAge": 1}, "incomeStatementHistory": {"incomeStatementHistory": [{"maxAge": 1, "endDate": "2020-03-31", "totalRevenue": 51624200000, "costOfRevenue": 36950000000, "grossProfit": 14674200000, "researchDevelopment": {}, "sellingGeneralAdministrative": 5201800000, "nonRecurring": {}, "otherOperatingExpenses": 3199500000, "totalOperatingExpenses": 47972300000, "operatingIncome": 3651900000, "totalOtherIncomeExpenseNet": 687500000, "ebit": 3651900000, "interestExpense": -32500000, "incomeBeforeTax": 4339400000, "incomeTaxExpense": -740700000, "minorityInterest": {}, "netIncomeFromContinuingOps": 5080100000, "discontinuedOperations": {}, "extraordinaryItems": {}, "effectOfAccountingCharges": {}, "otherItems": {}, "netIncome": 5080100000, "netIncomeApplicableToCommonShares": 5080100000}, {"maxAge": 1, "endDate": "2019-03-31", "totalRevenue": 58960200000, "costOfRevenue": 39272800000, "grossProfit": 19687400000, "researchDevelopment": {}, "sellingGeneralAdministrative": 5337600000, "nonRecurring": {}, "otherOperatingExpenses": 4685300000, "totalOperatingExpenses": 51903700000, "operatingIncome": 7056500000, "totalOtherIncomeExpenseNet": 1222900000, "ebit": 7056500000, "interestExpense": -32100000, "incomeBeforeTax": 8279400000, "incomeTaxExpense": 782000000, "minorityInterest": {}, "netIncomeFromContinuingOps": 7497400000, "discontinuedOperations": {}, "extraordinaryItems": {}, "effectOfAccountingCharges": {}, "otherItems": {}, "netIncome": 7497400000, "netIncomeApplicableToCommonShares": 7497400000}, {"maxAge": 1, "endDate": "2018-03-31", "totalRevenue": 58373100000, "costOfRevenue": 35709800000, "grossProfit": 22663300000, "researchDevelopment": {}, "sellingGeneralAdministrative": 4060900000, "nonRecurring": {}, "otherOperatingExpenses": 3768100000, "totalOperatingExpenses": 46221100000, "operatingIncome": 12152000000, "totalOtherIncomeExpenseNet": -478100000, "ebit": 12152000000, "interestExpense": -933800000, "incomeBeforeTax": 11673900000, "incomeTaxExpense": 3724500000, "minorityInterest": {}, "netIncomeFromContinuingOps": 7949400000, "discontinuedOperations": {}, "extraordinaryItems": {}, "effectOfAccountingCharges": {}, "otherItems": {}, "netIncome": 7949400000, "netIncomeApplicableToCommonShares": 7949400000}, {"maxAge": 1, "endDate": "2017-03-31", "totalRevenue": 45887700000, "costOfRevenue": 31054900000, "grossProfit": 14832800000, "researchDevelopment": {}, "sellingGeneralAdministrative": 3890700000, "nonRecurring": {}, "otherOperatingExpenses": 2716100000, "totalOperatingExpenses": 40154100000, "operatingIncome": 5733600000, "totalOtherIncomeExpenseNet": 1491800000, "ebit": 5733600000, "interestExpense": -1990000000, "incomeBeforeTax": 7225400000, "incomeTaxExpense": 1937500000, "minorityInterest": {}, "netIncomeFromContinuingOps": 5287900000, "discontinuedOperations": {}, "extraordinaryItems": {}, "effectOfAccountingCharges": {}, "otherItems": {}, "netIncome": 5287900000, "netIncomeApplicableToCommonShares": 5287900000}], "maxAge": 86400}, "fundOwnership": {"ownershipList": [{"maxAge": 1, "reportDate": "2020-07-31", "organization": "Fidelity Low-Priced Stock Fund", "pctHeld": 0.0315, "position": 4900000, "value": 804090000}, {"maxAge": 1, "reportDate": "2020-07-31", "organization": "DFA Investment Dimensions-DFA Emerging Mkts Value", "pctHeld": 0.0027, "position": 417999, "value": 68593635}, {"maxAge": 1, "reportDate": "2020-07-31", "organization": "DFA Emerging Markets Core Equity Portfolio", "pctHeld": 0.0025, "position": 385614, "value": 63279257}, {"maxAge": 1, "reportDate": "2020-07-31", "organization": "Fidelity Low Priced Stock K6 Fund", "pctHeld": 0.0023999999, "position": 373242, "value": 61249012}, {"maxAge": 1, "reportDate": "2020-07-31", "organization": "DFA Emerging Markets Small Cap Series", "pctHeld": 0.0015, "position": 232653, "value": 38178357}, {"maxAge": 1, "reportDate": "2020-08-31", "organization": "WisdomTree Tr-WisdomTree India Earnings Fd", "pctHeld": 0.0015, "position": 229322, "value": 46483569}, {"maxAge": 1, "reportDate": "2020-07-31", "organization": "DFA Investment Dimensions-Emerging Markets Social Core Equity", "pctHeld": 0.0002, "position": 25754, "value": 4226231}, {"maxAge": 1, "reportDate": "2020-07-31", "organization": "DFA T.A. World Ex U.S. Core Equity Portfolio", "pctHeld": 0.0001, "position": 20095, "value": 3297589}, {"maxAge": 1, "reportDate": "2020-07-31", "organization": "DFA Investment Dimensions-World Ex U.S. Core Equity Port", "pctHeld": 0.0001, "position": 19478, "value": 3196339}, {"maxAge": 1, "reportDate": "2020-07-31", "organization": "DFA Emerging Markets Sustainability Core 1 Portfolio", "pctHeld": 0.0001, "position": 19305, "value": 3167950}], "maxAge": 1}, "summaryDetail": {"maxAge": 1, "priceHint": 2, "previousClose": 358.85, "open": 356.0, "dayLow": 350.05, "dayHigh": 373.4, "regularMarketPreviousClose": 358.85, "regularMarketOpen": 356.0, "regularMarketDayLow": 350.05, "regularMarketDayHigh": 373.4, "trailingPE": 11.07015, "forwardPE": 4.7406, "volume": 224442, "regularMarketVolume": 224442, "averageVolume": 77197, "averageVolume10days": 77219, "averageDailyVolume10Day": 77219, "bid": 358.05, "ask": 361.85, "bidSize": 0, "askSize": 0, "marketCap": 56238370816, "fiftyTwoWeekLow": 95.7, "fiftyTwoWeekHigh": 373.4, "fiftyDayAverage": 221.61818, "twoHundredDayAverage": 204.59007, "trailingAnnualDividendRate": 5.0, "trailingAnnualDividendYield": 0.013933398, "currency": "INR", "fromCurrency": null, "lastMarket": null, "algorithm": null, "tradeable": false}, "sectorTrend": {"maxAge": 1, "symbol": null, "estimates": []}, "incomeStatementHistoryQuarterly": {"incomeStatementHistory": [{"maxAge": 1, "endDate": "2020-03-31", "totalRevenue": 13424700000, "costOfRevenue": 10248700000, "grossProfit": 3176000000, "researchDevelopment": {}, "sellingGeneralAdministrative": 1602100000, "nonRecurring": {}, "otherOperatingExpenses": -908100000, "totalOperatingExpenses": 11582900000, "operatingIncome": 1841800000, "totalOtherIncomeExpenseNet": -464100000, "ebit": 1841800000, "interestExpense": -1600000, "incomeBeforeTax": 1377700000, "incomeTaxExpense": -1022400000, "minorityInterest": {}, "netIncomeFromContinuingOps": 2400100000, "discontinuedOperations": {}, "extraordinaryItems": {}, "effectOfAccountingCharges": {}, "otherItems": {}, "netIncome": 2400100000, "netIncomeApplicableToCommonShares": 2400100000}, {"maxAge": 1, "endDate": "2019-12-31", "totalRevenue": 12776600000, "costOfRevenue": 8620200000, "grossProfit": 4156400000, "researchDevelopment": {}, "sellingGeneralAdministrative": 1118300000, "nonRecurring": {}, "otherOperatingExpenses": 1367800000, "totalOperatingExpenses": 11775300000, "operatingIncome": 1001300000, "totalOtherIncomeExpenseNet": 354600000, "ebit": 1001300000, "interestExpense": -13400000, "incomeBeforeTax": 1355900000, "incomeTaxExpense": 221000000, "minorityInterest": {}, "netIncomeFromContinuingOps": 1134900000, "discontinuedOperations": {}, "extraordinaryItems": {}, "effectOfAccountingCharges": {}, "otherItems": {}, "netIncome": 1134900000, "netIncomeApplicableToCommonShares": 1134900000}, {"maxAge": 1, "endDate": "2019-09-30", "totalRevenue": 13323500000, "costOfRevenue": 9659000000, "grossProfit": 3664500000, "researchDevelopment": {}, "sellingGeneralAdministrative": 1197900000, "nonRecurring": {}, "otherOperatingExpenses": 1307600000, "totalOperatingExpenses": 12834700000, "operatingIncome": 488800000, "totalOtherIncomeExpenseNet": 419600000, "ebit": 488800000, "interestExpense": -6100000, "incomeBeforeTax": 908400000, "incomeTaxExpense": 57700000, "minorityInterest": {}, "netIncomeFromContinuingOps": 850700000, "discontinuedOperations": {}, "extraordinaryItems": {}, "effectOfAccountingCharges": {}, "otherItems": {}, "netIncome": 850700000, "netIncomeApplicableToCommonShares": 850700000}, {"maxAge": 1, "endDate": "2019-06-30", "totalRevenue": 12099400000, "costOfRevenue": 8422100000, "grossProfit": 3677300000, "researchDevelopment": {}, "sellingGeneralAdministrative": 1283500000, "nonRecurring": {}, "otherOperatingExpenses": 1432200000, "totalOperatingExpenses": 11779400000, "operatingIncome": 320000000, "totalOtherIncomeExpenseNet": 377400000, "ebit": 320000000, "interestExpense": -11400000, "incomeBeforeTax": 697400000, "incomeTaxExpense": 3000000, "minorityInterest": {}, "netIncomeFromContinuingOps": 694400000, "discontinuedOperations": {}, "extraordinaryItems": {}, "effectOfAccountingCharges": {}, "otherItems": {}, "netIncome": 694400000, "netIncomeApplicableToCommonShares": 694400000}], "maxAge": 86400}, "cashflowStatementHistoryQuarterly": {"cashflowStatements": [{"maxAge": 1, "endDate": "2020-03-31", "netIncome": 2400100000, "changeToLiabilities": 0}, {"maxAge": 1, "endDate": "2019-12-31", "netIncome": 1134900000, "changeToLiabilities": 0}, {"maxAge": 1, "endDate": "2019-09-30", "netIncome": 850700000, "changeToLiabilities": 0}, {"maxAge": 1, "endDate": "2019-06-30", "netIncome": 694400000, "changeToLiabilities": 0}], "maxAge": 86400}, "insiderHolders": {"holders": [], "maxAge": 1}, "earnings": {"maxAge": 86400, "earningsChart": {"quarterly": [{"date": "1Q2017", "actual": -3.46, "estimate": 6.56}, {"date": "3Q2017", "actual": 10.69, "estimate": 9.45}, {"date": "4Q2017", "actual": 14.66, "estimate": 5.25}, {"date": "2Q2018", "actual": 11.94, "estimate": 14.69}], "currentQuarterEstimateDate": "3Q", "currentQuarterEstimateYear": 2018, "earningsDate": ["2020-08-31 05:30:S"]}, "financialsChart": {"yearly": [{"date": 2017, "revenue": 45887700000, "earnings": 5287900000}, {"date": 2018, "revenue": 58373100000, "earnings": 7949400000}, {"date": 2019, "revenue": 58960200000, "earnings": 7497400000}, {"date": 2020, "revenue": 51624200000, "earnings": 5080100000}], "quarterly": [{"date": "2Q2019", "revenue": 12099400000, "earnings": 694400000}, {"date": "3Q2019", "revenue": 13323500000, "earnings": 850700000}, {"date": "4Q2019", "revenue": 12776600000, "earnings": 1134900000}, {"date": "1Q2020", "revenue": 13424700000, "earnings": 2400100000}]}, "financialCurrency": "INR"}, "calendarEvents": {"maxAge": 1, "earnings": {"earningsDate": ["2020-08-31 05:30:S"], "revenueAverage": 16822300000}}, "upgradeDowngradeHistory": {"history": [], "maxAge": 86400}, "price": {"maxAge": 1, "regularMarketChangePercent": 0.0083600385, "regularMarketChange": 3.0, "regularMarketTime": "2021-04-30 15:43:00", "priceHint": 2, "regularMarketPrice": 361.85, "regularMarketDayHigh": 373.4, "regularMarketDayLow": 350.05, "regularMarketVolume": 224442, "averageDailyVolume10Day": 77219, "averageDailyVolume3Month": 77197, "regularMarketPreviousClose": 358.85, "regularMarketSource": "FREE_REALTIME", "regularMarketOpen": 356.0, "exchange": "BSE", "exchangeName": "BSE", "exchangeDataDelayedBy": 0, "marketState": "CLOSED", "quoteType": "EQUITY", "symbol": "GNFC.BO", "underlyingSymbol": null, "shortName": "GUJARAT NARMADA VALLEY FERTILI", "longName": "Gujarat Narmada Valley Fertilizers &amp; Chemicals Limited", "currency": "INR", "quoteSourceName": "Delayed Quote", "currencySymbol": "\u20b9", "fromCurrency": null, "lastMarket": null, "marketCap": 56238370816}, "balanceSheetHistory": {"balanceSheetStatements": [{"maxAge": 1, "endDate": "2020-03-31", "cash": 657400000, "netReceivables": 14774600000, "inventory": 9323500000, "otherCurrentAssets": 11552400000, "totalCurrentAssets": 36481600000, "longTermInvestments": 6727200000, "propertyPlantEquipment": 38517500000, "intangibleAssets": 224800000, "otherAssets": 2235500000, "totalAssets": 84186600000, "accountsPayable": 5134000000, "otherCurrentLiab": 3171700000, "otherLiab": 13184300000, "totalCurrentLiabilities": 18002700000, "totalLiab": 31193700000, "commonStock": 1554200000, "retainedEarnings": 44764900000, "treasuryStock": 3540700000, "capitalSurplus": 3133100000, "otherStockholderEquity": 3540700000, "totalStockholderEquity": 52992900000, "netTangibleAssets": 52768100000}, {"maxAge": 1, "endDate": "2019-03-31", "cash": 1642500000, "netReceivables": 13060000000, "inventory": 8290300000, "otherCurrentAssets": 1835700000, "totalCurrentAssets": 24878800000, "longTermInvestments": 7993200000, "propertyPlantEquipment": 39410600000, "intangibleAssets": 246600000, "otherAssets": 3563200000, "totalAssets": 76092400000, "accountsPayable": 3947500000, "otherCurrentLiab": 3262600000, "otherLiab": 15224000000, "totalCurrentLiabilities": 10221100000, "totalLiab": 25445100000, "commonStock": 1554200000, "retainedEarnings": 41140500000, "treasuryStock": 4819500000, "capitalSurplus": 3133100000, "otherStockholderEquity": 4819500000, "totalStockholderEquity": 50647300000, "netTangibleAssets": 50400700000}, {"maxAge": 1, "endDate": "2018-03-31", "cash": 61500000, "netReceivables": 12066000000, "inventory": 6806400000, "otherCurrentAssets": 2104800000, "totalCurrentAssets": 21074000000, "longTermInvestments": 7850900000, "propertyPlantEquipment": 41284000000, "intangibleAssets": 274100000, "otherAssets": 1827700000, "totalAssets": 72310700000, "accountsPayable": 4260700000, "shortLongTermDebt": 734700000, "otherCurrentLiab": 3237600000, "otherLiab": 15325800000, "totalCurrentLiabilities": 11814500000, "totalLiab": 27140300000, "commonStock": 1554200000, "retainedEarnings": 35532800000, "treasuryStock": 4950300000, "capitalSurplus": 3133100000, "otherStockholderEquity": 4950300000, "totalStockholderEquity": 45170400000, "netTangibleAssets": 44896300000}, {"maxAge": 1, "endDate": "2017-03-31", "cash": 41000000, "netReceivables": 14916700000, "inventory": 6617900000, "otherCurrentAssets": 2960000000, "totalCurrentAssets": 24569500000, "longTermInvestments": 8160900000, "propertyPlantEquipment": 44102900000, "intangibleAssets": 269300000, "otherAssets": 2459300000, "totalAssets": 79561900000, "accountsPayable": 3401100000, "shortLongTermDebt": 3522000000, "otherCurrentLiab": 2763500000, "longTermDebt": 5334100000, "otherLiab": 14607100000, "totalCurrentLiabilities": 21068400000, "totalLiab": 41009600000, "commonStock": 1554200000, "retainedEarnings": 28785900000, "treasuryStock": 5079100000, "capitalSurplus": 3133100000, "otherStockholderEquity": 5079100000, "totalStockholderEquity": 38552300000, "netTangibleAssets": 38283000000}], "maxAge": 86400}, "earningsTrend": {"trend": [{"maxAge": 1, "period": "0q", "endDate": "2018-09-30", "growth": {}, "earningsEstimate": {"avg": 0.0, "low": 0.0, "high": 0.0, "yearAgoEps": -3.46, "numberOfAnalysts": 0, "growth": {}}, "revenueEstimate": {"avg": 16822300000, "low": 0, "high": 0, "numberOfAnalysts": 0, "yearAgoRevenue": 15067500000, "growth": 0.116000004}, "epsTrend": {"current": 0.0, "7daysAgo": 0.0, "30daysAgo": 0.0, "60daysAgo": 0.0, "90daysAgo": 0.0}, "epsRevisions": {"upLast7days": 0, "upLast30days": 0, "downLast30days": 0, "downLast90days": {}}}, {"maxAge": 1, "period": "+1q", "endDate": "2018-12-31", "growth": {}, "earningsEstimate": {"avg": 0.0, "low": 0.0, "high": 0.0, "yearAgoEps": 10.69, "numberOfAnalysts": 0, "growth": {}}, "revenueEstimate": {"avg": 0, "low": 0, "high": 0, "numberOfAnalysts": 0, "yearAgoRevenue": {}, "growth": {}}, "epsTrend": {"current": 0.0, "7daysAgo": 0.0, "30daysAgo": 0.0, "60daysAgo": 0.0, "90daysAgo": 0.0}, "epsRevisions": {"upLast7days": 0, "upLast30days": 0, "downLast30days": 0, "downLast90days": {}}}, {"maxAge": 1, "period": "0y", "endDate": "2019-03-31", "growth": {}, "earningsEstimate": {"avg": 0.0, "low": 0.0, "high": 0.0, "yearAgoEps": {}, "numberOfAnalysts": 0, "growth": {}}, "revenueEstimate": {"avg": 69815800000, "low": 69815800000, "high": 69815800000, "numberOfAnalysts": 1, "yearAgoRevenue": 68373100000, "growth": 0.021}, "epsTrend": {"current": 0.0, "7daysAgo": 63.98, "30daysAgo": 63.98, "60daysAgo": 63.98, "90daysAgo": 63.98}, "epsRevisions": {"upLast7days": 0, "upLast30days": 0, "downLast30days": 0, "downLast90days": {}}}, {"maxAge": 1, "period": "+1y", "endDate": "2020-03-31", "growth": {}, "earningsEstimate": {"avg": 0.0, "low": 0.0, "high": 0.0, "yearAgoEps": {}, "numberOfAnalysts": 0, "growth": {}}, "revenueEstimate": {"avg": 81684400000, "low": 81684400000, "high": 81684400000, "numberOfAnalysts": 1, "yearAgoRevenue": 69815800000, "growth": 0.17}, "epsTrend": {"current": 0.0, "7daysAgo": 76.33, "30daysAgo": 76.33, "60daysAgo": 76.33, "90daysAgo": 76.33}, "epsRevisions": {"upLast7days": 0, "upLast30days": 0, "downLast30days": 0, "downLast90days": {}}}, {"maxAge": 1, "period": "+5y", "endDate": null, "growth": {}, "earningsEstimate": {"avg": {}, "low": {}, "high": {}, "yearAgoEps": {}, "numberOfAnalysts": {}, "growth": {}}, "revenueEstimate": {"avg": {}, "low": {}, "high": {}, "numberOfAnalysts": {}, "yearAgoRevenue": {}, "growth": {}}, "epsTrend": {"current": {}, "7daysAgo": {}, "30daysAgo": {}, "60daysAgo": {}, "90daysAgo": {}}, "epsRevisions": {"upLast7days": {}, "upLast30days": {}, "downLast30days": {}, "downLast90days": {}}}, {"maxAge": 1, "period": "-5y", "endDate": null, "growth": {}, "earningsEstimate": {"avg": {}, "low": {}, "high": {}, "yearAgoEps": {}, "numberOfAnalysts": {}, "growth": {}}, "revenueEstimate": {"avg": {}, "low": {}, "high": {}, "numberOfAnalysts": {}, "yearAgoRevenue": {}, "growth": {}}, "epsTrend": {"current": {}, "7daysAgo": {}, "30daysAgo": {}, "60daysAgo": {}, "90daysAgo": {}}, "epsRevisions": {"upLast7days": {}, "upLast30days": {}, "downLast30days": {}, "downLast90days": {}}}], "maxAge": 1}, "financialData": {"maxAge": 86400, "currentPrice": 361.85, "targetHighPrice": 105.0, "targetLowPrice": 105.0, "targetMeanPrice": 105.0, "targetMedianPrice": 105.0, "recommendationKey": "none", "numberOfAnalystOpinions": 1, "grossProfits": 14674200000, "financialCurrency": "INR"}}}