{"GOCLCORP.BO": {"recommendationTrend": {"trend": [{"period": "0m", "strongBuy": 0, "buy": 0, "hold": 0, "sell": 0, "strongSell": 0}, {"period": "-1m", "strongBuy": 0, "buy": 0, "hold": 0, "sell": 0, "strongSell": 0}, {"period": "-2m", "strongBuy": 0, "buy": 0, "hold": 0, "sell": 0, "strongSell": 0}, {"period": "-3m", "strongBuy": 0, "buy": 0, "hold": 0, "sell": 0, "strongSell": 0}], "maxAge": 86400}, "cashflowStatementHistory": {"cashflowStatements": [{"maxAge": 1, "endDate": "2020-03-31", "netIncome": 495965000, "depreciation": 69768000, "changeToNetincome": -425520000, "changeToAccountReceivables": -71027000, "changeToLiabilities": -208750000, "changeToInventory": 10845000, "totalCashFromOperatingActivities": -126950000, "capitalExpenditures": -172432000, "investments": 154831000, "otherCashflowsFromInvestingActivities": 444115000, "totalCashflowsFromInvestingActivities": -6059968000, "netBorrowings": 6525250000, "otherCashflowsFromFinancingActivities": -173692000, "totalCashFromFinancingActivities": 6252413000, "changeInCash": 65495000}, {"maxAge": 1, "endDate": "2019-03-31", "netIncome": 405585000, "depreciation": 58453000, "changeToNetincome": -224810000, "changeToAccountReceivables": 3426000, "changeToLiabilities": 214459000, "changeToInventory": -74111000, "totalCashFromOperatingActivities": 384404000, "capitalExpenditures": -137994000, "investments": -9838000, "otherCashflowsFromInvestingActivities": 583933000, "totalCashflowsFromInvestingActivities": 2881048000, "dividendsPaid": -178461000, "netBorrowings": -2642129000, "otherCashflowsFromFinancingActivities": -409814000, "totalCashFromFinancingActivities": -3230404000, "changeInCash": 35048000}, {"maxAge": 1, "endDate": "2018-03-31", "netIncome": 341078000, "depreciation": 55388000, "changeToNetincome": -220267000, "changeToAccountReceivables": -127349000, "changeToLiabilities": -1357000, "changeToInventory": 64771000, "totalCashFromOperatingActivities": 113702000, "capitalExpenditures": -205839000, "investments": -86553000, "otherCashflowsFromInvestingActivities": 627748000, "totalCashflowsFromInvestingActivities": 2683993000, "dividendsPaid": -79316000, "netBorrowings": -2262731000, "otherCashflowsFromFinancingActivities": -448125000, "totalCashFromFinancingActivities": -2790172000, "changeInCash": 7523000}, {"maxAge": 1, "endDate": "2017-03-31", "netIncome": 326552000, "depreciation": 54055000, "changeToNetincome": -159003000, "changeToAccountReceivables": -113286000, "changeToLiabilities": 41966000, "changeToInventory": 118646000, "totalCashFromOperatingActivities": 270339000, "capitalExpenditures": -110545000, "investments": -101271000, "otherCashflowsFromInvestingActivities": 747335000, "totalCashflowsFromInvestingActivities": 2419109000, "dividendsPaid": -88727000, "netBorrowings": -2133478000, "otherCashflowsFromFinancingActivities": -525221000, "totalCashFromFinancingActivities": -2747426000, "changeInCash": -57978000}], "maxAge": 86400}, "institutionOwnership": {"ownershipList": [], "maxAge": 1}, "balanceSheetHistoryQuarterly": {"balanceSheetStatements": [{"maxAge": 1, "endDate": "2020-06-30", "totalStockholderEquity": 9096153000, "netTangibleAssets": 9094057000}, {"maxAge": 1, "endDate": "2020-03-31", "cash": 260255000, "shortTermInvestments": 73889000, "netReceivables": 1076831000, "inventory": 637774000, "otherCurrentAssets": 240580000, "totalCurrentAssets": 2436827000, "longTermInvestments": 4702862000, "propertyPlantEquipment": 941715000, "intangibleAssets": 2096000, "otherAssets": 14756563000, "deferredLongTermAssetCharges": 28375000, "totalAssets": 22840063000, "accountsPayable": 577417000, "shortLongTermDebt": 44705000, "otherCurrentLiab": 249908000, "longTermDebt": 11398848000, "otherLiab": 928458000, "totalCurrentLiabilities": 1413331000, "totalLiab": 13743910000, "commonStock": 99145000, "retainedEarnings": 4290625000, "treasuryStock": 4706383000, "otherStockholderEquity": 4706383000, "totalStockholderEquity": 9096153000, "netTangibleAssets": 9094057000}, {"maxAge": 1, "endDate": "2019-12-31", "totalStockholderEquity": 9671668000, "netTangibleAssets": 9668939000}, {"maxAge": 1, "endDate": "2019-09-30", "cash": 635527000, "shortTermInvestments": 128091000, "netReceivables": 2590585000, "inventory": 1101099000, "otherCurrentAssets": 210489000, "totalCurrentAssets": 4665791000, "longTermInvestments": 5681428000, "propertyPlantEquipment": 887143000, "intangibleAssets": 2729000, "otherAssets": 3293093000, "deferredLongTermAssetCharges": 35436000, "totalAssets": 14530184000, "accountsPayable": 836559000, "shortLongTermDebt": 367052000, "otherCurrentLiab": 125678000, "longTermDebt": 19161000, "otherLiab": 932894000, "totalCurrentLiabilities": 3906461000, "totalLiab": 4858516000, "commonStock": 99145000, "treasuryStock": 9572523000, "otherStockholderEquity": 9572523000, "totalStockholderEquity": 9671668000, "netTangibleAssets": 9668939000}], "maxAge": 86400}, "earningsHistory": {"history": [{"maxAge": 1, "epsActual": {}, "epsEstimate": {}, "epsDifference": {}, "surprisePercent": {}, "quarter": {}, "period": "-4q"}, {"maxAge": 1, "epsActual": {}, "epsEstimate": {}, "epsDifference": {}, "surprisePercent": {}, "quarter": {}, "period": "-3q"}, {"maxAge": 1, "epsActual": {}, "epsEstimate": {}, "epsDifference": {}, "surprisePercent": {}, "quarter": {}, "period": "-2q"}, {"maxAge": 1, "epsActual": {}, "epsEstimate": {}, "epsDifference": {}, "surprisePercent": {}, "quarter": {}, "period": "-1q"}], "maxAge": 86400}, "indexTrend": {"maxAge": 1, "symbol": "SP5", "peRatio": 19.7411, "pegRatio": 1.34172, "estimates": [{"period": "0q", "growth": 0.549}, {"period": "+1q", "growth": 0.431}, {"period": "0y", "growth": 0.305}, {"period": "+1y", "growth": 0.109}, {"period": "+5y", "growth": 0.120865}, {"period": "-5y"}]}, "industryTrend": {"maxAge": 1, "symbol": null, "estimates": []}, "insiderTransactions": {"transactions": [{"maxAge": 1, "shares": 1061, "filerUrl": "", "transactionText": "", "filerName": "Satyanarayana (A)", "filerRelation": "Compliance Officer", "moneyText": "", "startDate": "2020-03-31", "ownership": "D"}, {"maxAge": 1, "shares": 0, "filerUrl": "", "transactionText": "", "filerName": "Pramanik (S)", "filerRelation": "Managing Director", "moneyText": "", "startDate": "2019-08-27", "ownership": "I"}, {"maxAge": 1, "shares": 1000, "filerUrl": "", "transactionText": "", "filerName": "Pramanik (S)", "filerRelation": "Managing Director", "moneyText": "", "startDate": "2019-08-26", "ownership": "D"}, {"maxAge": 1, "shares": 0, "filerUrl": "", "transactionText": "", "filerName": "Lakhi (Dilip Kumar)", "filerRelation": "UNREPORTED", "moneyText": "", "startDate": "2019-08-05", "ownership": "I"}, {"maxAge": 1, "shares": 832351, "filerUrl": "", "transactionText": "", "filerName": "Lakhi (Dilip Kumar)", "filerRelation": "UNREPORTED", "moneyText": "", "startDate": "2019-08-05", "ownership": "D"}, {"maxAge": 1, "shares": 500, "filerUrl": "", "transactionText": "", "filerName": "Satyanarayana (A)", "filerRelation": "Compliance Officer", "moneyText": "", "startDate": "2019-06-28", "ownership": "D"}, {"maxAge": 1, "shares": 700, "filerUrl": "", "transactionText": "", "filerName": "Ramachandran (M S)", "filerRelation": "Non Independent Executive Chairman", "moneyText": "", "startDate": "2019-06-27", "ownership": "D"}, {"maxAge": 1, "shares": 1721, "filerUrl": "", "transactionText": "", "filerName": "Ramachandran (M S)", "filerRelation": "Director (Non-Executive)", "moneyText": "", "startDate": "2019-06-19", "ownership": "D"}, {"maxAge": 1, "shares": 2500, "filerUrl": "", "transactionText": "", "filerName": "Ramachandran (M S)", "filerRelation": "Director (Non-Executive)", "moneyText": "", "startDate": "2019-06-11", "ownership": "D"}, {"maxAge": 1, "shares": 700, "filerUrl": "", "transactionText": "", "filerName": "Ramachandran (M S)", "filerRelation": "Independent Non-Executive Director", "moneyText": "", "startDate": "2019-03-02", "ownership": "D"}, {"maxAge": 1, "shares": 900, "filerUrl": "", "transactionText": "", "filerName": "Ramachandran (M S)", "filerRelation": "Independent Non-Executive Director", "moneyText": "", "startDate": "2019-03-01", "ownership": "D"}, {"maxAge": 1, "shares": 1572, "filerUrl": "", "transactionText": "", "filerName": "Ramachandran (M S)", "filerRelation": "Independent Non-Executive Director", "moneyText": "", "startDate": "2019-02-22", "ownership": "D"}, {"maxAge": 1, "shares": 500, "filerUrl": "", "transactionText": "", "filerName": "Satyanarayana (A)", "filerRelation": "Compliance officer", "moneyText": "", "startDate": "2019-01-10", "ownership": "D"}, {"maxAge": 1, "shares": 262, "filerUrl": "", "transactionText": "", "filerName": "Ramachandran (M S)", "filerRelation": "UNREPORTED", "moneyText": "", "startDate": "2018-10-26", "ownership": "D"}, {"maxAge": 1, "shares": 350, "filerUrl": "", "transactionText": "", "filerName": "Satyanarayana (A)", "filerRelation": "Compliance Officer", "moneyText": "", "startDate": "2018-10-03", "ownership": "D"}, {"maxAge": 1, "shares": 0, "filerUrl": "", "transactionText": "", "filerName": "Satyanarayana (A)", "filerRelation": "Compliance Officer", "moneyText": "", "startDate": "2018-10-03", "ownership": "I"}, {"maxAge": 1, "shares": 250, "filerUrl": "", "transactionText": "", "filerName": "Satyanarayana (A)", "filerRelation": "Compliance Officer", "moneyText": "", "startDate": "2018-08-29", "ownership": "D"}, {"maxAge": 1, "shares": 399, "filerUrl": "", "transactionText": "", "filerName": "Satyanarayana (A)", "filerRelation": "Compliance officer", "moneyText": "", "startDate": "2018-06-05", "ownership": "D"}, {"maxAge": 1, "shares": 875000, "filerUrl": "", "transactionText": "", "filerName": "Hinduja Power Ltd", "filerRelation": "Promoter", "moneyText": "", "startDate": "2017-10-13", "ownership": "D"}, {"maxAge": 1, "shares": 800000, "filerUrl": "", "transactionText": "", "filerName": "Hinduja Power Ltd", "filerRelation": "Promoter", "moneyText": "", "startDate": "2017-09-29", "ownership": "D"}, {"maxAge": 1, "shares": 800000, "filerUrl": "", "transactionText": "", "filerName": "Hinduja Power Ltd", "filerRelation": "Promoter", "moneyText": "", "startDate": "2017-09-21", "ownership": "D"}, {"maxAge": 1, "shares": 1380037, "filerUrl": "", "transactionText": "", "filerName": "Lakhi (Dilip Kumar)", "filerRelation": "UNREPORTED", "moneyText": "", "startDate": "2017-04-05", "ownership": "D"}, {"maxAge": 1, "shares": 33346, "filerUrl": "", "transactionText": "", "filerName": "Hinduja Power Ltd", "filerRelation": "Promoter", "moneyText": "", "startDate": "2017-03-30", "ownership": "D"}, {"maxAge": 1, "shares": 6000, "filerUrl": "", "transactionText": "", "filerName": "Lakhi (Manish)", "filerRelation": "UNREPORTED", "moneyText": "", "startDate": "2016-11-17", "ownership": "D"}, {"maxAge": 1, "shares": 7996, "filerUrl": "", "transactionText": "", "filerName": "Lakhi (Dilip Kumar)", "filerRelation": "UNREPORTED", "moneyText": "", "startDate": "2016-10-20", "ownership": "D"}, {"maxAge": 1, "shares": 250000, "filerUrl": "", "transactionText": "", "filerName": "Lakhi (Manish)", "filerRelation": "UNREPORTED", "moneyText": "", "startDate": "2016-10-14", "ownership": "D"}, {"maxAge": 1, "shares": 611800, "filerUrl": "", "transactionText": "", "filerName": "Hinduja Power Ltd", "filerRelation": "Promoter", "moneyText": "", "startDate": "2016-04-29", "ownership": "D"}, {"maxAge": 1, "shares": 490000, "filerUrl": "", "transactionText": "", "filerName": "Hinduja Power Ltd", "filerRelation": "Promoter", "moneyText": "", "startDate": "2016-04-26", "ownership": "D"}, {"maxAge": 1, "shares": 1343478, "filerUrl": "", "transactionText": "", "filerName": "Hinduja Power Ltd", "filerRelation": "Promoter", "moneyText": "", "startDate": "2016-04-22", "ownership": "D"}, {"maxAge": 1, "shares": 881317, "filerUrl": "", "transactionText": "", "filerName": "Lakhi (Girdharilal V)", "filerRelation": "UNREPORTED", "moneyText": "", "startDate": "2014-07-07", "ownership": "D"}, {"maxAge": 1, "shares": 965036, "filerUrl": "", "transactionText": "", "filerName": "Lakhi (Girdharilal V)", "filerRelation": "UNREPORTED", "moneyText": "", "startDate": "2014-07-02", "ownership": "D"}, {"maxAge": 1, "shares": 200000, "filerUrl": "", "transactionText": "", "filerName": "Lakhi (Girdharilal V)", "filerRelation": "UNREPORTED", "moneyText": "", "startDate": "2014-07-01", "ownership": "D"}, {"maxAge": 1, "shares": 2128500, "filerUrl": "", "transactionText": "", "filerName": "Bridge India Fund", "filerRelation": "Institution- Corporation", "moneyText": "", "startDate": "2014-03-28", "ownership": "D"}, {"maxAge": 1, "shares": 2000, "filerUrl": "", "transactionText": "", "filerName": "Subramanian (Venkata K N)", "filerRelation": "Director (Non-Executive)", "moneyText": "", "startDate": "2013-05-28", "ownership": "D"}, {"maxAge": 1, "shares": 5220000, "filerUrl": "", "transactionText": "", "filerName": "Credo India Thematic Fund Ltd", "filerRelation": "Institution- Corporation", "moneyText": "", "startDate": "2012-11-16", "ownership": "D"}, {"maxAge": 1, "shares": 10000, "filerUrl": "", "transactionText": "", "filerName": "Gopal (Raman)", "filerRelation": "UNREPORTED", "moneyText": "", "startDate": "2009-11-18", "ownership": "D"}], "maxAge": 1}, "quoteType": {"exchange": "BSE", "quoteType": "EQUITY", "symbol": "GOCLCORP.BO", "underlyingSymbol": "GOCLCORP.BO", "shortName": "GOCL Corporation Limited", "longName": "GOCL Corporation Limited", "firstTradeDateEpochUtc": "2002-07-01 09:15:00", "timeZoneFullName": "Asia/Kolkata", "timeZoneShortName": "IST", "uuid": "b6095db9-e9d7-3d83-839d-64f97474d172", "gmtOffSetMilliseconds": 19800000, "maxAge": 1}, "incomeStatementHistory": {"incomeStatementHistory": [{"maxAge": 1, "endDate": "2020-03-31", "totalRevenue": 4987741000, "costOfRevenue": 3315530000, "grossProfit": 1672211000, "researchDevelopment": {}, "sellingGeneralAdministrative": 558610000, "nonRecurring": {}, "otherOperatingExpenses": 928296000, "totalOperatingExpenses": 4875116000, "operatingIncome": 112625000, "totalOtherIncomeExpenseNet": 415155000, "ebit": 112625000, "interestExpense": -129498000, "incomeBeforeTax": 527780000, "incomeTaxExpense": 31815000, "minorityInterest": {}, "netIncomeFromContinuingOps": 495965000, "discontinuedOperations": {}, "extraordinaryItems": {}, "effectOfAccountingCharges": {}, "otherItems": {}, "netIncome": 495965000, "netIncomeApplicableToCommonShares": 495965000}, {"maxAge": 1, "endDate": "2019-03-31", "totalRevenue": 5320771000, "costOfRevenue": 3383978000, "grossProfit": 1936793000, "researchDevelopment": {}, "sellingGeneralAdministrative": 573090000, "nonRecurring": {}, "otherOperatingExpenses": 1009684000, "totalOperatingExpenses": 5026607000, "operatingIncome": 294164000, "totalOtherIncomeExpenseNet": 244930000, "ebit": 294164000, "interestExpense": -377711000, "incomeBeforeTax": 539094000, "incomeTaxExpense": 133509000, "minorityInterest": {}, "netIncomeFromContinuingOps": 405585000, "discontinuedOperations": {}, "extraordinaryItems": {}, "effectOfAccountingCharges": {}, "otherItems": {}, "netIncome": 405585000, "netIncomeApplicableToCommonShares": 405585000}, {"maxAge": 1, "endDate": "2018-03-31", "totalRevenue": 4827476000, "costOfRevenue": 3059882000, "grossProfit": 1767594000, "researchDevelopment": {}, "sellingGeneralAdministrative": 594610000, "nonRecurring": {}, "otherOperatingExpenses": 849763000, "totalOperatingExpenses": 4561081000, "operatingIncome": 266395000, "totalOtherIncomeExpenseNet": 211246000, "ebit": 266395000, "interestExpense": -319925000, "incomeBeforeTax": 477641000, "incomeTaxExpense": 136563000, "minorityInterest": {}, "netIncomeFromContinuingOps": 341078000, "discontinuedOperations": {}, "extraordinaryItems": {}, "effectOfAccountingCharges": {}, "otherItems": {}, "netIncome": 341078000, "netIncomeApplicableToCommonShares": 341078000}, {"maxAge": 1, "endDate": "2017-03-31", "totalRevenue": 4985818000, "costOfRevenue": 3078493000, "grossProfit": 1907325000, "researchDevelopment": {}, "sellingGeneralAdministrative": 628168000, "nonRecurring": {}, "otherOperatingExpenses": 967219000, "totalOperatingExpenses": 4729344000, "operatingIncome": 256474000, "totalOtherIncomeExpenseNet": 217679000, "ebit": 256474000, "interestExpense": -482525000, "incomeBeforeTax": 474153000, "incomeTaxExpense": 147601000, "minorityInterest": {}, "netIncomeFromContinuingOps": 326552000, "discontinuedOperations": {}, "extraordinaryItems": {}, "effectOfAccountingCharges": {}, "otherItems": {}, "netIncome": 326552000, "netIncomeApplicableToCommonShares": 326552000}], "maxAge": 86400}, "fundOwnership": {"ownershipList": [{"maxAge": 1, "reportDate": "2020-07-31", "organization": "DFA Emerging Markets Core Equity Portfolio", "pctHeld": 0.0002, "position": 9241, "value": 1432355}, {"maxAge": 1, "reportDate": "2020-07-31", "organization": "DFA Emerging Markets Small Cap Series", "pctHeld": 0.0001, "position": 4632, "value": 717960}], "maxAge": 1}, "summaryDetail": {"maxAge": 1, "priceHint": 2, "previousClose": 199.6, "open": 200.0, "dayLow": 196.15, "dayHigh": 203.3, "regularMarketPreviousClose": 199.6, "regularMarketOpen": 200.0, "regularMarketDayLow": 196.15, "regularMarketDayHigh": 203.3, "trailingPE": 16.234077, "volume": 381, "regularMarketVolume": 381, "averageVolume": 3724, "averageVolume10days": 3220, "averageDailyVolume10Day": 3220, "bid": 197.1, "ask": 207.5, "bidSize": 0, "askSize": 0, "marketCap": 10045906944, "fiftyTwoWeekLow": 111.0, "fiftyTwoWeekHigh": 294.4, "fiftyDayAverage": 213.78181, "twoHundredDayAverage": 191.95514, "trailingAnnualDividendRate": 2.0, "trailingAnnualDividendYield": 0.01002004, "currency": "INR", "fromCurrency": null, "lastMarket": null, "algorithm": null, "tradeable": false}, "sectorTrend": {"maxAge": 1, "symbol": null, "estimates": []}, "incomeStatementHistoryQuarterly": {"incomeStatementHistory": [{"maxAge": 1, "endDate": "2020-06-30", "totalRevenue": 1054696000, "costOfRevenue": 768239000, "grossProfit": 286457000, "researchDevelopment": {}, "sellingGeneralAdministrative": 124867000, "nonRecurring": {}, "otherOperatingExpenses": 162878000, "totalOperatingExpenses": 1074249000, "operatingIncome": -19553000, "totalOtherIncomeExpenseNet": 219074000, "ebit": -19553000, "interestExpense": -145525000, "incomeBeforeTax": 199521000, "incomeTaxExpense": 18232000, "minorityInterest": {}, "netIncomeFromContinuingOps": 181289000, "discontinuedOperations": {}, "extraordinaryItems": {}, "effectOfAccountingCharges": {}, "otherItems": {}, "netIncome": 181289000, "netIncomeApplicableToCommonShares": 181289000}, {"maxAge": 1, "endDate": "2020-03-31", "totalRevenue": 1334721000, "costOfRevenue": 975060000, "grossProfit": 359661000, "researchDevelopment": {}, "sellingGeneralAdministrative": 134757000, "nonRecurring": {}, "otherOperatingExpenses": 148650000, "totalOperatingExpenses": 1280402000, "operatingIncome": 54319000, "totalOtherIncomeExpenseNet": 92377000, "ebit": 54319000, "interestExpense": -25781000, "incomeBeforeTax": 146696000, "incomeTaxExpense": 8625000, "minorityInterest": {}, "netIncomeFromContinuingOps": 138071000, "discontinuedOperations": {}, "extraordinaryItems": {}, "effectOfAccountingCharges": {}, "otherItems": {}, "netIncome": 138071000, "netIncomeApplicableToCommonShares": 138071000}, {"maxAge": 1, "endDate": "2019-12-31", "totalRevenue": 1187130000, "costOfRevenue": 802439000, "grossProfit": 384691000, "researchDevelopment": {}, "sellingGeneralAdministrative": 135955000, "nonRecurring": {}, "otherOperatingExpenses": 215245000, "totalOperatingExpenses": 1171005000, "operatingIncome": 16125000, "totalOtherIncomeExpenseNet": 240108000, "ebit": 16125000, "interestExpense": -12759000, "incomeBeforeTax": 256233000, "incomeTaxExpense": 7582000, "minorityInterest": {}, "netIncomeFromContinuingOps": 248651000, "discontinuedOperations": {}, "extraordinaryItems": {}, "effectOfAccountingCharges": {}, "otherItems": {}, "netIncome": 248651000, "netIncomeApplicableToCommonShares": 248651000}, {"maxAge": 1, "endDate": "2019-09-30", "totalRevenue": 1134541000, "costOfRevenue": 684738000, "grossProfit": 449803000, "researchDevelopment": {}, "sellingGeneralAdministrative": 138750000, "nonRecurring": {}, "otherOperatingExpenses": 283002000, "totalOperatingExpenses": 1123251000, "operatingIncome": 11290000, "totalOtherIncomeExpenseNet": 30459000, "ebit": 11290000, "interestExpense": -27889000, "incomeBeforeTax": 41749000, "incomeTaxExpense": -8870000, "minorityInterest": {}, "netIncomeFromContinuingOps": 50619000, "discontinuedOperations": {}, "extraordinaryItems": {}, "effectOfAccountingCharges": {}, "otherItems": {}, "netIncome": 50619000, "netIncomeApplicableToCommonShares": 50619000}], "maxAge": 86400}, "cashflowStatementHistoryQuarterly": {"cashflowStatements": [{"maxAge": 1, "endDate": "2020-06-30", "netIncome": 181289000, "changeToLiabilities": 0}, {"maxAge": 1, "endDate": "2020-03-31", "netIncome": 138071000, "changeToLiabilities": 0}, {"maxAge": 1, "endDate": "2019-12-31", "netIncome": 248651000, "changeToLiabilities": 0}, {"maxAge": 1, "endDate": "2019-09-30", "netIncome": 50619000, "changeToLiabilities": 0}], "maxAge": 86400}, "insiderHolders": {"holders": [{"maxAge": 1, "name": "Bridge India Fund", "relation": "Institution- Corporation", "url": "", "transactionDescription": "Sale", "latestTransDate": "2014-03-28", "positionDirect": 7680657, "positionDirectDate": "2014-03-28"}, {"maxAge": 1, "name": "Credo India Thematic Fund Ltd", "relation": "Institution- Corporation", "url": "", "transactionDescription": "Acquisition", "latestTransDate": "2012-11-16", "positionDirect": 9809157, "positionDirectDate": "2012-11-16"}, {"maxAge": 1, "name": "Hinduja Power Ltd", "relation": "Promoter", "url": "", "transactionDescription": "Acquisition", "latestTransDate": "2017-10-13", "positionDirect": 37146791, "positionDirectDate": "2017-10-13"}, {"maxAge": 1, "name": "Lakhi (Dilip Kumar)", "relation": "UNREPORTED", "url": "", "transactionDescription": "Acquisition", "latestTransDate": "2019-08-05", "positionIndirect": 744467, "positionIndirectDate": 1564963200}, {"maxAge": 1, "name": "Lakhi (Girdharilal V)", "relation": "UNREPORTED", "url": "", "transactionDescription": "Sale", "latestTransDate": "2014-07-07", "positionDirect": 126877, "positionDirectDate": "2014-07-07"}, {"maxAge": 1, "name": "Lakhi (Manish)", "relation": "UNREPORTED", "url": "", "transactionDescription": "Acquisition", "latestTransDate": "2016-11-17", "positionDirect": 513559, "positionDirectDate": "2016-11-17"}, {"maxAge": 1, "name": "Pramanik (S)", "relation": "Managing Director", "url": "", "transactionDescription": "Acquisition", "latestTransDate": "2019-08-27", "positionIndirect": 10092, "positionIndirectDate": 1566864000}, {"maxAge": 1, "name": "Ramachandran (M S)", "relation": "Non Independent Executive Chairman", "url": "", "transactionDescription": "Acquisition", "latestTransDate": "2019-06-27", "positionDirect": 9155, "positionDirectDate": "2019-06-27"}, {"maxAge": 1, "name": "Satyanarayana (A)", "relation": "Compliance Officer", "url": "", "transactionDescription": "Acquisition", "latestTransDate": "2020-03-31", "positionDirect": 3061, "positionDirectDate": "2020-03-31"}, {"maxAge": 1, "name": "Subramanian (Venkata K N)", "relation": "Director (Non-Executive)", "url": "", "transactionDescription": "Acquisition", "latestTransDate": "2013-05-28", "positionDirect": 5500, "positionDirectDate": "2013-05-28"}], "maxAge": 1}, "earnings": {"maxAge": 86400, "earningsChart": {"quarterly": [], "earningsDate": []}, "financialsChart": {"yearly": [{"date": 2017, "revenue": 4985818000, "earnings": 326552000}, {"date": 2018, "revenue": 4827476000, "earnings": 341078000}, {"date": 2019, "revenue": 5320771000, "earnings": 405585000}, {"date": 2020, "revenue": 4987741000, "earnings": 495965000}], "quarterly": [{"date": "3Q2019", "revenue": 1134541000, "earnings": 50619000}, {"date": "4Q2019", "revenue": 1187130000, "earnings": 248651000}, {"date": "1Q2020", "revenue": 1334721000, "earnings": 138071000}, {"date": "2Q2020", "revenue": 1054696000, "earnings": 181289000}]}, "financialCurrency": "INR"}, "calendarEvents": {"maxAge": 1, "earnings": {"earningsDate": []}}, "upgradeDowngradeHistory": {"history": [], "maxAge": 86400}, "price": {"maxAge": 1, "regularMarketChangePercent": 0.015280499, "regularMarketChange": 3.0499878, "regularMarketTime": "2021-04-30 15:29:11", "priceHint": 2, "regularMarketPrice": 202.65, "regularMarketDayHigh": 203.3, "regularMarketDayLow": 196.15, "regularMarketVolume": 381, "averageDailyVolume10Day": 3220, "averageDailyVolume3Month": 3724, "regularMarketPreviousClose": 199.6, "regularMarketSource": "FREE_REALTIME", "regularMarketOpen": 200.0, "exchange": "BSE", "exchangeName": "BSE", "exchangeDataDelayedBy": 0, "marketState": "CLOSED", "quoteType": "EQUITY", "symbol": "GOCLCORP.BO", "underlyingSymbol": null, "shortName": "GOCL Corporation Limited", "longName": "GOCL Corporation Limited", "currency": "INR", "quoteSourceName": "Delayed Quote", "currencySymbol": "\u20b9", "fromCurrency": null, "lastMarket": null, "marketCap": 10045906944}, "balanceSheetHistory": {"balanceSheetStatements": [{"maxAge": 1, "endDate": "2020-03-31", "cash": 260255000, "shortTermInvestments": 73889000, "netReceivables": 1076831000, "inventory": 637774000, "otherCurrentAssets": 240580000, "totalCurrentAssets": 2436827000, "longTermInvestments": 4702862000, "propertyPlantEquipment": 941715000, "intangibleAssets": 2096000, "otherAssets": 14756563000, "deferredLongTermAssetCharges": 28375000, "totalAssets": 22840063000, "accountsPayable": 577417000, "shortLongTermDebt": 44705000, "otherCurrentLiab": 249908000, "longTermDebt": 11398848000, "otherLiab": 928458000, "totalCurrentLiabilities": 1413331000, "totalLiab": 13743910000, "commonStock": 99145000, "retainedEarnings": 4290625000, "treasuryStock": 4706383000, "otherStockholderEquity": 4706383000, "totalStockholderEquity": 9096153000, "netTangibleAssets": 9094057000}, {"maxAge": 1, "endDate": "2019-03-31", "cash": 194760000, "shortTermInvestments": 211461000, "netReceivables": 5909235000, "inventory": 648619000, "otherCurrentAssets": 322013000, "totalCurrentAssets": 7301755000, "longTermInvestments": 5422085000, "propertyPlantEquipment": 841362000, "intangibleAssets": 3458000, "otherAssets": 3296885000, "deferredLongTermAssetCharges": 33894000, "totalAssets": 16865545000, "accountsPayable": 646727000, "shortLongTermDebt": 3148974000, "otherCurrentLiab": 444577000, "longTermDebt": 1833432000, "otherLiab": 942017000, "totalCurrentLiabilities": 4662109000, "totalLiab": 7437558000, "commonStock": 99145000, "retainedEarnings": 3916114000, "treasuryStock": 5412728000, "otherStockholderEquity": 5412728000, "totalStockholderEquity": 9427987000, "netTangibleAssets": 9424529000}, {"maxAge": 1, "endDate": "2018-03-31", "cash": 159712000, "shortTermInvestments": 194356000, "netReceivables": 3866524000, "inventory": 574508000, "otherCurrentAssets": 254393000, "totalCurrentAssets": 5064882000, "longTermInvestments": 4399730000, "propertyPlantEquipment": 731714000, "intangibleAssets": 4250000, "otherAssets": 7860859000, "deferredLongTermAssetCharges": 11851000, "totalAssets": 18061435000, "accountsPayable": 581099000, "shortLongTermDebt": 2850712000, "otherCurrentLiab": 75850000, "longTermDebt": 4615552000, "otherLiab": 926782000, "totalCurrentLiabilities": 4310883000, "totalLiab": 9853217000, "commonStock": 99145000, "retainedEarnings": 3706778000, "treasuryStock": 4402295000, "otherStockholderEquity": 4402295000, "totalStockholderEquity": 8208218000, "netTangibleAssets": 8203968000}, {"maxAge": 1, "endDate": "2017-03-31", "cash": 152189000, "shortTermInvestments": 130629000, "netReceivables": 3393002000, "inventory": 639278000, "otherCurrentAssets": 248967000, "totalCurrentAssets": 4582281000, "longTermInvestments": 1609236000, "propertyPlantEquipment": 577374000, "intangibleAssets": 4126000, "otherAssets": 10562535000, "deferredLongTermAssetCharges": 55040000, "totalAssets": 17335552000, "accountsPayable": 395420000, "shortLongTermDebt": 2511193000, "otherCurrentLiab": 318834000, "longTermDebt": 7335692000, "otherLiab": 957126000, "totalCurrentLiabilities": 3871022000, "totalLiab": 12163840000, "commonStock": 99145000, "retainedEarnings": 3461989000, "treasuryStock": 1610578000, "otherStockholderEquity": 1610578000, "totalStockholderEquity": 5171712000, "netTangibleAssets": 5167586000}], "maxAge": 86400}, "earningsTrend": {"trend": [{"maxAge": 1, "period": "0q", "endDate": null, "growth": {}, "earningsEstimate": {"avg": 0.0, "low": 0.0, "high": 0.0, "yearAgoEps": {}, "numberOfAnalysts": 0, "growth": {}}, "revenueEstimate": {"avg": 0, "low": 0, "high": 0, "numberOfAnalysts": 0, "yearAgoRevenue": {}, "growth": {}}, "epsTrend": {"current": 0.0, "7daysAgo": 0.0, "30daysAgo": 0.0, "60daysAgo": 0.0, "90daysAgo": 0.0}, "epsRevisions": {"upLast7days": 0, "upLast30days": 0, "downLast30days": 0, "downLast90days": {}}}, {"maxAge": 1, "period": "+1q", "endDate": null, "growth": {}, "earningsEstimate": {"avg": 0.0, "low": 0.0, "high": 0.0, "yearAgoEps": {}, "numberOfAnalysts": 0, "growth": {}}, "revenueEstimate": {"avg": 0, "low": 0, "high": 0, "numberOfAnalysts": 0, "yearAgoRevenue": {}, "growth": {}}, "epsTrend": {"current": 0.0, "7daysAgo": 0.0, "30daysAgo": 0.0, "60daysAgo": 0.0, "90daysAgo": 0.0}, "epsRevisions": {"upLast7days": 0, "upLast30days": 0, "downLast30days": 0, "downLast90days": {}}}, {"maxAge": 1, "period": "0y", "endDate": null, "growth": {}, "earningsEstimate": {"avg": 0.0, "low": 0.0, "high": 0.0, "yearAgoEps": {}, "numberOfAnalysts": 0, "growth": {}}, "revenueEstimate": {"avg": 0, "low": 0, "high": 0, "numberOfAnalysts": 0, "yearAgoRevenue": {}, "growth": {}}, "epsTrend": {"current": 0.0, "7daysAgo": 0.0, "30daysAgo": 0.0, "60daysAgo": 0.0, "90daysAgo": 0.0}, "epsRevisions": {"upLast7days": 0, "upLast30days": 0, "downLast30days": 0, "downLast90days": {}}}, {"maxAge": 1, "period": "+1y", "endDate": null, "growth": {}, "earningsEstimate": {"avg": 0.0, "low": 0.0, "high": 0.0, "yearAgoEps": {}, "numberOfAnalysts": 0, "growth": {}}, "revenueEstimate": {"avg": 0, "low": 0, "high": 0, "numberOfAnalysts": 0, "yearAgoRevenue": {}, "growth": {}}, "epsTrend": {"current": 0.0, "7daysAgo": 0.0, "30daysAgo": 0.0, "60daysAgo": 0.0, "90daysAgo": 0.0}, "epsRevisions": {"upLast7days": 0, "upLast30days": 0, "downLast30days": 0, "downLast90days": {}}}, {"maxAge": 1, "period": "+5y", "endDate": null, "growth": {}, "earningsEstimate": {"avg": {}, "low": {}, "high": {}, "yearAgoEps": {}, "numberOfAnalysts": {}, "growth": {}}, "revenueEstimate": {"avg": {}, "low": {}, "high": {}, "numberOfAnalysts": {}, "yearAgoRevenue": {}, "growth": {}}, "epsTrend": {"current": {}, "7daysAgo": {}, "30daysAgo": {}, "60daysAgo": {}, "90daysAgo": {}}, "epsRevisions": {"upLast7days": {}, "upLast30days": {}, "downLast30days": {}, "downLast90days": {}}}, {"maxAge": 1, "period": "-5y", "endDate": null, "growth": {}, "earningsEstimate": {"avg": {}, "low": {}, "high": {}, "yearAgoEps": {}, "numberOfAnalysts": {}, "growth": {}}, "revenueEstimate": {"avg": {}, "low": {}, "high": {}, "numberOfAnalysts": {}, "yearAgoRevenue": {}, "growth": {}}, "epsTrend": {"current": {}, "7daysAgo": {}, "30daysAgo": {}, "60daysAgo": {}, "90daysAgo": {}}, "epsRevisions": {"upLast7days": {}, "upLast30days": {}, "downLast30days": {}, "downLast90days": {}}}], "maxAge": 1}, "financialData": {"maxAge": 86400, "currentPrice": 202.65, "targetHighPrice": 190.0, "targetLowPrice": 190.0, "targetMeanPrice": 190.0, "targetMedianPrice": 190.0, "recommendationKey": "none", "numberOfAnalystOpinions": 1, "grossProfits": 1672211000, "financialCurrency": "INR"}}}