{"GODAVARI.BO": {"recommendationTrend": {"trend": [{"period": "0m", "strongBuy": 0, "buy": 0, "hold": 0, "sell": 0, "strongSell": 0}, {"period": "-1m", "strongBuy": 0, "buy": 0, "hold": 0, "sell": 0, "strongSell": 0}, {"period": "-2m", "strongBuy": 0, "buy": 0, "hold": 0, "sell": 0, "strongSell": 0}, {"period": "-3m", "strongBuy": 0, "buy": 0, "hold": 0, "sell": 0, "strongSell": 0}], "maxAge": 86400}, "cashflowStatementHistory": {"cashflowStatements": [{"maxAge": 1, "endDate": "2020-03-31", "netIncome": 20007801, "depreciation": 11625830, "changeToNetincome": 24819369, "changeToAccountReceivables": -20629000, "changeToLiabilities": 0, "changeToInventory": -12841000, "changeToOperatingActivities": 39452000, "totalCashFromOperatingActivities": 62435000, "capitalExpenditures": -68894000, "otherCashflowsFromInvestingActivities": 2093000, "totalCashflowsFromInvestingActivities": -66801000, "netBorrowings": 31515000, "otherCashflowsFromFinancingActivities": -28142000, "totalCashFromFinancingActivities": 3373000, "changeInCash": -993000}, {"maxAge": 1, "endDate": "2019-03-31", "netIncome": 12084434, "depreciation": 10872784, "changeToNetincome": 29027782, "changeToAccountReceivables": -71782000, "changeToLiabilities": 0, "changeToInventory": -29992000, "changeToOperatingActivities": 86898000, "totalCashFromOperatingActivities": 37109000, "capitalExpenditures": -25817000, "otherCashflowsFromInvestingActivities": 2447000, "totalCashflowsFromInvestingActivities": -23370000, "netBorrowings": 14125000, "otherCashflowsFromFinancingActivities": -28768000, "totalCashFromFinancingActivities": -14643000, "changeInCash": -904000}, {"maxAge": 1, "endDate": "2018-03-31", "netIncome": 8293775, "depreciation": 9853276, "changeToNetincome": 16578949, "changeToAccountReceivables": -26064000, "changeToLiabilities": 0, "changeToInventory": -21446000, "changeToOperatingActivities": 50978000, "totalCashFromOperatingActivities": 38194000, "capitalExpenditures": -36222000, "otherCashflowsFromInvestingActivities": 6770000, "totalCashflowsFromInvestingActivities": -29452000, "netBorrowings": 22139000, "otherCashflowsFromFinancingActivities": -23546000, "totalCashFromFinancingActivities": -1407000, "changeInCash": 7335000}, {"maxAge": 1, "endDate": "2017-03-31", "netIncome": 18092133, "depreciation": 8068512, "changeToNetincome": 21019355, "changeToAccountReceivables": 3753000, "changeToLiabilities": 0, "changeToInventory": -5793000, "changeToOperatingActivities": 6319000, "totalCashFromOperatingActivities": 51459000, "capitalExpenditures": -37691000, "otherCashflowsFromInvestingActivities": 8023000, "totalCashflowsFromInvestingActivities": -29668000, "netBorrowings": 5064000, "otherCashflowsFromFinancingActivities": -24531000, "totalCashFromFinancingActivities": -19467000, "changeInCash": 2324000}], "maxAge": 86400}, "institutionOwnership": {"maxAge": 1, "ownershipList": []}, "balanceSheetHistoryQuarterly": {"balanceSheetStatements": [{"maxAge": 1, "endDate": "2020-06-30", "totalStockholderEquity": 202580614, "netTangibleAssets": 202580614}, {"maxAge": 1, "endDate": "2020-03-31", "cash": 14266373, "netReceivables": 369334629, "inventory": 177520098, "otherCurrentAssets": 47152778, "totalCurrentAssets": 608273878, "longTermInvestments": 1000, "propertyPlantEquipment": 227430737, "otherAssets": 3455677, "totalAssets": 839161292, "accountsPayable": 302728625, "shortLongTermDebt": 15238784, "otherCurrentLiab": 40210223, "longTermDebt": 111636124, "otherLiab": 12457840, "totalCurrentLiabilities": 512486714, "totalLiab": 636580678, "commonStock": 75305000, "retainedEarnings": 15456621, "treasuryStock": 5500000, "capitalSurplus": 106318993, "otherStockholderEquity": 5500000, "totalStockholderEquity": 202580614, "netTangibleAssets": 202580614}, {"maxAge": 1, "endDate": "2019-12-31", "totalStockholderEquity": 189620000, "netTangibleAssets": 189620000}, {"maxAge": 1, "endDate": "2019-09-30", "cash": 12968000, "netReceivables": 349331000, "inventory": 149859000, "otherCurrentAssets": 47832000, "totalCurrentAssets": 559990000, "longTermInvestments": 1000, "propertyPlantEquipment": 182229000, "otherAssets": 3942000, "totalAssets": 746162000, "accountsPayable": 264837000, "otherCurrentLiab": 22737000, "longTermDebt": 104236000, "otherLiab": 23491000, "totalCurrentLiabilities": 428815000, "totalLiab": 556542000, "commonStock": 75305000, "treasuryStock": 114315000, "otherStockholderEquity": 114315000, "totalStockholderEquity": 189620000, "netTangibleAssets": 189620000}], "maxAge": 86400}, "earningsHistory": {"history": [{"maxAge": 1, "epsActual": {}, "epsEstimate": {}, "epsDifference": {}, "surprisePercent": {}, "quarter": {}, "period": "-4q"}, {"maxAge": 1, "epsActual": {}, "epsEstimate": {}, "epsDifference": {}, "surprisePercent": {}, "quarter": {}, "period": "-3q"}, {"maxAge": 1, "epsActual": {}, "epsEstimate": {}, "epsDifference": {}, "surprisePercent": {}, "quarter": {}, "period": "-2q"}, {"maxAge": 1, "epsActual": {}, "epsEstimate": {}, "epsDifference": {}, "surprisePercent": {}, "quarter": {}, "period": "-1q"}], "maxAge": 86400}, "indexTrend": {"maxAge": 1, "symbol": "SP5", "peRatio": 19.7411, "pegRatio": 1.34172, "estimates": [{"period": "0q", "growth": 0.549}, {"period": "+1q", "growth": 0.431}, {"period": "0y", "growth": 0.305}, {"period": "+1y", "growth": 0.109}, {"period": "+5y", "growth": 0.120859005}, {"period": "-5y"}]}, "industryTrend": {"maxAge": 1, "symbol": null, "estimates": []}, "insiderTransactions": {"transactions": [{"maxAge": 1, "shares": 41000, "filerUrl": "", "transactionText": "", "filerName": "Kakani (Aksheit)", "filerRelation": "UNREPORTED", "moneyText": "", "startDate": "2020-03-19", "ownership": "D"}, {"maxAge": 1, "shares": 39000, "filerUrl": "", "transactionText": "", "filerName": "Jaju (Mohit)", "filerRelation": "Director (Executive)", "moneyText": "", "startDate": "2020-03-19", "ownership": "D"}, {"maxAge": 1, "shares": 60000, "filerUrl": "", "transactionText": "", "filerName": "Kakani (Tanushree)", "filerRelation": "UNREPORTED", "moneyText": "", "startDate": "2020-03-19", "ownership": "D"}], "maxAge": 1}, "quoteType": {"exchange": "BSE", "quoteType": "EQUITY", "symbol": "GODAVARI.BO", "underlyingSymbol": "GODAVARI.BO", "shortName": "GODAVARI DRUGS LTD.", "longName": "Godavari Drugs Limited", "firstTradeDateEpochUtc": "2002-01-25 09:15:00", "timeZoneFullName": "Asia/Kolkata", "timeZoneShortName": "IST", "uuid": "bf906cc0-d92b-314c-9f42-1b4815f002ab", "messageBoardId": null, "gmtOffSetMilliseconds": 19800000, "maxAge": 1}, "incomeStatementHistory": {"incomeStatementHistory": [{"maxAge": 1, "endDate": "2020-03-31", "totalRevenue": 959068401, "costOfRevenue": 768881854, "grossProfit": 190186547, "researchDevelopment": {}, "sellingGeneralAdministrative": 34931102, "nonRecurring": {}, "otherOperatingExpenses": 92786262, "totalOperatingExpenses": 908225048, "operatingIncome": 50843353, "totalOtherIncomeExpenseNet": -27953787, "ebit": 50843353, "interestExpense": -27453952, "incomeBeforeTax": 22889566, "incomeTaxExpense": 2881765, "minorityInterest": {}, "netIncomeFromContinuingOps": 20007801, "discontinuedOperations": {}, "extraordinaryItems": {}, "effectOfAccountingCharges": {}, "otherItems": {}, "netIncome": 20007801, "netIncomeApplicableToCommonShares": 20007801}, {"maxAge": 1, "endDate": "2019-03-31", "totalRevenue": 836388139, "costOfRevenue": 657446528, "grossProfit": 178941611, "researchDevelopment": {}, "sellingGeneralAdministrative": 34988012, "nonRecurring": {}, "otherOperatingExpenses": 88116757, "totalOperatingExpenses": 791424081, "operatingIncome": 44964058, "totalOtherIncomeExpenseNet": -27506055, "ebit": 44964058, "interestExpense": -28242451, "incomeBeforeTax": 17458003, "incomeTaxExpense": 5373569, "minorityInterest": {}, "netIncomeFromContinuingOps": 12084434, "discontinuedOperations": {}, "extraordinaryItems": {}, "effectOfAccountingCharges": {}, "otherItems": {}, "netIncome": 12084434, "netIncomeApplicableToCommonShares": 12084434}, {"maxAge": 1, "endDate": "2018-03-31", "totalRevenue": 644477561, "costOfRevenue": 495042989, "grossProfit": 149434572, "researchDevelopment": {}, "sellingGeneralAdministrative": 27156330, "nonRecurring": {}, "otherOperatingExpenses": 81656852, "totalOperatingExpenses": 613709447, "operatingIncome": 30768114, "totalOtherIncomeExpenseNet": -17629099, "ebit": 30768114, "interestExpense": -22694485, "incomeBeforeTax": 13139015, "incomeTaxExpense": 4845240, "minorityInterest": {}, "netIncomeFromContinuingOps": 8293775, "discontinuedOperations": {}, "extraordinaryItems": {}, "effectOfAccountingCharges": {}, "otherItems": {}, "netIncome": 8293775, "netIncomeApplicableToCommonShares": 8293775}, {"maxAge": 1, "endDate": "2017-03-31", "totalRevenue": 755985198, "costOfRevenue": 594089933, "grossProfit": 161895265, "researchDevelopment": {}, "sellingGeneralAdministrative": 24270815, "nonRecurring": {}, "otherOperatingExpenses": 85316330, "totalOperatingExpenses": 711745590, "operatingIncome": 44239608, "totalOtherIncomeExpenseNet": -17160817, "ebit": 44239608, "interestExpense": -23307130, "incomeBeforeTax": 27078791, "incomeTaxExpense": 8986658, "minorityInterest": {}, "netIncomeFromContinuingOps": 18092133, "discontinuedOperations": {}, "extraordinaryItems": {}, "effectOfAccountingCharges": {}, "otherItems": {}, "netIncome": 18092133, "netIncomeApplicableToCommonShares": 18092133}], "maxAge": 86400}, "fundOwnership": {"maxAge": 1, "ownershipList": []}, "summaryDetail": {"maxAge": 1, "priceHint": 2, "previousClose": 57.15, "open": 57.9, "dayLow": 56.0, "dayHigh": 58.15, "regularMarketPreviousClose": 57.15, "regularMarketOpen": 57.9, "regularMarketDayLow": 56.0, "regularMarketDayHigh": 58.15, "trailingPE": 17.421658, "volume": 7012, "regularMarketVolume": 7012, "averageVolume": 12156, "averageVolume10days": 4991, "averageDailyVolume10Day": 4991, "bid": 56.0, "ask": 56.9, "bidSize": 0, "askSize": 0, "marketCap": 422837600, "fiftyTwoWeekLow": 9.0, "fiftyTwoWeekHigh": 58.15, "fiftyDayAverage": 43.075714, "twoHundredDayAverage": 38.11788, "currency": "INR", "fromCurrency": null, "toCurrency": null, "lastMarket": null, "algorithm": null, "tradeable": false}, "sectorTrend": {"maxAge": 1, "symbol": null, "estimates": []}, "incomeStatementHistoryQuarterly": {"incomeStatementHistory": [{"maxAge": 1, "endDate": "2020-06-30", "totalRevenue": 257015000, "costOfRevenue": 198967000, "grossProfit": 58048000, "researchDevelopment": {}, "sellingGeneralAdministrative": 7778000, "nonRecurring": {}, "otherOperatingExpenses": 27506000, "totalOperatingExpenses": 237036000, "operatingIncome": 19979000, "totalOtherIncomeExpenseNet": -8488000, "ebit": 19979000, "interestExpense": -8488000, "incomeBeforeTax": 11491000, "incomeTaxExpense": 2984000, "minorityInterest": {}, "netIncomeFromContinuingOps": 8507000, "discontinuedOperations": {}, "extraordinaryItems": {}, "effectOfAccountingCharges": {}, "otherItems": {}, "netIncome": 8507000, "netIncomeApplicableToCommonShares": 8507000}, {"maxAge": 1, "endDate": "2020-03-31", "totalRevenue": 246466401, "costOfRevenue": 202084854, "grossProfit": 44381547, "researchDevelopment": {}, "sellingGeneralAdministrative": 9965102, "nonRecurring": {}, "otherOperatingExpenses": 19084262, "totalOperatingExpenses": 233902048, "operatingIncome": 12564353, "totalOtherIncomeExpenseNet": -8244787, "ebit": 12564353, "interestExpense": -6783952, "incomeBeforeTax": 4319566, "incomeTaxExpense": -3230235, "minorityInterest": {}, "netIncomeFromContinuingOps": 7549801, "discontinuedOperations": {}, "extraordinaryItems": {}, "effectOfAccountingCharges": {}, "otherItems": {}, "netIncome": 7549801, "netIncomeApplicableToCommonShares": 7549801}, {"maxAge": 1, "endDate": "2019-12-31", "totalRevenue": 259110000, "costOfRevenue": 208010000, "grossProfit": 51100000, "researchDevelopment": {}, "sellingGeneralAdministrative": 8580000, "nonRecurring": {}, "otherOperatingExpenses": 24800000, "totalOperatingExpenses": 244380000, "operatingIncome": 14730000, "totalOtherIncomeExpenseNet": -6920000, "ebit": 14730000, "interestExpense": -7090000, "incomeBeforeTax": 7810000, "incomeTaxExpense": 2400000, "minorityInterest": {}, "netIncomeFromContinuingOps": 5410000, "discontinuedOperations": {}, "extraordinaryItems": {}, "effectOfAccountingCharges": {}, "otherItems": {}, "netIncome": 5410000, "netIncomeApplicableToCommonShares": 5410000}, {"maxAge": 1, "endDate": "2019-09-30", "totalRevenue": 230724000, "costOfRevenue": 184053000, "grossProfit": 46671000, "researchDevelopment": {}, "sellingGeneralAdministrative": 8060000, "nonRecurring": {}, "otherOperatingExpenses": 24596000, "totalOperatingExpenses": 219657000, "operatingIncome": 11067000, "totalOtherIncomeExpenseNet": -6708000, "ebit": 11067000, "interestExpense": -6762000, "incomeBeforeTax": 4359000, "incomeTaxExpense": 1639000, "minorityInterest": {}, "netIncomeFromContinuingOps": 2720000, "discontinuedOperations": {}, "extraordinaryItems": {}, "effectOfAccountingCharges": {}, "otherItems": {}, "netIncome": 2720000, "netIncomeApplicableToCommonShares": 2720000}], "maxAge": 86400}, "cashflowStatementHistoryQuarterly": {"cashflowStatements": [{"maxAge": 1, "endDate": "2020-06-30", "netIncome": 8507000, "changeToLiabilities": 0}, {"maxAge": 1, "endDate": "2020-03-31", "netIncome": 7549801, "changeToLiabilities": 0}, {"maxAge": 1, "endDate": "2019-12-31", "netIncome": 5410000, "changeToLiabilities": 0}, {"maxAge": 1, "endDate": "2019-09-30", "netIncome": 2720000, "changeToLiabilities": 0}], "maxAge": 86400}, "insiderHolders": {"holders": [{"maxAge": 1, "name": "Jaju (Mohit)", "relation": "Director (Executive)", "url": "", "transactionDescription": "Acquisition", "latestTransDate": "2020-03-19", "positionDirect": 364000, "positionDirectDate": "2020-03-19"}, {"maxAge": 1, "name": "Kakani (Aksheit)", "relation": "UNREPORTED", "url": "", "transactionDescription": "Acquisition", "latestTransDate": "2020-03-19", "positionDirect": 326000, "positionDirectDate": "2020-03-19"}, {"maxAge": 1, "name": "Kakani (Tanushree)", "relation": "UNREPORTED", "url": "", "transactionDescription": "Acquisition", "latestTransDate": "2020-03-19", "positionDirect": 140000, "positionDirectDate": "2020-03-19"}], "maxAge": 1}, "earnings": {"maxAge": 86400, "earningsChart": {"quarterly": [], "earningsDate": []}, "financialsChart": {"yearly": [{"date": 2017, "revenue": 755985198, "earnings": 18092133}, {"date": 2018, "revenue": 644477561, "earnings": 8293775}, {"date": 2019, "revenue": 836388139, "earnings": 12084434}, {"date": 2020, "revenue": 959068401, "earnings": 20007801}], "quarterly": [{"date": "3Q2019", "revenue": 230724000, "earnings": 2720000}, {"date": "4Q2019", "revenue": 259110000, "earnings": 5410000}, {"date": "1Q2020", "revenue": 246466401, "earnings": 7549801}, {"date": "2Q2020", "revenue": 257015000, "earnings": 8507000}]}, "financialCurrency": "INR"}, "calendarEvents": {"maxAge": 1, "earnings": {"earningsDate": [], "revenueAverage": 168880000, "revenueLow": 168880000, "revenueHigh": 168880000}}, "price": {"maxAge": 1, "regularMarketChangePercent": -0.017497811, "regularMarketChange": -1.0, "regularMarketTime": "2021-04-30 15:18:37", "priceHint": 2, "regularMarketPrice": 56.15, "regularMarketDayHigh": 58.15, "regularMarketDayLow": 56.0, "regularMarketVolume": 7012, "averageDailyVolume10Day": 4991, "averageDailyVolume3Month": 12156, "regularMarketPreviousClose": 57.15, "regularMarketSource": "FREE_REALTIME", "regularMarketOpen": 57.9, "exchange": "BSE", "exchangeName": "BSE", "exchangeDataDelayedBy": 0, "marketState": "CLOSED", "quoteType": "EQUITY", "symbol": "GODAVARI.BO", "underlyingSymbol": null, "shortName": "GODAVARI DRUGS LTD.", "longName": "Godavari Drugs Limited", "currency": "INR", "quoteSourceName": "Delayed Quote", "currencySymbol": "\u20b9", "fromCurrency": null, "toCurrency": null, "lastMarket": null, "marketCap": 422837600}, "balanceSheetHistory": {"balanceSheetStatements": [{"maxAge": 1, "endDate": "2020-03-31", "cash": 14266373, "netReceivables": 369334629, "inventory": 177520098, "otherCurrentAssets": 47152778, "totalCurrentAssets": 608273878, "longTermInvestments": 1000, "propertyPlantEquipment": 227430737, "otherAssets": 3455677, "totalAssets": 839161292, "accountsPayable": 302728625, "shortLongTermDebt": 15238784, "otherCurrentLiab": 40210223, "longTermDebt": 111636124, "otherLiab": 12457840, "totalCurrentLiabilities": 512486714, "totalLiab": 636580678, "commonStock": 75305000, "retainedEarnings": 15456621, "treasuryStock": 5500000, "capitalSurplus": 106318993, "otherStockholderEquity": 5500000, "totalStockholderEquity": 202580614, "netTangibleAssets": 202580614}, {"maxAge": 1, "endDate": "2019-03-31", "cash": 15259407, "netReceivables": 347133757, "inventory": 164679376, "otherCurrentAssets": 37873585, "totalCurrentAssets": 564946125, "longTermInvestments": 1000, "propertyPlantEquipment": 170162661, "otherAssets": 2271398, "totalAssets": 737381184, "accountsPayable": 303628737, "shortLongTermDebt": 10433825, "otherCurrentLiab": 12758637, "longTermDebt": 80121392, "otherLiab": 12502913, "totalCurrentLiabilities": 462184066, "totalLiab": 554808371, "commonStock": 75305000, "retainedEarnings": -4551180, "treasuryStock": 5500000, "capitalSurplus": 106318993, "otherStockholderEquity": 5500000, "totalStockholderEquity": 182572813, "netTangibleAssets": 182572813}, {"maxAge": 1, "endDate": "2018-03-31", "cash": 16162657, "netReceivables": 274300731, "inventory": 134687274, "otherCurrentAssets": 47739495, "totalCurrentAssets": 472890157, "longTermInvestments": 1000, "propertyPlantEquipment": 155218090, "otherAssets": 2126798, "totalAssets": 630236045, "accountsPayable": 230209532, "shortLongTermDebt": 10307881, "otherCurrentLiab": 13183186, "longTermDebt": 65996143, "otherLiab": 19670797, "totalCurrentLiabilities": 374080726, "totalLiab": 459747666, "commonStock": 75305000, "retainedEarnings": -16635614, "treasuryStock": 5500000, "capitalSurplus": 106318993, "otherStockholderEquity": 5500000, "totalStockholderEquity": 170488379, "netTangibleAssets": 170488379}, {"maxAge": 1, "endDate": "2017-03-31", "cash": 8827876, "netReceivables": 284823251, "inventory": 113241532, "otherCurrentAssets": 18585318, "totalCurrentAssets": 426284662, "longTermInvestments": 1000, "propertyPlantEquipment": 128850065, "otherAssets": 1866798, "totalAssets": 557002525, "accountsPayable": 200596756, "otherCurrentLiab": 13826699, "longTermDebt": 43857183, "otherLiab": 15955295, "totalCurrentLiabilities": 334995444, "totalLiab": 394807922, "commonStock": 75305000, "retainedEarnings": -24929390, "treasuryStock": 5500000, "capitalSurplus": 106318993, "otherStockholderEquity": 5500000, "totalStockholderEquity": 162194603, "netTangibleAssets": 162194603}], "maxAge": 86400}, "earningsTrend": {"trend": [{"maxAge": 1, "period": "0q", "endDate": "2015-03-31", "growth": {}, "earningsEstimate": {"avg": 0.0, "low": 0.0, "high": 0.0, "yearAgoEps": {}, "numberOfAnalysts": 0, "growth": {}}, "revenueEstimate": {"avg": 168880000, "low": 168880000, "high": 168880000, "numberOfAnalysts": 1, "yearAgoRevenue": {}, "growth": {}}, "epsTrend": {"current": 0.0, "7daysAgo": 1.48, "30daysAgo": 1.48, "60daysAgo": 1.48, "90daysAgo": 1.48}, "epsRevisions": {"upLast7days": 0, "upLast30days": 0, "downLast30days": 0, "downLast90days": {}}}, {"maxAge": 1, "period": "+1q", "endDate": "2015-06-30", "growth": {}, "earningsEstimate": {"avg": 0.0, "low": 0.0, "high": 0.0, "yearAgoEps": {}, "numberOfAnalysts": 0, "growth": {}}, "revenueEstimate": {"avg": 0, "low": 0, "high": 0, "numberOfAnalysts": 0, "yearAgoRevenue": {}, "growth": {}}, "epsTrend": {"current": 0.0, "7daysAgo": 0.0, "30daysAgo": 0.0, "60daysAgo": 0.0, "90daysAgo": 0.0}, "epsRevisions": {"upLast7days": 0, "upLast30days": 0, "downLast30days": 0, "downLast90days": {}}}, {"maxAge": 1, "period": "0y", "endDate": "2015-03-31", "growth": {}, "earningsEstimate": {"avg": 0.0, "low": 0.0, "high": 0.0, "yearAgoEps": {}, "numberOfAnalysts": 0, "growth": {}}, "revenueEstimate": {"avg": 568440000, "low": 568440000, "high": 568440000, "numberOfAnalysts": 1, "yearAgoRevenue": {}, "growth": {}}, "epsTrend": {"current": 0.0, "7daysAgo": 5.26, "30daysAgo": 5.26, "60daysAgo": 5.26, "90daysAgo": 5.26}, "epsRevisions": {"upLast7days": 0, "upLast30days": 0, "downLast30days": 0, "downLast90days": {}}}, {"maxAge": 1, "period": "+1y", "endDate": "2016-03-31", "growth": {}, "earningsEstimate": {"avg": 0.0, "low": 0.0, "high": 0.0, "yearAgoEps": {}, "numberOfAnalysts": 0, "growth": {}}, "revenueEstimate": {"avg": 0, "low": 630970000, "high": 630970000, "numberOfAnalysts": 1, "yearAgoRevenue": 568440000, "growth": {}}, "epsTrend": {"current": 0.0, "7daysAgo": 5.95, "30daysAgo": 5.95, "60daysAgo": 5.95, "90daysAgo": 5.95}, "epsRevisions": {"upLast7days": 0, "upLast30days": 0, "downLast30days": 0, "downLast90days": {}}}, {"maxAge": 1, "period": "+5y", "endDate": null, "growth": {}, "earningsEstimate": {"avg": {}, "low": {}, "high": {}, "yearAgoEps": {}, "numberOfAnalysts": {}, "growth": {}}, "revenueEstimate": {"avg": {}, "low": {}, "high": {}, "numberOfAnalysts": {}, "yearAgoRevenue": {}, "growth": {}}, "epsTrend": {"current": {}, "7daysAgo": {}, "30daysAgo": {}, "60daysAgo": {}, "90daysAgo": {}}, "epsRevisions": {"upLast7days": {}, "upLast30days": {}, "downLast30days": {}, "downLast90days": {}}}, {"maxAge": 1, "period": "-5y", "endDate": null, "growth": {}, "earningsEstimate": {"avg": {}, "low": {}, "high": {}, "yearAgoEps": {}, "numberOfAnalysts": {}, "growth": {}}, "revenueEstimate": {"avg": {}, "low": {}, "high": {}, "numberOfAnalysts": {}, "yearAgoRevenue": {}, "growth": {}}, "epsTrend": {"current": {}, "7daysAgo": {}, "30daysAgo": {}, "60daysAgo": {}, "90daysAgo": {}}, "epsRevisions": {"upLast7days": {}, "upLast30days": {}, "downLast30days": {}, "downLast90days": {}}}], "maxAge": 1}, "financialData": {"maxAge": 86400, "currentPrice": 56.15, "targetHighPrice": 102.0, "targetLowPrice": 102.0, "targetMeanPrice": 102.0, "targetMedianPrice": 102.0, "recommendationKey": "none", "numberOfAnalystOpinions": 1, "grossProfits": 190186547, "financialCurrency": "INR"}}}