{"GODFRYPHLP.BO": {"recommendationTrend": {"trend": [{"period": "0m", "strongBuy": 0, "buy": 0, "hold": 0, "sell": 0, "strongSell": 0}, {"period": "-1m", "strongBuy": 0, "buy": 0, "hold": 0, "sell": 0, "strongSell": 0}, {"period": "-2m", "strongBuy": 0, "buy": 0, "hold": 0, "sell": 0, "strongSell": 0}, {"period": "-3m", "strongBuy": 0, "buy": 0, "hold": 0, "sell": 0, "strongSell": 0}], "maxAge": 86400}, "cashflowStatementHistory": {"cashflowStatements": [{"maxAge": 1, "endDate": "2020-03-31", "netIncome": 3848712000, "depreciation": 1542224000, "changeToNetincome": -468826000, "changeToAccountReceivables": -423030000, "changeToLiabilities": -294848000, "changeToInventory": -463977000, "totalCashFromOperatingActivities": 3750190000, "capitalExpenditures": -1223816000, "investments": 407327000, "otherCashflowsFromInvestingActivities": 82283000, "totalCashflowsFromInvestingActivities": -715944000, "dividendsPaid": -1723456000, "netBorrowings": -604171000, "otherCashflowsFromFinancingActivities": -705656000, "totalCashFromFinancingActivities": -3033283000, "effectOfExchangeRate": 52000, "changeInCash": 1015000}, {"maxAge": 1, "endDate": "2019-03-31", "netIncome": 2603099000, "depreciation": 973776000, "changeToNetincome": -731343000, "changeToAccountReceivables": -3496000, "changeToLiabilities": 1327016000, "changeToInventory": -562015000, "totalCashFromOperatingActivities": 3618986000, "capitalExpenditures": -1308707000, "investments": -1928801000, "otherCashflowsFromInvestingActivities": 121341000, "totalCashflowsFromInvestingActivities": -3098612000, "dividendsPaid": -412358000, "netBorrowings": 143488000, "otherCashflowsFromFinancingActivities": -165364000, "totalCashFromFinancingActivities": -434234000, "effectOfExchangeRate": 43000, "changeInCash": 86183000}, {"maxAge": 1, "endDate": "2018-03-31", "netIncome": 1591070000, "depreciation": 964008000, "changeToNetincome": -413893000, "changeToAccountReceivables": 636994000, "changeToLiabilities": 1695611000, "changeToInventory": 663546000, "totalCashFromOperatingActivities": 5157634000, "capitalExpenditures": -615226000, "investments": -3500265000, "otherCashflowsFromInvestingActivities": 40607000, "totalCashflowsFromInvestingActivities": -4048741000, "dividendsPaid": -414310000, "netBorrowings": -465603000, "otherCashflowsFromFinancingActivities": -111238000, "totalCashFromFinancingActivities": -991151000, "effectOfExchangeRate": -101000, "changeInCash": 117640000}, {"maxAge": 1, "endDate": "2017-03-31", "netIncome": 1372280000, "depreciation": 957876000, "changeToNetincome": -365517000, "changeToAccountReceivables": -656026000, "changeToLiabilities": 262287000, "changeToInventory": 861623000, "totalCashFromOperatingActivities": 2453011000, "capitalExpenditures": -693552000, "investments": -535756000, "otherCashflowsFromInvestingActivities": -28941000, "totalCashflowsFromInvestingActivities": -1245680000, "dividendsPaid": -415125000, "netBorrowings": -679357000, "otherCashflowsFromFinancingActivities": -154098000, "totalCashFromFinancingActivities": -1248580000, "effectOfExchangeRate": -69000, "changeInCash": -41318000}], "maxAge": 86400}, "institutionOwnership": {"ownershipList": [], "maxAge": 1}, "balanceSheetHistoryQuarterly": {"balanceSheetStatements": [{"maxAge": 1, "endDate": "2020-06-30", "totalStockholderEquity": 21873300000, "netTangibleAssets": 21827700000}, {"maxAge": 1, "endDate": "2020-03-31", "cash": 246434000, "netReceivables": 790448000, "inventory": 6879472000, "otherCurrentAssets": 1313408000, "totalCurrentAssets": 10567369000, "longTermInvestments": 11219108000, "propertyPlantEquipment": 10182435000, "intangibleAssets": 45616000, "otherAssets": 936902000, "totalAssets": 32951430000, "accountsPayable": 2021963000, "otherCurrentLiab": 585476000, "longTermDebt": 9063000, "otherLiab": 560365000, "minorityInterest": 285712000, "totalCurrentLiabilities": 7385702000, "totalLiab": 10792453000, "commonStock": 103988000, "retainedEarnings": 20904628000, "treasuryStock": 864649000, "otherStockholderEquity": 864649000, "totalStockholderEquity": 21873265000, "netTangibleAssets": 21827649000}, {"maxAge": 1, "endDate": "2019-12-31", "totalStockholderEquity": 21946200000, "netTangibleAssets": 21918400000}, {"maxAge": 1, "endDate": "2019-09-30", "cash": 469500000, "shortTermInvestments": 3318300000, "netReceivables": 1158300000, "inventory": 6628400000, "otherCurrentAssets": 997800000, "totalCurrentAssets": 12572300000, "longTermInvestments": 9255400000, "propertyPlantEquipment": 10575900000, "intangibleAssets": 27800000, "otherAssets": 750500000, "deferredLongTermAssetCharges": 5600000, "totalAssets": 33181900000, "accountsPayable": 2276700000, "otherCurrentLiab": 3944500000, "longTermDebt": 8700000, "otherLiab": 557500000, "minorityInterest": 309700000, "totalCurrentLiabilities": 7440000000, "totalLiab": 10926000000, "commonStock": 104000000, "treasuryStock": 21842200000, "otherStockholderEquity": 21842200000, "totalStockholderEquity": 21946200000, "netTangibleAssets": 21918400000}], "maxAge": 86400}, "earningsHistory": {"history": [{"maxAge": 1, "epsActual": {}, "epsEstimate": {}, "epsDifference": {}, "surprisePercent": {}, "quarter": {}, "period": "-4q"}, {"maxAge": 1, "epsActual": {}, "epsEstimate": {}, "epsDifference": {}, "surprisePercent": {}, "quarter": {}, "period": "-3q"}, {"maxAge": 1, "epsActual": {}, "epsEstimate": {}, "epsDifference": {}, "surprisePercent": {}, "quarter": {}, "period": "-2q"}, {"maxAge": 1, "epsActual": {}, "epsEstimate": {}, "epsDifference": {}, "surprisePercent": {}, "quarter": {}, "period": "-1q"}], "maxAge": 86400}, "indexTrend": {"maxAge": 1, "symbol": "SP5", "peRatio": 19.7411, "pegRatio": 1.34172, "estimates": [{"period": "0q", "growth": 0.549}, {"period": "+1q", "growth": 0.431}, {"period": "0y", "growth": 0.305}, {"period": "+1y", "growth": 0.109}, {"period": "+5y", "growth": 0.120865}, {"period": "-5y"}]}, "industryTrend": {"maxAge": 1, "symbol": null, "estimates": []}, "insiderTransactions": {"transactions": [{"maxAge": 1, "shares": 67042, "value": 786617, "filerUrl": "", "transactionText": "Acquisition at price 11.73 per share.", "filerName": "K K Modi Investment & Financial Services Pvt Ltd", "filerRelation": "Promoter", "moneyText": "", "startDate": "2020-11-13", "ownership": "D"}, {"maxAge": 1, "shares": 0, "filerUrl": "", "transactionText": "", "filerName": "K K Modi Investment & Financial Services Pvt Ltd", "filerRelation": "Promoter", "moneyText": "", "startDate": "2020-09-30", "ownership": "I"}, {"maxAge": 1, "shares": 7042, "value": 88038, "filerUrl": "", "transactionText": "Acquisition at price 12.50 per share.", "filerName": "K K Modi Investment & Financial Services Pvt Ltd", "filerRelation": "Promoter", "moneyText": "", "startDate": "2020-09-30", "ownership": "D"}, {"maxAge": 1, "shares": 0, "filerUrl": "", "transactionText": "", "filerName": "K K Modi Investment & Financial Services Pvt Ltd", "filerRelation": "Promoter", "moneyText": "", "startDate": "2020-09-29", "ownership": "I"}, {"maxAge": 1, "shares": 11403, "filerUrl": "", "transactionText": "", "filerName": "K K Modi Investment & Financial Services Pvt Ltd", "filerRelation": "Promoter", "moneyText": "", "startDate": "2020-09-28", "ownership": "D"}, {"maxAge": 1, "shares": 1956, "value": 24376, "filerUrl": "", "transactionText": "Acquisition at price 12.46 per share.", "filerName": "K K Modi Investment & Financial Services Pvt Ltd", "filerRelation": "Promoter", "moneyText": "", "startDate": "2020-09-25", "ownership": "D"}, {"maxAge": 1, "shares": 4500, "value": 55815, "filerUrl": "", "transactionText": "Acquisition at price 12.40 per share.", "filerName": "K K Modi Investment & Financial Services Pvt Ltd", "filerRelation": "Promoter", "moneyText": "", "startDate": "2020-09-25", "ownership": "D"}, {"maxAge": 1, "shares": 6728, "value": 82960, "filerUrl": "", "transactionText": "Acquisition at price 12.33 per share.", "filerName": "HMA Udyog Pvt Ltd", "filerRelation": "Promoter", "moneyText": "", "startDate": "2020-09-25", "ownership": "D"}, {"maxAge": 1, "shares": 26190, "value": 321901, "filerUrl": "", "transactionText": "Acquisition at price 12.29 per share.", "filerName": "K K Modi Investment & Financial Services Pvt Ltd", "filerRelation": "Promoter", "moneyText": "", "startDate": "2020-09-24", "ownership": "D"}, {"maxAge": 1, "shares": 12160302, "value": 149446463, "filerUrl": "", "transactionText": "Acquisition at price 12.29 per share.", "filerName": "K K Modi Investment & Financial Services Pvt Ltd", "filerRelation": "Promoter", "moneyText": "", "startDate": "2020-09-24", "ownership": "D"}, {"maxAge": 1, "shares": 2500, "value": 30438, "filerUrl": "", "transactionText": "Acquisition at price 12.18 per share.", "filerName": "HMA Udyog Pvt Ltd", "filerRelation": "Promoter", "moneyText": "", "startDate": "2020-09-22", "ownership": "D"}, {"maxAge": 1, "shares": 154000, "filerUrl": "", "transactionText": "", "filerName": "Quick Investment India Ltd", "filerRelation": "Promoter", "moneyText": "", "startDate": "2016-12-28", "ownership": "D"}, {"maxAge": 1, "shares": 83591, "filerUrl": "", "transactionText": "", "filerName": "Twenty First Century Capitals Ltd", "filerRelation": "Institution- Corporation", "moneyText": "", "startDate": "2016-08-31", "ownership": "D"}, {"maxAge": 1, "shares": 2909, "filerUrl": "", "transactionText": "", "filerName": "Spice Mobiles Ltd", "filerRelation": "Promoter", "moneyText": "", "startDate": "2016-04-21", "ownership": "D"}, {"maxAge": 1, "shares": 2142420, "filerUrl": "", "transactionText": "", "filerName": "Good Investment India Ltd", "filerRelation": "Promoter", "moneyText": "", "startDate": "2015-09-16", "ownership": "D"}, {"maxAge": 1, "shares": 1670280, "filerUrl": "", "transactionText": "", "filerName": "Good Investment India Ltd", "filerRelation": "Promoter", "moneyText": "", "startDate": "2015-08-17", "ownership": "D"}, {"maxAge": 1, "shares": 3598700, "filerUrl": "", "transactionText": "", "filerName": "Good Investment India Ltd", "filerRelation": "Promoter", "moneyText": "", "startDate": "2015-08-05", "ownership": "D"}, {"maxAge": 1, "shares": 115000, "filerUrl": "", "transactionText": "", "filerName": "Quick Investment India Ltd", "filerRelation": "Promoter", "moneyText": "", "startDate": "2015-03-26", "ownership": "D"}, {"maxAge": 1, "shares": 115000, "filerUrl": "", "transactionText": "", "filerName": "Good Investment India Ltd", "filerRelation": "Promoter", "moneyText": "", "startDate": "2015-03-26", "ownership": "D"}, {"maxAge": 1, "shares": 1471782, "filerUrl": "", "transactionText": "", "filerName": "Indo Euro Investment Company Pvt Ltd", "filerRelation": "Promoter", "moneyText": "", "startDate": "2013-05-30", "ownership": "D"}, {"maxAge": 1, "shares": 100045, "filerUrl": "", "transactionText": "", "filerName": "Ramraj Enterprises Ltd", "filerRelation": "Promoter", "moneyText": "", "startDate": "2013-05-30", "ownership": "D"}, {"maxAge": 1, "shares": 127390, "filerUrl": "", "transactionText": "", "filerName": "Subhsree Patrochem Industrial Investments Ltd", "filerRelation": "Promoter", "moneyText": "", "startDate": "2013-05-30", "ownership": "D"}, {"maxAge": 1, "shares": 1870573, "filerUrl": "", "transactionText": "", "filerName": "K K Modi Investment & Financial Services Pvt Ltd", "filerRelation": "Promoter", "moneyText": "", "startDate": "2013-05-30", "ownership": "D"}, {"maxAge": 1, "shares": 34800, "filerUrl": "", "transactionText": "", "filerName": "Anjney Investments & Trading Company Ltd", "filerRelation": "Promoter", "moneyText": "", "startDate": "2013-05-30", "ownership": "D"}, {"maxAge": 1, "shares": 39700, "filerUrl": "", "transactionText": "", "filerName": "Modicare Ltd", "filerRelation": "Promoter", "moneyText": "", "startDate": "2013-05-30", "ownership": "D"}, {"maxAge": 1, "shares": 58000, "filerUrl": "", "transactionText": "", "filerName": "Modi Reach Finance & Investment India Ltd", "filerRelation": "Promoter", "moneyText": "", "startDate": "2013-05-30", "ownership": "D"}, {"maxAge": 1, "shares": 208012, "filerUrl": "", "transactionText": "", "filerName": "Jupiter South Asia Investment Company Ltd", "filerRelation": "Investment Advisor", "moneyText": "", "startDate": "2011-03-01", "ownership": "D"}, {"maxAge": 1, "shares": 17861, "filerUrl": "", "transactionText": "", "filerName": "Royal Bank of Scotland PLC As Trustee of The Jupiter India F", "filerRelation": "UNREPORTED", "moneyText": "", "startDate": "2010-05-10", "ownership": "D"}, {"maxAge": 1, "shares": 2253, "filerUrl": "", "transactionText": "", "filerName": "Royal Bank of Scotland PLC As Trustee of The Jupiter India F", "filerRelation": "UNREPORTED", "moneyText": "", "startDate": "2010-04-26", "ownership": "D"}], "maxAge": 1}, "quoteType": {"exchange": "BSE", "quoteType": "EQUITY", "symbol": "GODFRYPHLP.BO", "underlyingSymbol": "GODFRYPHLP.BO", "shortName": "GODFREY PHILLIPS INDIA LTD.", "longName": "Godfrey Phillips India Limited", "firstTradeDateEpochUtc": "1996-04-02 09:15:00", "timeZoneFullName": "Asia/Kolkata", "timeZoneShortName": "IST", "uuid": "0b2db021-de7e-30a8-ac75-b24a72573e58", "gmtOffSetMilliseconds": 19800000, "maxAge": 1}, "incomeStatementHistory": {"incomeStatementHistory": [{"maxAge": 1, "endDate": "2020-03-31", "totalRevenue": 28765816000, "costOfRevenue": 13072844000, "grossProfit": 15692972000, "researchDevelopment": {}, "sellingGeneralAdministrative": 4384207000, "nonRecurring": {}, "otherOperatingExpenses": 5345029000, "totalOperatingExpenses": 24354239000, "operatingIncome": 4411577000, "totalOtherIncomeExpenseNet": 723550000, "ebit": 4411577000, "interestExpense": -299631000, "incomeBeforeTax": 5135127000, "incomeTaxExpense": 1287374000, "minorityInterest": 285712000, "netIncomeFromContinuingOps": 3847753000, "discontinuedOperations": {}, "extraordinaryItems": {}, "effectOfAccountingCharges": {}, "otherItems": {}, "netIncome": 3848712000, "netIncomeApplicableToCommonShares": 3848712000}, {"maxAge": 1, "endDate": "2019-03-31", "totalRevenue": 24972305000, "costOfRevenue": 11165443000, "grossProfit": 13806862000, "researchDevelopment": {}, "sellingGeneralAdministrative": 4780564000, "nonRecurring": {}, "otherOperatingExpenses": 4956445000, "totalOperatingExpenses": 21888177000, "operatingIncome": 3084128000, "totalOtherIncomeExpenseNet": 746296000, "ebit": 3084128000, "interestExpense": -7897000, "incomeBeforeTax": 3830424000, "incomeTaxExpense": 1227784000, "minorityInterest": 327999000, "netIncomeFromContinuingOps": 2602640000, "discontinuedOperations": {}, "extraordinaryItems": {}, "effectOfAccountingCharges": {}, "otherItems": {}, "netIncome": 2603099000, "netIncomeApplicableToCommonShares": 2603099000}, {"maxAge": 1, "endDate": "2018-03-31", "totalRevenue": 23256367000, "costOfRevenue": 12324796000, "grossProfit": 10931571000, "researchDevelopment": {}, "sellingGeneralAdministrative": 4028091000, "nonRecurring": {}, "otherOperatingExpenses": 4251881000, "totalOperatingExpenses": 21589074000, "operatingIncome": 1667293000, "totalOtherIncomeExpenseNet": 663093000, "ebit": 1667293000, "interestExpense": -13331000, "incomeBeforeTax": 2330386000, "incomeTaxExpense": 739921000, "minorityInterest": 366374000, "netIncomeFromContinuingOps": 1590465000, "discontinuedOperations": {}, "extraordinaryItems": {}, "effectOfAccountingCharges": {}, "otherItems": {}, "netIncome": 1591070000, "netIncomeApplicableToCommonShares": 1591070000}, {"maxAge": 1, "endDate": "2017-03-31", "totalRevenue": 24026361000, "costOfRevenue": 13036491000, "grossProfit": 10989870000, "researchDevelopment": {}, "sellingGeneralAdministrative": 4243502000, "nonRecurring": {}, "otherOperatingExpenses": 4159774000, "totalOperatingExpenses": 22418131000, "operatingIncome": 1608230000, "totalOtherIncomeExpenseNet": 383534000, "ebit": 1608230000, "interestExpense": -32405000, "incomeBeforeTax": 1991764000, "incomeTaxExpense": 623065000, "minorityInterest": 404589000, "netIncomeFromContinuingOps": 1368699000, "discontinuedOperations": {}, "extraordinaryItems": {}, "effectOfAccountingCharges": {}, "otherItems": {}, "netIncome": 1372280000, "netIncomeApplicableToCommonShares": 1372280000}], "maxAge": 86400}, "fundOwnership": {"ownershipList": [], "maxAge": 1}, "summaryDetail": {"maxAge": 1, "priceHint": 2, "previousClose": 869.35, "open": 865.0, "dayLow": 859.25, "dayHigh": 870.0, "regularMarketPreviousClose": 869.35, "regularMarketOpen": 865.0, "regularMarketDayLow": 859.25, "regularMarketDayHigh": 870.0, "trailingPE": 13.955296, "volume": 2090, "regularMarketVolume": 2090, "averageVolume": 15159, "averageVolume10days": 6731, "averageDailyVolume10Day": 6731, "bid": 860.3, "ask": 865.0, "bidSize": 0, "askSize": 0, "marketCap": 44829143040, "fiftyTwoWeekLow": 732.4, "fiftyTwoWeekHigh": 1408.4, "fiftyDayAverage": 962.11365, "twoHundredDayAverage": 930.496, "trailingAnnualDividendRate": 24.0, "trailingAnnualDividendYield": 0.027606834, "currency": "INR", "fromCurrency": null, "lastMarket": null, "algorithm": null, "tradeable": false}, "sectorTrend": {"maxAge": 1, "symbol": null, "estimates": []}, "incomeStatementHistoryQuarterly": {"incomeStatementHistory": [{"maxAge": 1, "endDate": "2020-06-30", "totalRevenue": 4120400000, "costOfRevenue": 2042400000, "grossProfit": 2078000000, "researchDevelopment": {}, "sellingGeneralAdministrative": 674300000, "nonRecurring": {}, "otherOperatingExpenses": 771700000, "totalOperatingExpenses": 3830100000, "operatingIncome": 290300000, "totalOtherIncomeExpenseNet": 332300000, "ebit": 290300000, "interestExpense": -73100000, "incomeBeforeTax": 622600000, "incomeTaxExpense": 71700000, "minorityInterest": {}, "netIncomeFromContinuingOps": 550900000, "discontinuedOperations": {}, "extraordinaryItems": {}, "effectOfAccountingCharges": {}, "otherItems": {}, "netIncome": 551000000, "netIncomeApplicableToCommonShares": 551000000}, {"maxAge": 1, "endDate": "2020-03-31", "totalRevenue": 5918016000, "costOfRevenue": 2939944000, "grossProfit": 2978072000, "researchDevelopment": {}, "sellingGeneralAdministrative": 1051707000, "nonRecurring": {}, "otherOperatingExpenses": 1079729000, "totalOperatingExpenses": 5547139000, "operatingIncome": 370877000, "totalOtherIncomeExpenseNet": 184750000, "ebit": 370877000, "interestExpense": -70631000, "incomeBeforeTax": 555627000, "incomeTaxExpense": 168974000, "minorityInterest": 285712000, "netIncomeFromContinuingOps": 386653000, "discontinuedOperations": {}, "extraordinaryItems": {}, "effectOfAccountingCharges": {}, "otherItems": {}, "netIncome": 386912000, "netIncomeApplicableToCommonShares": 386912000}, {"maxAge": 1, "endDate": "2019-12-31", "totalRevenue": 7613000000, "costOfRevenue": 3376000000, "grossProfit": 4237000000, "researchDevelopment": {}, "sellingGeneralAdministrative": 1106800000, "nonRecurring": {}, "otherOperatingExpenses": 1458100000, "totalOperatingExpenses": 6307200000, "operatingIncome": 1305800000, "totalOtherIncomeExpenseNet": 203000000, "ebit": 1305800000, "interestExpense": -76900000, "incomeBeforeTax": 1508800000, "incomeTaxExpense": 369000000, "minorityInterest": 285712000, "netIncomeFromContinuingOps": 1139800000, "discontinuedOperations": {}, "extraordinaryItems": {}, "effectOfAccountingCharges": {}, "otherItems": {}, "netIncome": 1140000000, "netIncomeApplicableToCommonShares": 1140000000}, {"maxAge": 1, "endDate": "2019-09-30", "totalRevenue": 7158900000, "costOfRevenue": 3085500000, "grossProfit": 4073400000, "researchDevelopment": {}, "sellingGeneralAdministrative": 1150400000, "nonRecurring": {}, "otherOperatingExpenses": 1502300000, "totalOperatingExpenses": 6093500000, "operatingIncome": 1065400000, "totalOtherIncomeExpenseNet": 235800000, "ebit": 1065400000, "interestExpense": -78100000, "incomeBeforeTax": 1301200000, "incomeTaxExpense": 166200000, "minorityInterest": 309700000, "netIncomeFromContinuingOps": 1135000000, "discontinuedOperations": {}, "extraordinaryItems": {}, "effectOfAccountingCharges": {}, "otherItems": {}, "netIncome": 1135300000, "netIncomeApplicableToCommonShares": 1135300000}], "maxAge": 86400}, "cashflowStatementHistoryQuarterly": {"cashflowStatements": [{"maxAge": 1, "endDate": "2020-06-30", "netIncome": 551000000, "changeToLiabilities": 0}, {"maxAge": 1, "endDate": "2020-03-31", "netIncome": 386912000, "changeToLiabilities": 0}, {"maxAge": 1, "endDate": "2019-12-31", "netIncome": 1140000000, "changeToLiabilities": 0}, {"maxAge": 1, "endDate": "2019-09-30", "netIncome": 1135300000, "changeToLiabilities": 0}], "maxAge": 86400}, "insiderHolders": {"holders": [{"maxAge": 1, "name": "Anjney Investments & Trading Company Ltd", "relation": "Promoter", "url": "", "transactionDescription": "Sale", "latestTransDate": "2013-05-30", "positionDirect": 0, "positionDirectDate": "2013-05-30"}, {"maxAge": 1, "name": "Good Investment India Ltd", "relation": "Promoter", "url": "", "transactionDescription": "Other", "latestTransDate": "2015-09-16", "positionDirect": 4309220, "positionDirectDate": "2015-09-16"}, {"maxAge": 1, "name": "HMA Udyog Pvt Ltd", "relation": "Promoter", "url": "", "transactionDescription": "Acquisition", "latestTransDate": "2020-09-25", "positionDirect": 77228, "positionDirectDate": "2020-09-25"}, {"maxAge": 1, "name": "Indo Euro Investment Company Pvt Ltd", "relation": "Promoter", "url": "", "transactionDescription": "Sale", "latestTransDate": "2013-05-30", "positionDirect": 0, "positionDirectDate": "2013-05-30"}, {"maxAge": 1, "name": "K K Modi Investment & Financial Services Pvt Ltd", "relation": "Promoter", "url": "", "transactionDescription": "Acquisition", "latestTransDate": "2020-11-13", "positionDirect": 15303683, "positionDirectDate": "2020-11-13"}, {"maxAge": 1, "name": "Quick Investment India Ltd", "relation": "Promoter", "url": "", "transactionDescription": "Other", "latestTransDate": "2016-12-28", "positionDirect": 2235800, "positionDirectDate": "2016-12-28"}, {"maxAge": 1, "name": "Ramraj Enterprises Ltd", "relation": "Promoter", "url": "", "transactionDescription": "Sale", "latestTransDate": "2013-05-30", "positionDirect": 0, "positionDirectDate": "2013-05-30"}, {"maxAge": 1, "name": "Spice Mobiles Ltd", "relation": "Promoter", "url": "", "transactionDescription": "Sale", "latestTransDate": "2016-04-21", "positionDirect": 83591, "positionDirectDate": "2016-04-21"}, {"maxAge": 1, "name": "Subhsree Patrochem Industrial Investments Ltd", "relation": "Promoter", "url": "", "transactionDescription": "Sale", "latestTransDate": "2013-05-30", "positionDirect": 0, "positionDirectDate": "2013-05-30"}, {"maxAge": 1, "name": "Twenty First Century Capitals Ltd", "relation": "Institution- Corporation", "url": "", "transactionDescription": "Other", "latestTransDate": "2016-08-31", "positionDirect": 83591, "positionDirectDate": "2016-08-31"}], "maxAge": 1}, "earnings": {"maxAge": 86400, "earningsChart": {"quarterly": [], "earningsDate": []}, "financialsChart": {"yearly": [{"date": 2017, "revenue": 24026361000, "earnings": 1372280000}, {"date": 2018, "revenue": 23256367000, "earnings": 1591070000}, {"date": 2019, "revenue": 24972305000, "earnings": 2603099000}, {"date": 2020, "revenue": 28765816000, "earnings": 3848712000}], "quarterly": [{"date": "3Q2019", "revenue": 7158900000, "earnings": 1135300000}, {"date": "4Q2019", "revenue": 7613000000, "earnings": 1140000000}, {"date": "1Q2020", "revenue": 5918016000, "earnings": 386912000}, {"date": "2Q2020", "revenue": 4120400000, "earnings": 551000000}]}, "financialCurrency": "INR"}, "calendarEvents": {"maxAge": 1, "earnings": {"earningsDate": []}}, "upgradeDowngradeHistory": {"history": [], "maxAge": 86400}, "price": {"maxAge": 1, "regularMarketChangePercent": -0.008224494, "regularMarketChange": -7.1499634, "regularMarketTime": "2021-04-30 15:28:28", "priceHint": 2, "regularMarketPrice": 862.2, "regularMarketDayHigh": 870.0, "regularMarketDayLow": 859.25, "regularMarketVolume": 2090, "averageDailyVolume10Day": 6731, "averageDailyVolume3Month": 15159, "regularMarketPreviousClose": 869.35, "regularMarketSource": "FREE_REALTIME", "regularMarketOpen": 865.0, "exchange": "BSE", "exchangeName": "BSE", "exchangeDataDelayedBy": 0, "marketState": "CLOSED", "quoteType": "EQUITY", "symbol": "GODFRYPHLP.BO", "underlyingSymbol": null, "shortName": "GODFREY PHILLIPS INDIA LTD.", "longName": "Godfrey Phillips India Limited", "currency": "INR", "quoteSourceName": "Delayed Quote", "currencySymbol": "\u20b9", "fromCurrency": null, "lastMarket": null, "marketCap": 44829143040}, "balanceSheetHistory": {"balanceSheetStatements": [{"maxAge": 1, "endDate": "2020-03-31", "cash": 246434000, "netReceivables": 790448000, "inventory": 6879472000, "otherCurrentAssets": 1313408000, "totalCurrentAssets": 10567369000, "longTermInvestments": 11219108000, "propertyPlantEquipment": 10182435000, "intangibleAssets": 45616000, "otherAssets": 936902000, "totalAssets": 32951430000, "accountsPayable": 2021963000, "otherCurrentLiab": 585476000, "longTermDebt": 9063000, "otherLiab": 560365000, "minorityInterest": 285712000, "totalCurrentLiabilities": 7385702000, "totalLiab": 10792453000, "commonStock": 103988000, "retainedEarnings": 20904628000, "treasuryStock": 864649000, "otherStockholderEquity": 864649000, "totalStockholderEquity": 21873265000, "netTangibleAssets": 21827649000}, {"maxAge": 1, "endDate": "2019-03-31", "cash": 289756000, "shortTermInvestments": 2502400000, "netReceivables": 791590000, "inventory": 6415495000, "otherCurrentAssets": 885692000, "totalCurrentAssets": 10865348000, "longTermInvestments": 9895020000, "propertyPlantEquipment": 7151640000, "intangibleAssets": 31541000, "otherAssets": 723786000, "deferredLongTermAssetCharges": 11033000, "totalAssets": 28667335000, "accountsPayable": 2308028000, "otherCurrentLiab": 656794000, "longTermDebt": 8209000, "otherLiab": 567246000, "minorityInterest": 327999000, "totalCurrentLiabilities": 7376654000, "totalLiab": 7952109000, "commonStock": 103988000, "retainedEarnings": 19297913000, "treasuryStock": 985326000, "otherStockholderEquity": 985326000, "totalStockholderEquity": 20387227000, "netTangibleAssets": 20355686000}, {"maxAge": 1, "endDate": "2018-03-31", "cash": 207166000, "netReceivables": 952513000, "inventory": 5853479000, "otherCurrentAssets": 886743000, "totalCurrentAssets": 9687233000, "longTermInvestments": 7512576000, "propertyPlantEquipment": 6737702000, "intangibleAssets": 43281000, "otherAssets": 682002000, "deferredLongTermAssetCharges": 14633000, "totalAssets": 24662794000, "accountsPayable": 1623564000, "otherCurrentLiab": 452206000, "longTermDebt": 7436000, "otherLiab": 728069000, "minorityInterest": 366374000, "totalCurrentLiabilities": 5627402000, "totalLiab": 6362907000, "commonStock": 103988000, "retainedEarnings": 17212883000, "treasuryStock": 616642000, "otherStockholderEquity": 616642000, "totalStockholderEquity": 17933513000, "netTangibleAssets": 17890232000}, {"maxAge": 1, "endDate": "2017-03-31", "cash": 91167000, "netReceivables": 1865101000, "inventory": 6517026000, "otherCurrentAssets": 709274000, "totalCurrentAssets": 10144556000, "longTermInvestments": 4150050000, "propertyPlantEquipment": 7209371000, "intangibleAssets": 63579000, "otherAssets": 541357000, "deferredLongTermAssetCharges": 32277000, "totalAssets": 22108913000, "accountsPayable": 1481199000, "shortLongTermDebt": 259400000, "otherCurrentLiab": 324992000, "otherLiab": 769630000, "minorityInterest": 404589000, "totalCurrentLiabilities": 4330222000, "totalLiab": 5099852000, "commonStock": 103988000, "retainedEarnings": 16067824000, "treasuryStock": 432660000, "otherStockholderEquity": 432660000, "totalStockholderEquity": 16604472000, "netTangibleAssets": 16540893000}], "maxAge": 86400}, "earningsTrend": {"trend": [{"maxAge": 1, "period": "0q", "endDate": null, "growth": {}, "earningsEstimate": {"avg": 0.0, "low": 0.0, "high": 0.0, "yearAgoEps": {}, "numberOfAnalysts": 0, "growth": {}}, "revenueEstimate": {"avg": 0, "low": 0, "high": 0, "numberOfAnalysts": 0, "yearAgoRevenue": {}, "growth": {}}, "epsTrend": {"current": 0.0, "7daysAgo": 0.0, "30daysAgo": 0.0, "60daysAgo": 0.0, "90daysAgo": 0.0}, "epsRevisions": {"upLast7days": 0, "upLast30days": 0, "downLast30days": 0, "downLast90days": {}}}, {"maxAge": 1, "period": "+1q", "endDate": null, "growth": {}, "earningsEstimate": {"avg": 0.0, "low": 0.0, "high": 0.0, "yearAgoEps": {}, "numberOfAnalysts": 0, "growth": {}}, "revenueEstimate": {"avg": 0, "low": 0, "high": 0, "numberOfAnalysts": 0, "yearAgoRevenue": {}, "growth": {}}, "epsTrend": {"current": 0.0, "7daysAgo": 0.0, "30daysAgo": 0.0, "60daysAgo": 0.0, "90daysAgo": 0.0}, "epsRevisions": {"upLast7days": 0, "upLast30days": 0, "downLast30days": 0, "downLast90days": {}}}, {"maxAge": 1, "period": "0y", "endDate": null, "growth": {}, "earningsEstimate": {"avg": 0.0, "low": 0.0, "high": 0.0, "yearAgoEps": {}, "numberOfAnalysts": 0, "growth": {}}, "revenueEstimate": {"avg": 0, "low": 0, "high": 0, "numberOfAnalysts": 0, "yearAgoRevenue": {}, "growth": {}}, "epsTrend": {"current": 0.0, "7daysAgo": 0.0, "30daysAgo": 0.0, "60daysAgo": 0.0, "90daysAgo": 0.0}, "epsRevisions": {"upLast7days": 0, "upLast30days": 0, "downLast30days": 0, "downLast90days": {}}}, {"maxAge": 1, "period": "+1y", "endDate": null, "growth": {}, "earningsEstimate": {"avg": 0.0, "low": 0.0, "high": 0.0, "yearAgoEps": {}, "numberOfAnalysts": 0, "growth": {}}, "revenueEstimate": {"avg": 0, "low": 0, "high": 0, "numberOfAnalysts": 0, "yearAgoRevenue": {}, "growth": {}}, "epsTrend": {"current": 0.0, "7daysAgo": 0.0, "30daysAgo": 0.0, "60daysAgo": 0.0, "90daysAgo": 0.0}, "epsRevisions": {"upLast7days": 0, "upLast30days": 0, "downLast30days": 0, "downLast90days": {}}}, {"maxAge": 1, "period": "+5y", "endDate": null, "growth": {}, "earningsEstimate": {"avg": {}, "low": {}, "high": {}, "yearAgoEps": {}, "numberOfAnalysts": {}, "growth": {}}, "revenueEstimate": {"avg": {}, "low": {}, "high": {}, "numberOfAnalysts": {}, "yearAgoRevenue": {}, "growth": {}}, "epsTrend": {"current": {}, "7daysAgo": {}, "30daysAgo": {}, "60daysAgo": {}, "90daysAgo": {}}, "epsRevisions": {"upLast7days": {}, "upLast30days": {}, "downLast30days": {}, "downLast90days": {}}}, {"maxAge": 1, "period": "-5y", "endDate": null, "growth": 0.10457, "earningsEstimate": {"avg": {}, "low": {}, "high": {}, "yearAgoEps": {}, "numberOfAnalysts": {}, "growth": {}}, "revenueEstimate": {"avg": {}, "low": {}, "high": {}, "numberOfAnalysts": {}, "yearAgoRevenue": {}, "growth": {}}, "epsTrend": {"current": {}, "7daysAgo": {}, "30daysAgo": {}, "60daysAgo": {}, "90daysAgo": {}}, "epsRevisions": {"upLast7days": {}, "upLast30days": {}, "downLast30days": {}, "downLast90days": {}}}], "maxAge": 1}, "financialData": {"maxAge": 86400, "currentPrice": 862.2, "targetHighPrice": 627.0, "targetLowPrice": 627.0, "targetMeanPrice": 627.0, "targetMedianPrice": 627.0, "recommendationMean": 4.0, "recommendationKey": "underperform", "numberOfAnalystOpinions": 1, "grossProfits": 15692972000, "financialCurrency": "INR"}}}