{"GODHA.NS": {"assetProfile": {"address1": "36-D, Sector B", "address2": "Sanwer Road Industrial Area", "city": "Indore", "zip": "452006", "country": "India", "phone": "91 73 1402 9509", "website": "http://www.godhacabcon.com", "industry": "Electrical Equipment & Parts", "sector": "Industrials", "longBusinessSummary": "Godha Cabcon & Insulation Limited manufactures and sells electronic cables and conductors in India. The company offers aluminum alloy conductors for use in the primary and secondary distribution; aluminum and steel reinforced conductors; aluminum conductors that are used primarily for overhead transmission, and primary and secondary distribution; and armoured and unarmoured power cables for the supply of electricity in underground systems, power networks, and power ducting. It supplies its products to the State Electricity Board of Jabalpur, Bhopal, and Indore. The company was incorporated in 2016 and is based in Indore, India.", "companyOfficers": [{"maxAge": 1, "name": "Mr. Dipesh  Godha", "age": 37, "title": "CEO & Chairman", "yearBorn": 1983, "fiscalYear": 2020, "totalPay": 2400000, "exercisedValue": 0, "unexercisedValue": 0}, {"maxAge": 1, "name": "Ms. Shivani  Gupta", "title": "Company Sec. & Compliance Officer", "exercisedValue": 0, "unexercisedValue": 0}, {"maxAge": 1, "name": "Ms. Rupali  Godha", "age": 37, "title": "Exec. Director", "yearBorn": 1983, "fiscalYear": 2020, "totalPay": 1200000, "exercisedValue": 0, "unexercisedValue": 0}, {"maxAge": 1, "name": "Ms. Madhu  Godha", "age": 64, "title": "Exec. Director", "yearBorn": 1956, "fiscalYear": 2020, "totalPay": 1200000, "exercisedValue": 0, "unexercisedValue": 0}, {"maxAge": 1, "name": "Ms. Smita  Agrawal", "title": "Chief Fin. Officer", "exercisedValue": 0, "unexercisedValue": 0}], "compensationAsOfEpochDate": "2020-12-31 05:30:00", "maxAge": 86400}, "cashflowStatementHistory": {"cashflowStatements": [{"maxAge": 1, "endDate": "2020-03-31", "netIncome": 2233000, "depreciation": 2848000, "changeToAccountReceivables": 118147000, "changeToLiabilities": -28437000, "changeToInventory": -10195000, "changeToOperatingActivities": -81997000, "totalCashFromOperatingActivities": 2599000, "capitalExpenditures": -6080000, "otherCashflowsFromInvestingActivities": 1354000, "totalCashflowsFromInvestingActivities": -4726000, "netBorrowings": 855000, "totalCashFromFinancingActivities": 855000, "changeInCash": -1271000}, {"maxAge": 1, "endDate": "2019-03-31", "netIncome": 3592000, "depreciation": 2350000, "changeToNetincome": 3000, "changeToAccountReceivables": -161062000, "changeToLiabilities": 34018000, "changeToInventory": 26972000, "changeToOperatingActivities": 19251000, "totalCashFromOperatingActivities": -74876000, "capitalExpenditures": -1245000, "otherCashflowsFromInvestingActivities": 345000, "totalCashflowsFromInvestingActivities": -900000, "netBorrowings": 855000, "totalCashFromFinancingActivities": 855000, "changeInCash": -75776000}, {"maxAge": 1, "endDate": "2018-03-31", "netIncome": 10504000, "depreciation": 2085000, "changeToNetincome": 3000, "changeToAccountReceivables": -222264000, "changeToLiabilities": 53357000, "changeToInventory": -32332000, "changeToOperatingActivities": 73682000, "totalCashFromOperatingActivities": -114968000, "capitalExpenditures": -19242000, "otherCashflowsFromInvestingActivities": -1693000, "totalCashflowsFromInvestingActivities": -20935000, "netBorrowings": 33459000, "totalCashFromFinancingActivities": 159026000, "changeInCash": 23123000, "issuanceOfStock": 125567000}, {"maxAge": 1, "endDate": "2017-03-31", "netIncome": -60000, "depreciation": 2085000, "changeToNetincome": -2000, "changeToAccountReceivables": -222264000, "changeToLiabilities": 0, "changeToInventory": -32332000, "changeToOperatingActivities": 18000, "totalCashFromOperatingActivities": -44000, "capitalExpenditures": -19242000, "otherCashflowsFromInvestingActivities": -1693000, "totalCashflowsFromInvestingActivities": -20935000, "netBorrowings": 33459000, "totalCashFromFinancingActivities": 300000, "changeInCash": 256000, "issuanceOfStock": 300000}], "maxAge": 86400}, "institutionOwnership": {"ownershipList": [], "maxAge": 1}, "majorHoldersBreakdown": {"maxAge": 1}, "balanceSheetHistoryQuarterly": {"balanceSheetStatements": [{"maxAge": 1, "endDate": "2020-12-31", "cash": 15407000, "netReceivables": 259702000, "inventory": 9478000, "otherCurrentAssets": 3339000, "totalCurrentAssets": 287926000, "propertyPlantEquipment": 17812000, "otherAssets": 150000, "totalAssets": 305888000, "accountsPayable": 22420000, "shortLongTermDebt": 3523000, "otherCurrentLiab": -2896000, "longTermDebt": 14229000, "totalCurrentLiabilities": 53317000, "totalLiab": 67546000, "commonStock": 111040000, "retainedEarnings": 7290000, "capitalSurplus": 120012000, "totalStockholderEquity": 238342000, "netTangibleAssets": 238342000}, {"maxAge": 1, "endDate": "2020-09-30", "cash": 71155000, "netReceivables": 217478000, "inventory": 5704000, "otherCurrentAssets": 9145000, "totalCurrentAssets": 303482000, "propertyPlantEquipment": 17866000, "otherAssets": 149000, "totalAssets": 321497000, "accountsPayable": 1172000, "shortLongTermDebt": 827000, "otherCurrentLiab": -2678000, "longTermDebt": 17111000, "otherLiab": 1000, "totalCurrentLiabilities": 65586000, "totalLiab": 82698000, "commonStock": 111040000, "treasuryStock": 127759000, "otherStockholderEquity": 127759000, "totalStockholderEquity": 238799000, "netTangibleAssets": 238799000}, {"maxAge": 1, "endDate": "2020-06-30", "cash": 71155000, "netReceivables": 217478000, "inventory": 5704000, "otherCurrentAssets": 9145000, "totalCurrentAssets": 303482000, "propertyPlantEquipment": 17866000, "otherAssets": 149000, "totalAssets": 321497000, "accountsPayable": 1172000, "shortLongTermDebt": 827000, "otherCurrentLiab": -2678000, "longTermDebt": 17111000, "otherLiab": 1000, "totalCurrentLiabilities": 65586000, "totalLiab": 82698000, "commonStock": 111040000, "treasuryStock": 127759000, "otherStockholderEquity": 127759000, "totalStockholderEquity": 238799000, "netTangibleAssets": 238799000}, {"maxAge": 1, "endDate": "2020-03-31", "cash": 21812000, "netReceivables": 323130000, "inventory": 15555000, "otherCurrentAssets": 5680000, "totalCurrentAssets": 366448000, "propertyPlantEquipment": 19283000, "otherAssets": 144000, "totalAssets": 385875000, "accountsPayable": 58939000, "shortLongTermDebt": 6875000, "otherCurrentLiab": 160000, "longTermDebt": 4592000, "totalCurrentLiabilities": 133933000, "totalLiab": 138525000, "commonStock": 111040000, "retainedEarnings": 16298000, "capitalSurplus": 120012000, "totalStockholderEquity": 247350000, "netTangibleAssets": 247350000}], "maxAge": 86400}, "indexTrend": {"maxAge": 1, "symbol": "SP5", "peRatio": 19.7411, "pegRatio": 1.34172, "estimates": [{"period": "0q", "growth": 0.549}, {"period": "+1q", "growth": 0.431}, {"period": "0y", "growth": 0.305}, {"period": "+1y", "growth": 0.109}, {"period": "+5y", "growth": 0.120865}, {"period": "-5y"}]}, "defaultKeyStatistics": {"maxAge": 1, "priceHint": 2, "enterpriseValue": 511157408, "profitMargins": -0.055180002, "floatShares": 1963520, "sharesOutstanding": 11100000, "beta": 0.389394, "category": null, "bookValue": 21.465, "priceToBook": 2.0079198, "fundFamily": null, "legalType": null, "lastFiscalYearEnd": "2020-03-31 05:30:00", "nextFiscalYearEnd": "2022-03-31 05:30:00", "mostRecentQuarter": "2020-12-31 05:30:00", "netIncomeToCommon": -10326500, "trailingEps": -0.929, "lastSplitFactor": null, "enterpriseToRevenue": 2.731, "enterpriseToEbitda": -50.118}, "summaryProfile": {"address1": "36-D, Sector B", "address2": "Sanwer Road Industrial Area", "city": "Indore", "zip": "452006", "country": "India", "phone": "91 73 1402 9509", "website": "http://www.godhacabcon.com", "industry": "Electrical Equipment & Parts", "sector": "Industrials", "longBusinessSummary": "Godha Cabcon & Insulation Limited manufactures and sells electronic cables and conductors in India. The company offers aluminum alloy conductors for use in the primary and secondary distribution; aluminum and steel reinforced conductors; aluminum conductors that are used primarily for overhead transmission, and primary and secondary distribution; and armoured and unarmoured power cables for the supply of electricity in underground systems, power networks, and power ducting. It supplies its products to the State Electricity Board of Jabalpur, Bhopal, and Indore. The company was incorporated in 2016 and is based in Indore, India.", "companyOfficers": [], "maxAge": 86400}, "netSharePurchaseActivity": {"maxAge": 1, "period": "6m", "buyInfoCount": 0, "buyInfoShares": 0, "sellInfoCount": 0, "netInfoCount": 0, "netInfoShares": 0, "totalInsiderShares": 0}, "quoteType": {"exchange": "NSI", "quoteType": "EQUITY", "symbol": "GODHA.NS", "underlyingSymbol": "GODHA.NS", "shortName": "Godha Cabcon Insulat Ltd", "longName": "Godha Cabcon & Insulation Limited", "firstTradeDateEpochUtc": "2018-05-25 09:15:00", "timeZoneFullName": "Asia/Kolkata", "timeZoneShortName": "IST", "uuid": "426c0646-5b66-336a-b623-f03eb73ee182", "gmtOffSetMilliseconds": 19800000, "maxAge": 1}, "incomeStatementHistory": {"incomeStatementHistory": [{"maxAge": 1, "endDate": "2020-03-31", "totalRevenue": 521984000, "costOfRevenue": 473567000, "grossProfit": 48417000, "researchDevelopment": {}, "sellingGeneralAdministrative": 7972000, "nonRecurring": {}, "otherOperatingExpenses": 22599000, "totalOperatingExpenses": 506986000, "operatingIncome": 14998000, "totalOtherIncomeExpenseNet": -11958000, "ebit": 14998000, "interestExpense": -11592000, "incomeBeforeTax": 3040000, "incomeTaxExpense": 807000, "minorityInterest": {}, "netIncomeFromContinuingOps": 2233000, "discontinuedOperations": {}, "extraordinaryItems": {}, "effectOfAccountingCharges": {}, "otherItems": {}, "netIncome": 2233000, "netIncomeApplicableToCommonShares": 2233000}, {"maxAge": 1, "endDate": "2019-03-31", "totalRevenue": 726295000, "costOfRevenue": 689688000, "grossProfit": 36607000, "researchDevelopment": {}, "sellingGeneralAdministrative": 7907000, "nonRecurring": {}, "otherOperatingExpenses": 19740000, "totalOperatingExpenses": 719685000, "operatingIncome": 6610000, "totalOtherIncomeExpenseNet": -1569000, "ebit": 6610000, "interestExpense": -14620000, "incomeBeforeTax": 5041000, "incomeTaxExpense": 1449000, "minorityInterest": {}, "netIncomeFromContinuingOps": 3592000, "discontinuedOperations": {}, "extraordinaryItems": {}, "effectOfAccountingCharges": {}, "otherItems": {}, "netIncome": 3592000, "netIncomeApplicableToCommonShares": 3592000}, {"maxAge": 1, "endDate": "2018-03-31", "totalRevenue": 427137000, "costOfRevenue": 387667000, "grossProfit": 39470000, "researchDevelopment": {}, "sellingGeneralAdministrative": 4599000, "nonRecurring": {}, "otherOperatingExpenses": 10360000, "totalOperatingExpenses": 404711000, "operatingIncome": 22426000, "totalOtherIncomeExpenseNet": -8207000, "ebit": 22426000, "interestExpense": -12903000, "incomeBeforeTax": 14219000, "incomeTaxExpense": 3715000, "minorityInterest": {}, "netIncomeFromContinuingOps": 10504000, "discontinuedOperations": {}, "extraordinaryItems": {}, "effectOfAccountingCharges": {}, "otherItems": {}, "netIncome": 10504000, "netIncomeApplicableToCommonShares": 10504000}, {"maxAge": 1, "endDate": "2017-03-31", "totalRevenue": 0, "costOfRevenue": 0, "grossProfit": 0, "researchDevelopment": {}, "sellingGeneralAdministrative": 4599000, "nonRecurring": {}, "otherOperatingExpenses": 60000, "totalOperatingExpenses": 60000, "operatingIncome": -60000, "totalOtherIncomeExpenseNet": 0, "ebit": -60000, "interestExpense": -12903000, "incomeBeforeTax": -60000, "incomeTaxExpense": 0, "minorityInterest": {}, "netIncomeFromContinuingOps": -60000, "discontinuedOperations": {}, "extraordinaryItems": {}, "effectOfAccountingCharges": {}, "otherItems": {}, "netIncome": -60000, "netIncomeApplicableToCommonShares": -60000}], "maxAge": 86400}, "fundOwnership": {"ownershipList": [], "maxAge": 1}, "summaryDetail": {"maxAge": 1, "priceHint": 2, "previousClose": 42.5, "open": 44.5, "dayLow": 40.4, "dayHigh": 44.5, "regularMarketPreviousClose": 42.5, "regularMarketOpen": 44.5, "regularMarketDayLow": 40.4, "regularMarketDayHigh": 44.5, "payoutRatio": 0.0, "beta": 0.389394, "volume": 191, "regularMarketVolume": 191, "averageVolume": 0, "averageVolume10days": 0, "averageDailyVolume10Day": 0, "bid": 0.0, "ask": 0.0, "marketCap": 478409984, "fiftyTwoWeekLow": 19.95, "fiftyTwoWeekHigh": 44.5, "priceToSalesTrailing12Months": 2.5563054, "fiftyDayAverage": 34.6, "twoHundredDayAverage": 32.876072, "currency": "INR", "fromCurrency": null, "lastMarket": null, "algorithm": null, "tradeable": false}, "incomeStatementHistoryQuarterly": {"incomeStatementHistory": [{"maxAge": 1, "endDate": "2020-12-31", "totalRevenue": 43476000, "costOfRevenue": 40606000, "grossProfit": 2870000, "researchDevelopment": {}, "sellingGeneralAdministrative": 1752000, "nonRecurring": {}, "otherOperatingExpenses": 2401000, "totalOperatingExpenses": 45086000, "operatingIncome": -1610000, "totalOtherIncomeExpenseNet": 974000, "ebit": -1610000, "interestExpense": -815000, "incomeBeforeTax": -636000, "incomeTaxExpense": -178000, "minorityInterest": {}, "netIncomeFromContinuingOps": -458000, "discontinuedOperations": {}, "extraordinaryItems": {}, "effectOfAccountingCharges": {}, "otherItems": {}, "netIncome": -458000, "netIncomeApplicableToCommonShares": -458000}, {"maxAge": 1, "endDate": "2020-09-30", "totalRevenue": 8683500, "costOfRevenue": 9723000, "grossProfit": -1039500, "researchDevelopment": {}, "sellingGeneralAdministrative": 2172500, "nonRecurring": {}, "otherOperatingExpenses": 1985500, "totalOperatingExpenses": 14589500, "operatingIncome": -5906000, "totalOtherIncomeExpenseNet": 197500, "ebit": -5906000, "interestExpense": -1270000, "incomeBeforeTax": -5708500, "incomeTaxExpense": -1433500, "minorityInterest": {}, "netIncomeFromContinuingOps": -4275000, "discontinuedOperations": {}, "extraordinaryItems": {}, "effectOfAccountingCharges": {}, "otherItems": {}, "netIncome": -4275000, "netIncomeApplicableToCommonShares": -4275000}, {"maxAge": 1, "endDate": "2020-06-30", "totalRevenue": 8683500, "costOfRevenue": 9723000, "grossProfit": -1039500, "researchDevelopment": {}, "sellingGeneralAdministrative": 2172500, "nonRecurring": {}, "otherOperatingExpenses": 1985500, "totalOperatingExpenses": 14589500, "operatingIncome": -5906000, "totalOtherIncomeExpenseNet": 197500, "ebit": -5906000, "interestExpense": -1270000, "incomeBeforeTax": -5708500, "incomeTaxExpense": -1433500, "minorityInterest": {}, "netIncomeFromContinuingOps": -4275000, "discontinuedOperations": {}, "extraordinaryItems": {}, "effectOfAccountingCharges": {}, "otherItems": {}, "netIncome": -4275000, "netIncomeApplicableToCommonShares": -4275000}, {"maxAge": 1, "endDate": "2020-03-31", "totalRevenue": 126305000, "costOfRevenue": 116583500, "grossProfit": 9721500, "researchDevelopment": {}, "sellingGeneralAdministrative": 1814000, "nonRecurring": {}, "otherOperatingExpenses": 6430500, "totalOperatingExpenses": 125569500, "operatingIncome": 735500, "totalOtherIncomeExpenseNet": -2545500, "ebit": 735500, "interestExpense": -2046000, "incomeBeforeTax": -1810000, "incomeTaxExpense": -491500, "minorityInterest": {}, "netIncomeFromContinuingOps": -1318500, "discontinuedOperations": {}, "extraordinaryItems": {}, "effectOfAccountingCharges": {}, "otherItems": {}, "netIncome": -1318500, "netIncomeApplicableToCommonShares": -1318500}], "maxAge": 86400}, "cashflowStatementHistoryQuarterly": {"cashflowStatements": [{"maxAge": 1, "endDate": "2020-12-31", "netIncome": -458000, "changeToLiabilities": 0}, {"maxAge": 1, "endDate": "2020-09-30", "netIncome": -4275000, "changeToLiabilities": 0}, {"maxAge": 1, "endDate": "2020-06-30", "netIncome": -4275000, "changeToLiabilities": 0}, {"maxAge": 1, "endDate": "2020-03-31", "netIncome": -1318500, "depreciation": 741500, "changeToNetincome": -59000, "changeToAccountReceivables": -2904500, "changeToLiabilities": 8441000, "changeToInventory": 11423500, "changeToOperatingActivities": -21059000, "totalCashFromOperatingActivities": -4735000, "capitalExpenditures": -11000, "otherCashflowsFromInvestingActivities": 656000, "totalCashflowsFromInvestingActivities": 645000, "netBorrowings": 17000, "totalCashFromFinancingActivities": 17000, "changeInCash": -4072500}], "maxAge": 86400}, "insiderHolders": {"holders": [], "maxAge": 1}, "calendarEvents": {"maxAge": 1, "earnings": {"earningsDate": ["2021-02-11 05:30:S"]}}, "upgradeDowngradeHistory": {"history": [], "maxAge": 86400}, "price": {"maxAge": 1, "regularMarketChangePercent": 0.014117612, "regularMarketChange": 0.5999985, "regularMarketTime": "2021-04-30 13:31:19", "priceHint": 2, "regularMarketPrice": 43.1, "regularMarketDayHigh": 44.5, "regularMarketDayLow": 40.4, "regularMarketVolume": 191, "averageDailyVolume10Day": 0, "averageDailyVolume3Month": 0, "regularMarketPreviousClose": 42.5, "regularMarketSource": "FREE_REALTIME", "regularMarketOpen": 44.5, "exchange": "NSI", "exchangeName": "NSE", "exchangeDataDelayedBy": 15, "marketState": "CLOSED", "quoteType": "EQUITY", "symbol": "GODHA.NS", "underlyingSymbol": null, "shortName": "Godha Cabcon Insulat Ltd", "longName": "Godha Cabcon & Insulation Limited", "currency": "INR", "quoteSourceName": "Delayed Quote", "currencySymbol": "\u20b9", "fromCurrency": null, "lastMarket": null, "marketCap": 478409984}, "balanceSheetHistory": {"balanceSheetStatements": [{"maxAge": 1, "endDate": "2020-03-31", "cash": 21812000, "netReceivables": 323130000, "inventory": 15555000, "otherCurrentAssets": 5680000, "totalCurrentAssets": 366448000, "propertyPlantEquipment": 19283000, "otherAssets": 144000, "totalAssets": 385875000, "accountsPayable": 58939000, "shortLongTermDebt": 6875000, "otherCurrentLiab": 160000, "longTermDebt": 4592000, "totalCurrentLiabilities": 133933000, "totalLiab": 138525000, "commonStock": 111040000, "retainedEarnings": 16298000, "capitalSurplus": 120012000, "totalStockholderEquity": 247350000, "netTangibleAssets": 247350000}, {"maxAge": 1, "endDate": "2019-03-31", "cash": 23083000, "netReceivables": 395495000, "inventory": 5361000, "otherCurrentAssets": 5315000, "totalCurrentAssets": 429617000, "propertyPlantEquipment": 16051000, "otherAssets": 1410000, "totalAssets": 447078000, "accountsPayable": 87376000, "shortLongTermDebt": 28828000, "otherCurrentLiab": 69000, "longTermDebt": 3737000, "otherLiab": -1000, "totalCurrentLiabilities": 198225000, "totalLiab": 201961000, "commonStock": 111040000, "retainedEarnings": 14065000, "treasuryStock": 134077000, "capitalSurplus": 120012000, "otherStockholderEquity": 134077000, "totalStockholderEquity": 245117000, "netTangibleAssets": 245117000}, {"maxAge": 1, "endDate": "2018-03-31", "cash": 23252000, "netReceivables": 223193000, "inventory": 32332000, "otherCurrentAssets": 15679000, "totalCurrentAssets": 297616000, "propertyPlantEquipment": 17156000, "otherAssets": 1693000, "deferredLongTermAssetCharges": 147000, "totalAssets": 316465000, "accountsPayable": 53357000, "shortLongTermDebt": 30040000, "otherCurrentLiab": 2440000, "longTermDebt": 33459000, "otherLiab": 1000, "totalCurrentLiabilities": 146815000, "totalLiab": 180274000, "commonStock": 81000000, "retainedEarnings": 10474000, "treasuryStock": 439000, "capitalSurplus": 44278000, "otherStockholderEquity": 439000, "totalStockholderEquity": 136191000, "netTangibleAssets": 136191000}, {"maxAge": 1, "endDate": "2017-03-31", "cash": 128000, "totalCurrentAssets": 128000, "totalAssets": 128000, "otherLiab": -1000, "totalCurrentLiabilities": 9000, "totalLiab": 8000, "commonStock": 150000, "retainedEarnings": -30000, "totalStockholderEquity": 120000, "netTangibleAssets": 120000}], "maxAge": 86400}, "financialData": {"maxAge": 86400, "currentPrice": 43.1, "recommendationKey": "none", "totalCash": 15407000, "totalCashPerShare": 1.388, "ebitda": -10199000, "totalDebt": 47982000, "quickRatio": 3.957, "currentRatio": 5.4, "totalRevenue": 187148992, "debtToEquity": 20.131, "revenuePerShare": 16.821, "returnOnAssets": -0.022920001, "returnOnEquity": -0.042519998, "grossProfits": 48417000, "freeCashflow": 22596312, "operatingCashflow": -20497000, "revenueGrowth": -0.656, "grossMargins": 0.05579, "ebitdaMargins": -0.0545, "operatingMargins": -0.06777, "profitMargins": -0.055180002, "financialCurrency": "INR"}}}