{"GOENKA.NS": {"assetProfile": {"address1": "1305, Panchratna Building", "address2": "Mama Parmanand Marg Opera House Girgaon Division, Street No. 184", "city": "Mumbai", "zip": "400004", "country": "India", "phone": "91 22 2367 6030", "fax": "91 22 2367 6020", "website": "http://www.goenkadiamonds.com", "industry": "Luxury Goods", "sector": "Consumer Cyclical", "longBusinessSummary": "Goenka Diamond and Jewels Limited engages in the cutting, polishing, and sale of diamonds. The company operates in two segments, Diamond and Jewellery. It is also involved in the manufacture and retail of diamond jewelry. The company supplies polished diamonds primarily to wholesalers, jewelry manufacturers, traders, and retailers in India, Hong Kong, the United States, and Russia. Goenka Diamond and Jewels Limited was incorporated in 1990 and is based in Mumbai, India.", "fullTimeEmployees": 16, "companyOfficers": [{"maxAge": 1, "name": "Mr. Nandlal Shubhkaran Goenka", "age": 71, "title": "Chairman & CEO", "yearBorn": 1949, "fiscalYear": 2020, "totalPay": 643200, "exercisedValue": 0, "unexercisedValue": 0}, {"maxAge": 1, "name": "Mr. Navneet  Goenka", "age": 44, "title": "Vice Chairman, MD & CFO", "yearBorn": 1976, "fiscalYear": 2020, "totalPay": 514560, "exercisedValue": 0, "unexercisedValue": 0}, {"maxAge": 1, "name": "Mr. Arvind  Gupta", "age": 42, "title": "Chief Operating Officer", "yearBorn": 1978, "exercisedValue": 0, "unexercisedValue": 0}, {"maxAge": 1, "name": "Ms. Monica R. Hissaria", "title": "Company Sec. & Compliance Officer", "exercisedValue": 0, "unexercisedValue": 0}, {"maxAge": 1, "name": "Mr. Harshad  Mehta", "age": 55, "title": "Gen. Mang. of Sales", "yearBorn": 1965, "exercisedValue": 0, "unexercisedValue": 0}, {"maxAge": 1, "name": "Mr. Sanjeev Kumar Jain", "age": 50, "title": "Exec. Director", "yearBorn": 1970, "exercisedValue": 0, "unexercisedValue": 0}, {"maxAge": 1, "name": "Mr. Jitendra  Shah", "age": 65, "title": "Gen. Mang. of Diamond Cutting Department", "yearBorn": 1955, "exercisedValue": 0, "unexercisedValue": 0}, {"maxAge": 1, "name": "Mr. Vinay  Bagla", "age": 50, "title": "Gen. Mang. of G WILD jewellery marketing", "yearBorn": 1970, "exercisedValue": 0, "unexercisedValue": 0}, {"maxAge": 1, "name": "Mr. Alpish  Kakadia", "age": 42, "title": "Gen. Mang. of Production", "yearBorn": 1978, "exercisedValue": 0, "unexercisedValue": 0}, {"maxAge": 1, "name": "Mr. Pradip  Kavadiya", "age": 45, "title": "Gen. Mang. of Rough Diamonds Purchase Department", "yearBorn": 1975, "exercisedValue": 0, "unexercisedValue": 0}], "compensationAsOfEpochDate": "2020-12-31 05:30:00", "maxAge": 86400}, "cashflowStatementHistory": {"cashflowStatements": [{"maxAge": 1, "endDate": "2020-03-31", "netIncome": -24590000, "depreciation": 4558000, "changeToNetincome": 1434000, "changeToAccountReceivables": -96875000, "changeToLiabilities": 6028000, "changeToInventory": 113260000, "changeToOperatingActivities": -6071000, "totalCashFromOperatingActivities": -2256000, "capitalExpenditures": -49000, "otherCashflowsFromInvestingActivities": 5908000, "totalCashflowsFromInvestingActivities": 5859000, "netBorrowings": 100000, "totalCashFromFinancingActivities": 100000, "changeInCash": 3704000}, {"maxAge": 1, "endDate": "2019-03-31", "netIncome": -45161000, "depreciation": 5095000, "changeToNetincome": 6118000, "changeToAccountReceivables": -88797000, "changeToLiabilities": 81247000, "changeToInventory": 37500000, "changeToOperatingActivities": -1472000, "totalCashFromOperatingActivities": -5470000, "capitalExpenditures": -49000, "otherCashflowsFromInvestingActivities": 5908000, "totalCashflowsFromInvestingActivities": 5908000, "netBorrowings": 100000, "totalCashFromFinancingActivities": 100000, "changeInCash": 439000}, {"maxAge": 1, "endDate": "2018-03-31", "netIncome": -112757000, "depreciation": 6419000, "changeToNetincome": -1276000, "changeToAccountReceivables": 1404000, "changeToLiabilities": -49322000, "changeToInventory": 148610000, "changeToOperatingActivities": 1074000, "totalCashFromOperatingActivities": -5848000, "capitalExpenditures": -49000, "otherCashflowsFromInvestingActivities": 5960000, "totalCashflowsFromInvestingActivities": 5960000, "netBorrowings": 100000, "totalCashFromFinancingActivities": 100000, "changeInCash": 112000}, {"maxAge": 1, "endDate": "2017-03-31", "netIncome": -153833000, "depreciation": 5964000, "changeToNetincome": 31944000, "changeToAccountReceivables": 39665000, "changeToLiabilities": -15163000, "changeToInventory": 116676000, "changeToOperatingActivities": -34450000, "totalCashFromOperatingActivities": -9197000, "capitalExpenditures": -49000, "otherCashflowsFromInvestingActivities": 6359000, "totalCashflowsFromInvestingActivities": 6359000, "netBorrowings": -830000, "totalCashFromFinancingActivities": -830000, "changeInCash": -3668000}], "maxAge": 86400}, "institutionOwnership": {"ownershipList": [], "maxAge": 1}, "majorHoldersBreakdown": {"maxAge": 1, "insidersPercentHeld": 0.5755, "institutionsPercentHeld": 0.04067, "institutionsFloatPercentHeld": 0.0958, "institutionsCount": 2}, "balanceSheetHistoryQuarterly": {"balanceSheetStatements": [{"maxAge": 1, "endDate": "2020-12-31"}, {"maxAge": 1, "endDate": "2020-06-30", "totalStockholderEquity": 2460971000, "netTangibleAssets": 2460971000}, {"maxAge": 1, "endDate": "2020-03-31", "cash": 8721000, "shortTermInvestments": 92000, "netReceivables": 7568412000, "inventory": 205805000, "otherCurrentAssets": 105753000, "totalCurrentAssets": 7888962000, "longTermInvestments": 42929000, "propertyPlantEquipment": 76618000, "otherAssets": 25901000, "deferredLongTermAssetCharges": 5265000, "totalAssets": 8034410000, "accountsPayable": 3599957000, "otherCurrentLiab": 63452000, "otherLiab": 1054000, "minorityInterest": 678000, "totalCurrentLiabilities": 5571707000, "totalLiab": 5572761000, "commonStock": 317000000, "retainedEarnings": 989066000, "treasuryStock": 66398000, "capitalSurplus": 1088507000, "otherStockholderEquity": 66398000, "totalStockholderEquity": 2460971000, "netTangibleAssets": 2460971000}, {"maxAge": 1, "endDate": "2019-12-31", "totalStockholderEquity": 2470487000, "netTangibleAssets": 2470487000}], "maxAge": 86400}, "indexTrend": {"maxAge": 1, "symbol": "SP5", "peRatio": 19.7411, "pegRatio": 1.34172, "estimates": [{"period": "0q", "growth": 0.549}, {"period": "+1q", "growth": 0.431}, {"period": "0y", "growth": 0.305}, {"period": "+1y", "growth": 0.109}, {"period": "+5y", "growth": 0.120865}, {"period": "-5y"}]}, "defaultKeyStatistics": {"maxAge": 1, "priceHint": 4, "enterpriseValue": 448702496, "profitMargins": -0.69001997, "floatShares": 115656938, "sharesOutstanding": 317000000, "heldPercentInsiders": 0.5755, "heldPercentInstitutions": 0.04067, "beta": 1.760621, "category": null, "bookValue": 7.763, "priceToBook": 0.18678346, "fundFamily": null, "legalType": null, "lastFiscalYearEnd": "2020-03-31 05:30:00", "nextFiscalYearEnd": "2022-03-31 05:30:00", "mostRecentQuarter": "2020-12-31 05:30:00", "netIncomeToCommon": -32068000, "trailingEps": -0.097, "lastSplitFactor": "10:1", "lastSplitDate": "2012-10-25 05:30:00", "enterpriseToRevenue": 9.655, "enterpriseToEbitda": -4.603}, "summaryProfile": {"address1": "1305, Panchratna Building", "address2": "Mama Parmanand Marg Opera House Girgaon Division, Street No. 184", "city": "Mumbai", "zip": "400004", "country": "India", "phone": "91 22 2367 6030", "fax": "91 22 2367 6020", "website": "http://www.goenkadiamonds.com", "industry": "Luxury Goods", "sector": "Consumer Cyclical", "longBusinessSummary": "Goenka Diamond and Jewels Limited engages in the cutting, polishing, and sale of diamonds. The company operates in two segments, Diamond and Jewellery. It is also involved in the manufacture and retail of diamond jewelry. The company supplies polished diamonds primarily to wholesalers, jewelry manufacturers, traders, and retailers in India, Hong Kong, the United States, and Russia. Goenka Diamond and Jewels Limited was incorporated in 1990 and is based in Mumbai, India.", "fullTimeEmployees": 16, "companyOfficers": [], "maxAge": 86400}, "netSharePurchaseActivity": {"maxAge": 1, "period": "6m", "buyInfoCount": 0, "buyInfoShares": 0, "sellInfoCount": 0, "netInfoCount": 0, "netInfoShares": 0, "netPercentInsiderShares": 0.0, "totalInsiderShares": 178088464}, "insiderTransactions": {"transactions": [{"maxAge": 1, "shares": 72461250, "filerUrl": "", "transactionText": "", "filerName": "Goenka (Nandalal Shubhkaran)", "filerRelation": "Chairman of the Board", "moneyText": "", "startDate": "2014-12-11", "ownership": "D"}, {"maxAge": 1, "shares": 72461250, "filerUrl": "", "transactionText": "", "filerName": "Goenka (Navneet)", "filerRelation": "Vice Chairman", "moneyText": "", "startDate": "2014-12-11", "ownership": "D"}], "maxAge": 1}, "quoteType": {"exchange": "NSI", "quoteType": "EQUITY", "symbol": "GOENKA.NS", "underlyingSymbol": "GOENKA.NS", "shortName": "GOENKA DIAMOND & J", "longName": "Goenka Diamond and Jewels Limited", "firstTradeDateEpochUtc": "2010-04-16 09:15:00", "timeZoneFullName": "Asia/Kolkata", "timeZoneShortName": "IST", "uuid": "0ad601d5-1566-35ba-801b-c3ca4c2bc243", "gmtOffSetMilliseconds": 19800000, "maxAge": 1}, "incomeStatementHistory": {"incomeStatementHistory": [{"maxAge": 1, "endDate": "2020-03-31", "totalRevenue": 127953000, "costOfRevenue": 125642000, "grossProfit": 2311000, "researchDevelopment": {}, "sellingGeneralAdministrative": 9688000, "nonRecurring": {}, "otherOperatingExpenses": 13197000, "totalOperatingExpenses": 150574000, "operatingIncome": -22621000, "totalOtherIncomeExpenseNet": -1435000, "ebit": -22621000, "interestExpense": -5770000, "incomeBeforeTax": -24056000, "incomeTaxExpense": 542000, "minorityInterest": 678000, "netIncomeFromContinuingOps": -24598000, "discontinuedOperations": {}, "extraordinaryItems": {}, "effectOfAccountingCharges": {}, "otherItems": {}, "netIncome": -24590000, "netIncomeApplicableToCommonShares": -24590000}, {"maxAge": 1, "endDate": "2019-03-31", "totalRevenue": 65869000, "costOfRevenue": 83221000, "grossProfit": -17352000, "researchDevelopment": {}, "sellingGeneralAdministrative": 10363000, "nonRecurring": {}, "otherOperatingExpenses": 8106000, "totalOperatingExpenses": 104274000, "operatingIncome": -38405000, "totalOtherIncomeExpenseNet": -5426000, "ebit": -38405000, "interestExpense": -5995000, "incomeBeforeTax": -43831000, "incomeTaxExpense": 1337000, "minorityInterest": 686000, "netIncomeFromContinuingOps": -45168000, "discontinuedOperations": {}, "extraordinaryItems": {}, "effectOfAccountingCharges": {}, "otherItems": {}, "netIncome": -45161000, "netIncomeApplicableToCommonShares": -45161000}, {"maxAge": 1, "endDate": "2018-03-31", "totalRevenue": 77162000, "costOfRevenue": 148867000, "grossProfit": -71705000, "researchDevelopment": {}, "sellingGeneralAdministrative": 12236000, "nonRecurring": {}, "otherOperatingExpenses": 14343000, "totalOperatingExpenses": 179354000, "operatingIncome": -102192000, "totalOtherIncomeExpenseNet": -11080000, "ebit": -102192000, "interestExpense": -5865000, "incomeBeforeTax": -113272000, "incomeTaxExpense": -388000, "minorityInterest": 693000, "netIncomeFromContinuingOps": -112884000, "discontinuedOperations": {}, "extraordinaryItems": {}, "effectOfAccountingCharges": {}, "otherItems": {}, "netIncome": -112757000, "netIncomeApplicableToCommonShares": -112757000}, {"maxAge": 1, "endDate": "2017-03-31", "totalRevenue": 30916000, "costOfRevenue": 118015000, "grossProfit": -87099000, "researchDevelopment": {}, "sellingGeneralAdministrative": 13466000, "nonRecurring": {}, "otherOperatingExpenses": 10964000, "totalOperatingExpenses": 149937000, "operatingIncome": -119021000, "totalOtherIncomeExpenseNet": 2629000, "ebit": -119021000, "interestExpense": -7790000, "incomeBeforeTax": -116392000, "incomeTaxExpense": 37467000, "minorityInterest": 820000, "netIncomeFromContinuingOps": -153859000, "discontinuedOperations": {}, "extraordinaryItems": {}, "effectOfAccountingCharges": {}, "otherItems": {}, "netIncome": -153833000, "netIncomeApplicableToCommonShares": -153833000}], "maxAge": 86400}, "fundOwnership": {"ownershipList": [], "maxAge": 1}, "summaryDetail": {"maxAge": 1, "priceHint": 4, "previousClose": 1.45, "open": 1.5, "dayLow": 1.4, "dayHigh": 1.5, "regularMarketPreviousClose": 1.45, "regularMarketOpen": 1.5, "regularMarketDayLow": 1.4, "regularMarketDayHigh": 1.5, "exDividendDate": "2013-09-18 05:30:00", "payoutRatio": 0.0, "beta": 1.760621, "volume": 97029, "regularMarketVolume": 97029, "averageVolume": 476835, "averageVolume10days": 163642, "averageDailyVolume10Day": 163642, "bid": 0.0, "ask": 0.0, "bidSize": 0, "askSize": 0, "marketCap": 456480352, "fiftyTwoWeekLow": 0.2, "fiftyTwoWeekHigh": 2.4, "priceToSalesTrailing12Months": 9.822274, "fiftyDayAverage": 1.9196969, "twoHundredDayAverage": 1.1121428, "currency": "INR", "fromCurrency": null, "lastMarket": null, "algorithm": null, "tradeable": false}, "incomeStatementHistoryQuarterly": {"incomeStatementHistory": [{"maxAge": 1, "endDate": "2020-12-31", "totalRevenue": 9180000, "costOfRevenue": 12616000, "grossProfit": -3436000, "researchDevelopment": {}, "sellingGeneralAdministrative": 1391000, "nonRecurring": {}, "otherOperatingExpenses": 68743000, "totalOperatingExpenses": 83699000, "operatingIncome": -74519000, "totalOtherIncomeExpenseNet": 68519000, "ebit": -74519000, "interestExpense": -1604000, "incomeBeforeTax": -6000000, "incomeTaxExpense": 188000, "minorityInterest": {}, "netIncomeFromContinuingOps": -6188000, "discontinuedOperations": {}, "extraordinaryItems": {}, "effectOfAccountingCharges": {}, "otherItems": {}, "netIncome": -6189000, "netIncomeApplicableToCommonShares": -6189000}, {"maxAge": 1, "endDate": "2020-06-30", "totalRevenue": 0, "costOfRevenue": 7491000, "grossProfit": -7491000, "researchDevelopment": {}, "sellingGeneralAdministrative": 1599000, "nonRecurring": {}, "otherOperatingExpenses": 1631000, "totalOperatingExpenses": 11986000, "operatingIncome": -11986000, "totalOtherIncomeExpenseNet": 4721000, "ebit": -11986000, "interestExpense": -1380000, "incomeBeforeTax": -7265000, "incomeTaxExpense": 159000, "minorityInterest": {}, "netIncomeFromContinuingOps": -7424000, "discontinuedOperations": {}, "extraordinaryItems": {}, "effectOfAccountingCharges": {}, "otherItems": {}, "netIncome": -7424000, "netIncomeApplicableToCommonShares": -7424000}, {"maxAge": 1, "endDate": "2020-03-31", "totalRevenue": 15070000, "costOfRevenue": 12522000, "grossProfit": 2548000, "researchDevelopment": {}, "sellingGeneralAdministrative": 4721000, "nonRecurring": {}, "otherOperatingExpenses": 9399000, "totalOperatingExpenses": 25287000, "operatingIncome": -10217000, "totalOtherIncomeExpenseNet": -2893000, "ebit": -10217000, "interestExpense": -1381000, "incomeBeforeTax": -13110000, "incomeTaxExpense": 78000, "minorityInterest": 678000, "netIncomeFromContinuingOps": -13188000, "discontinuedOperations": {}, "extraordinaryItems": {}, "effectOfAccountingCharges": {}, "otherItems": {}, "netIncome": -13184000, "netIncomeApplicableToCommonShares": -13184000}, {"maxAge": 1, "endDate": "2019-12-31", "totalRevenue": 40192000, "costOfRevenue": 36972000, "grossProfit": 3220000, "researchDevelopment": {}, "sellingGeneralAdministrative": 1685000, "nonRecurring": {}, "otherOperatingExpenses": 433000, "totalOperatingExpenses": 40239000, "operatingIncome": -47000, "totalOtherIncomeExpenseNet": 885000, "ebit": -47000, "interestExpense": -1381000, "incomeBeforeTax": 838000, "incomeTaxExpense": 153000, "minorityInterest": 678000, "netIncomeFromContinuingOps": 685000, "discontinuedOperations": {}, "extraordinaryItems": {}, "effectOfAccountingCharges": {}, "otherItems": {}, "netIncome": 689000, "netIncomeApplicableToCommonShares": 689000}], "maxAge": 86400}, "cashflowStatementHistoryQuarterly": {"cashflowStatements": [{"maxAge": 1, "endDate": "2020-12-31", "netIncome": -6189000, "changeToLiabilities": 0}, {"maxAge": 1, "endDate": "2020-06-30", "netIncome": -7424000, "changeToLiabilities": 0}, {"maxAge": 1, "endDate": "2020-03-31", "netIncome": -13184000, "changeToLiabilities": 0}, {"maxAge": 1, "endDate": "2019-12-31", "netIncome": 689000, "changeToLiabilities": 0}], "maxAge": 86400}, "insiderHolders": {"holders": [{"maxAge": 1, "name": "Goenka (Nandalal Shubhkaran)", "relation": "Chairman of the Board", "url": "", "transactionDescription": "Other", "latestTransDate": "2014-12-11", "positionDirect": 26088750, "positionDirectDate": "2014-12-11"}, {"maxAge": 1, "name": "Goenka (Navneet)", "relation": "Vice Chairman", "url": "", "transactionDescription": "Other", "latestTransDate": "2014-12-11", "positionDirect": 111615000, "positionDirectDate": "2014-12-11"}], "maxAge": 1}, "calendarEvents": {"maxAge": 1, "earnings": {"earningsDate": []}, "exDividendDate": "2013-09-18 05:30:00"}, "upgradeDowngradeHistory": {"history": [], "maxAge": 86400}, "price": {"maxAge": 1, "regularMarketChangePercent": 0.0, "regularMarketChange": 0.0, "regularMarketTime": "2021-04-30 15:29:29", "priceHint": 4, "regularMarketPrice": 1.45, "regularMarketDayHigh": 1.5, "regularMarketDayLow": 1.4, "regularMarketVolume": 97029, "averageDailyVolume10Day": 163642, "averageDailyVolume3Month": 476835, "regularMarketPreviousClose": 1.45, "regularMarketSource": "FREE_REALTIME", "regularMarketOpen": 1.5, "exchange": "NSI", "exchangeName": "NSE", "exchangeDataDelayedBy": 15, "marketState": "CLOSED", "quoteType": "EQUITY", "symbol": "GOENKA.NS", "underlyingSymbol": null, "shortName": "GOENKA DIAMOND & J", "longName": "Goenka Diamond and Jewels Limited", "currency": "INR", "quoteSourceName": "Delayed Quote", "currencySymbol": "\u20b9", "fromCurrency": null, "lastMarket": null, "marketCap": 456480352}, "balanceSheetHistory": {"balanceSheetStatements": [{"maxAge": 1, "endDate": "2020-03-31", "cash": 8721000, "shortTermInvestments": 92000, "netReceivables": 7568412000, "inventory": 205805000, "otherCurrentAssets": 105753000, "totalCurrentAssets": 7888962000, "longTermInvestments": 42929000, "propertyPlantEquipment": 76618000, "otherAssets": 25901000, "deferredLongTermAssetCharges": 5265000, "totalAssets": 8034410000, "accountsPayable": 3599957000, "otherCurrentLiab": 63452000, "otherLiab": 1054000, "minorityInterest": 678000, "totalCurrentLiabilities": 5571707000, "totalLiab": 5572761000, "commonStock": 317000000, "retainedEarnings": 989066000, "treasuryStock": 66398000, "capitalSurplus": 1088507000, "otherStockholderEquity": 66398000, "totalStockholderEquity": 2460971000, "netTangibleAssets": 2460971000}, {"maxAge": 1, "endDate": "2019-03-31", "cash": 4960000, "shortTermInvestments": 4960000, "netReceivables": 7573202000, "inventory": 319065000, "otherCurrentAssets": 4765000, "totalCurrentAssets": 7907085000, "longTermInvestments": 42929000, "propertyPlantEquipment": 81128000, "otherAssets": 20026000, "deferredLongTermAssetCharges": 5804000, "totalAssets": 8051168000, "accountsPayable": 3593929000, "otherCurrentLiab": 65532000, "otherLiab": 813000, "minorityInterest": 686000, "totalCurrentLiabilities": 5566482000, "totalLiab": 5567295000, "commonStock": 317000000, "retainedEarnings": 1013655000, "treasuryStock": 64025000, "capitalSurplus": 1088507000, "otherStockholderEquity": 64025000, "totalStockholderEquity": 2483187000, "netTangibleAssets": 2483187000}, {"maxAge": 1, "endDate": "2018-03-31", "cash": 4451000, "shortTermInvestments": 3274000, "netReceivables": 7491009000, "inventory": 356565000, "otherCurrentAssets": 4616000, "totalCurrentAssets": 7860650000, "longTermInvestments": 42929000, "propertyPlantEquipment": 86223000, "otherAssets": 15850000, "deferredLongTermAssetCharges": 7166000, "totalAssets": 8005652000, "accountsPayable": 3512683000, "otherCurrentLiab": 53822000, "otherLiab": 4567000, "minorityInterest": 693000, "totalCurrentLiabilities": 5476958000, "totalLiab": 5481525000, "commonStock": 317000000, "retainedEarnings": 1058816000, "treasuryStock": 59111000, "capitalSurplus": 1088507000, "otherStockholderEquity": 59111000, "totalStockholderEquity": 2523434000, "netTangibleAssets": 2523434000}, {"maxAge": 1, "endDate": "2017-03-31", "cash": 4334000, "shortTermInvestments": 2544000, "netReceivables": 7497202000, "inventory": 505176000, "otherCurrentAssets": 1392000, "totalCurrentAssets": 8011515000, "longTermInvestments": 42929000, "propertyPlantEquipment": 92641000, "otherAssets": 14952000, "deferredLongTermAssetCharges": 6812000, "totalAssets": 8162037000, "accountsPayable": 3562004000, "otherCurrentLiab": 48487000, "otherLiab": 4567000, "minorityInterest": 820000, "totalCurrentLiabilities": 5519936000, "totalLiab": 5524503000, "commonStock": 317000000, "retainedEarnings": 1171574000, "treasuryStock": 59633000, "capitalSurplus": 1088507000, "otherStockholderEquity": 59633000, "totalStockholderEquity": 2636714000, "netTangibleAssets": 2636714000}], "maxAge": 86400}, "financialData": {"maxAge": 86400, "currentPrice": 1.45, "recommendationKey": "none", "ebitda": -97490752, "totalRevenue": 46474000, "revenuePerShare": 0.137, "grossProfits": 2311000, "revenueGrowth": -0.772, "grossMargins": -0.21825, "ebitdaMargins": -2.09775, "operatingMargins": -2.18716, "profitMargins": -0.69001997, "financialCurrency": "INR"}}}