{"GOLCA.BO": {"cashflowStatementHistory": {"cashflowStatements": [{"maxAge": 1, "endDate": "2020-03-31", "netIncome": 796651, "depreciation": 1015307, "changeToNetincome": 428507, "changeToAccountReceivables": 358131, "changeToLiabilities": 0, "changeToInventory": -3338860, "changeToOperatingActivities": 438435, "totalCashFromOperatingActivities": -301829, "changeInCash": -301829}, {"maxAge": 1, "endDate": "2019-03-31", "netIncome": -1417891, "depreciation": 1015469, "changeToNetincome": -623891, "changeToAccountReceivables": -144878, "changeToLiabilities": 0, "changeToInventory": -1060529, "changeToOperatingActivities": 544309, "totalCashFromOperatingActivities": -1687411, "capitalExpenditures": -1082119, "totalCashflowsFromInvestingActivities": -1082119, "netBorrowings": 1172973, "totalCashFromFinancingActivities": 1172973, "changeInCash": -1596558}, {"maxAge": 1, "endDate": "2018-03-31", "netIncome": -2740260, "depreciation": 1337158, "changeToNetincome": -838235, "changeToAccountReceivables": -443150, "changeToLiabilities": 0, "changeToInventory": -2016864, "changeToOperatingActivities": 2510125, "totalCashFromOperatingActivities": -2191226, "capitalExpenditures": -456000, "totalCashflowsFromInvestingActivities": -456000, "netBorrowings": 134400, "totalCashFromFinancingActivities": 134400, "changeInCash": -2512826}, {"maxAge": 1, "endDate": "2017-03-31", "netIncome": -3057493, "depreciation": 1976194, "changeToNetincome": -1367244, "changeToAccountReceivables": 790745, "changeToLiabilities": 0, "changeToInventory": 1925348, "changeToOperatingActivities": 91276, "totalCashFromOperatingActivities": 358826, "capitalExpenditures": -176393, "totalCashflowsFromInvestingActivities": -176393, "netBorrowings": 100000, "totalCashFromFinancingActivities": 100000, "changeInCash": 282433}], "maxAge": 86400}, "institutionOwnership": {"maxAge": 1, "ownershipList": []}, "balanceSheetHistoryQuarterly": {"balanceSheetStatements": [{"maxAge": 1, "endDate": "2020-06-30", "totalStockholderEquity": 4293000, "netTangibleAssets": 4293000}, {"maxAge": 1, "endDate": "2020-03-31", "cash": 1757276, "netReceivables": 896483, "inventory": 30392144, "otherCurrentAssets": 226045, "totalCurrentAssets": 33271948, "propertyPlantEquipment": 18142644, "otherAssets": 4035651, "deferredLongTermAssetCharges": 3552243, "totalAssets": 55450243, "accountsPayable": 307463, "otherCurrentLiab": 576514, "longTermDebt": 46592322, "totalCurrentLiabilities": 4564951, "totalLiab": 51157273, "commonStock": 64901590, "retainedEarnings": -102526016, "treasuryStock": 19510000, "capitalSurplus": 22407396, "otherStockholderEquity": 19510000, "totalStockholderEquity": 4292970, "netTangibleAssets": 4292970}, {"maxAge": 1, "endDate": "2019-12-31", "totalStockholderEquity": 5589000, "netTangibleAssets": 5589000}, {"maxAge": 1, "endDate": "2019-09-30", "cash": 1657000, "netReceivables": 3306000, "inventory": 30076000, "otherCurrentAssets": 4188000, "totalCurrentAssets": 39227000, "propertyPlantEquipment": 19158000, "otherAssets": 483000, "totalAssets": 58868000, "accountsPayable": 4525000, "shortLongTermDebt": 46592000, "otherCurrentLiab": 2162000, "totalCurrentLiabilities": 53279000, "totalLiab": 53279000, "commonStock": 64902000, "treasuryStock": -59313000, "otherStockholderEquity": -59313000, "totalStockholderEquity": 5589000, "netTangibleAssets": 5589000}], "maxAge": 86400}, "indexTrend": {"maxAge": 1, "symbol": "SP5", "peRatio": 19.7411, "pegRatio": 1.34172, "estimates": [{"period": "0q", "growth": 0.549}, {"period": "+1q", "growth": 0.431}, {"period": "0y", "growth": 0.305}, {"period": "+1y", "growth": 0.109}, {"period": "+5y", "growth": 0.120859005}, {"period": "-5y"}]}, "quoteType": {"exchange": "BSE", "quoteType": "EQUITY", "symbol": "GOLCA.BO", "underlyingSymbol": "GOLCA.BO", "shortName": "GOLDEN CARPETS LTD.", "longName": "Golden Carpets Limited", "firstTradeDateEpochUtc": "2005-06-30 09:15:00", "timeZoneFullName": "Asia/Kolkata", "timeZoneShortName": "IST", "uuid": "49d1f119-e486-3b0e-8c5f-9f1966d31c9b", "messageBoardId": null, "gmtOffSetMilliseconds": 19800000, "maxAge": 1}, "incomeStatementHistory": {"incomeStatementHistory": [{"maxAge": 1, "endDate": "2020-03-31", "totalRevenue": 11932980, "costOfRevenue": 4076596, "grossProfit": 7856384, "researchDevelopment": {}, "sellingGeneralAdministrative": 3499876, "nonRecurring": {}, "otherOperatingExpenses": 2299279, "totalOperatingExpenses": 10891058, "operatingIncome": 1041922, "totalOtherIncomeExpenseNet": 183234, "ebit": 1041922, "interestExpense": -161593, "incomeBeforeTax": 1225156, "incomeTaxExpense": 428505, "minorityInterest": {}, "netIncomeFromContinuingOps": 796651, "discontinuedOperations": {}, "extraordinaryItems": {}, "effectOfAccountingCharges": {}, "otherItems": {}, "netIncome": 796651, "netIncomeApplicableToCommonShares": 796651}, {"maxAge": 1, "endDate": "2019-03-31", "totalRevenue": 7180082, "costOfRevenue": 2938102, "grossProfit": 4241980, "researchDevelopment": {}, "sellingGeneralAdministrative": 3193520, "nonRecurring": {}, "otherOperatingExpenses": 2144662, "totalOperatingExpenses": 9291753, "operatingIncome": -2111671, "totalOtherIncomeExpenseNet": 69888, "ebit": -2111671, "interestExpense": -57456, "incomeBeforeTax": -2041783, "incomeTaxExpense": -623892, "minorityInterest": {}, "netIncomeFromContinuingOps": -1417891, "discontinuedOperations": {}, "extraordinaryItems": {}, "effectOfAccountingCharges": {}, "otherItems": {}, "netIncome": -1417891, "netIncomeApplicableToCommonShares": -1417891}, {"maxAge": 1, "endDate": "2018-03-31", "totalRevenue": 4178852, "costOfRevenue": 1912759, "grossProfit": 2266093, "researchDevelopment": {}, "sellingGeneralAdministrative": 2202139, "nonRecurring": {}, "otherOperatingExpenses": 3537685, "totalOperatingExpenses": 8989741, "operatingIncome": -4810889, "totalOtherIncomeExpenseNet": 1232393, "ebit": -4810889, "interestExpense": -6055, "incomeBeforeTax": -3578496, "incomeTaxExpense": -838236, "minorityInterest": {}, "netIncomeFromContinuingOps": -2740260, "discontinuedOperations": {}, "extraordinaryItems": {}, "effectOfAccountingCharges": {}, "otherItems": {}, "netIncome": -2740260, "netIncomeApplicableToCommonShares": -2740260}, {"maxAge": 1, "endDate": "2017-03-31", "totalRevenue": 7630496, "costOfRevenue": 3083612, "grossProfit": 4546884, "researchDevelopment": {}, "sellingGeneralAdministrative": 4576317, "nonRecurring": {}, "otherOperatingExpenses": 2929590, "totalOperatingExpenses": 12565713, "operatingIncome": -4935217, "totalOtherIncomeExpenseNet": 510480, "ebit": -4935217, "interestExpense": -6055, "incomeBeforeTax": -4424737, "incomeTaxExpense": -1367244, "minorityInterest": {}, "netIncomeFromContinuingOps": -3057493, "discontinuedOperations": {}, "extraordinaryItems": {}, "effectOfAccountingCharges": {}, "otherItems": {}, "netIncome": -3057493, "netIncomeApplicableToCommonShares": -3057493}], "maxAge": 86400}, "fundOwnership": {"maxAge": 1, "ownershipList": []}, "summaryDetail": {"maxAge": 1, "priceHint": 4, "previousClose": 4.52, "open": 4.52, "dayLow": 4.52, "dayHigh": 4.52, "regularMarketPreviousClose": 4.52, "regularMarketOpen": 4.52, "regularMarketDayLow": 4.52, "regularMarketDayHigh": 4.52, "trailingPE": 57.215187, "volume": 100, "regularMarketVolume": 100, "averageVolume": 7, "averageVolume10days": 1, "averageDailyVolume10Day": 1, "bid": 0.0, "ask": 4.52, "marketCap": 29335524, "fiftyTwoWeekLow": 4.1, "fiftyTwoWeekHigh": 4.52, "fiftyDayAverage": 4.2828574, "twoHundredDayAverage": 4.171679, "currency": "INR", "fromCurrency": null, "toCurrency": null, "lastMarket": null, "algorithm": null, "tradeable": false}, "incomeStatementHistoryQuarterly": {"incomeStatementHistory": [{"maxAge": 1, "endDate": "2020-06-30", "totalRevenue": 835000, "costOfRevenue": 314000, "grossProfit": 521000, "researchDevelopment": {}, "sellingGeneralAdministrative": 618000, "nonRecurring": {}, "otherOperatingExpenses": 645000, "totalOperatingExpenses": 1787000, "operatingIncome": -952000, "totalOtherIncomeExpenseNet": 1000, "ebit": -952000, "interestExpense": {}, "incomeBeforeTax": -951000, "incomeTaxExpense": 0, "minorityInterest": {}, "netIncomeFromContinuingOps": -951000, "discontinuedOperations": {}, "extraordinaryItems": {}, "effectOfAccountingCharges": {}, "otherItems": {}, "netIncome": -951000, "netIncomeApplicableToCommonShares": -951000}, {"maxAge": 1, "endDate": "2020-03-31", "totalRevenue": 580980, "costOfRevenue": -420404, "grossProfit": 1001384, "researchDevelopment": {}, "sellingGeneralAdministrative": 1778876, "nonRecurring": {}, "otherOperatingExpenses": -597721, "totalOperatingExpenses": 1013058, "operatingIncome": -432078, "totalOtherIncomeExpenseNet": -150766, "ebit": -432078, "interestExpense": -161593, "incomeBeforeTax": -582844, "incomeTaxExpense": 428505, "minorityInterest": {}, "netIncomeFromContinuingOps": -1011349, "discontinuedOperations": {}, "extraordinaryItems": {}, "effectOfAccountingCharges": {}, "otherItems": {}, "netIncome": -1011349, "netIncomeApplicableToCommonShares": -1011349}, {"maxAge": 1, "endDate": "2019-12-31", "totalRevenue": 2198000, "costOfRevenue": 842000, "grossProfit": 1356000, "researchDevelopment": {}, "sellingGeneralAdministrative": 605000, "nonRecurring": {}, "otherOperatingExpenses": 924000, "totalOperatingExpenses": 2625000, "operatingIncome": -427000, "totalOtherIncomeExpenseNet": 332000, "ebit": -427000, "interestExpense": -161593, "incomeBeforeTax": -95000, "incomeTaxExpense": 0, "minorityInterest": {}, "netIncomeFromContinuingOps": -95000, "discontinuedOperations": {}, "extraordinaryItems": {}, "effectOfAccountingCharges": {}, "otherItems": {}, "netIncome": -95000, "netIncomeApplicableToCommonShares": -95000}, {"maxAge": 1, "endDate": "2019-09-30", "totalRevenue": 7664000, "costOfRevenue": 3042000, "grossProfit": 4622000, "researchDevelopment": {}, "sellingGeneralAdministrative": 571000, "nonRecurring": {}, "otherOperatingExpenses": 1221000, "totalOperatingExpenses": 5088000, "operatingIncome": 2576000, "totalOtherIncomeExpenseNet": -1000, "ebit": 2576000, "interestExpense": -161593, "incomeBeforeTax": 2575000, "incomeTaxExpense": 0, "minorityInterest": {}, "netIncomeFromContinuingOps": 2575000, "discontinuedOperations": {}, "extraordinaryItems": {}, "effectOfAccountingCharges": {}, "otherItems": {}, "netIncome": 2575000, "netIncomeApplicableToCommonShares": 2575000}], "maxAge": 86400}, "cashflowStatementHistoryQuarterly": {"cashflowStatements": [{"maxAge": 1, "endDate": "2020-06-30", "netIncome": -951000, "changeToLiabilities": 0}, {"maxAge": 1, "endDate": "2020-03-31", "netIncome": -1011349, "changeToLiabilities": 0}, {"maxAge": 1, "endDate": "2019-12-31", "netIncome": -95000, "changeToLiabilities": 0}, {"maxAge": 1, "endDate": "2019-09-30", "netIncome": 2575000, "changeToLiabilities": 0}], "maxAge": 86400}, "insiderHolders": {"holders": [], "maxAge": 1}, "calendarEvents": {"maxAge": 1, "earnings": {"earningsDate": ["2020-06-29 05:30:S"]}}, "price": {"maxAge": 1, "regularMarketChangePercent": 0.0, "regularMarketChange": 0.0, "regularMarketTime": "2021-04-29 13:15:00", "priceHint": 4, "regularMarketPrice": 4.52, "regularMarketDayHigh": 4.52, "regularMarketDayLow": 4.52, "regularMarketVolume": 100, "averageDailyVolume10Day": 1, "averageDailyVolume3Month": 7, "regularMarketPreviousClose": 4.52, "regularMarketSource": "FREE_REALTIME", "regularMarketOpen": 4.52, "exchange": "BSE", "exchangeName": "BSE", "exchangeDataDelayedBy": 0, "marketState": "CLOSED", "quoteType": "EQUITY", "symbol": "GOLCA.BO", "underlyingSymbol": null, "shortName": "GOLDEN CARPETS LTD.", "longName": "Golden Carpets Limited", "currency": "INR", "quoteSourceName": "Delayed Quote", "currencySymbol": "\u20b9", "fromCurrency": null, "toCurrency": null, "lastMarket": null, "marketCap": 29335524}, "balanceSheetHistory": {"balanceSheetStatements": [{"maxAge": 1, "endDate": "2020-03-31", "cash": 1757276, "netReceivables": 896483, "inventory": 30392144, "otherCurrentAssets": 226045, "totalCurrentAssets": 33271948, "propertyPlantEquipment": 18142644, "otherAssets": 4035651, "deferredLongTermAssetCharges": 3552243, "totalAssets": 55450243, "accountsPayable": 307463, "otherCurrentLiab": 576514, "longTermDebt": 46592322, "totalCurrentLiabilities": 4564951, "totalLiab": 51157273, "commonStock": 64901590, "retainedEarnings": -102526016, "treasuryStock": 19510000, "capitalSurplus": 22407396, "otherStockholderEquity": 19510000, "totalStockholderEquity": 4292970, "netTangibleAssets": 4292970}, {"maxAge": 1, "endDate": "2019-03-31", "cash": 2059105, "netReceivables": 1279119, "inventory": 27053284, "otherCurrentAssets": 244667, "totalCurrentAssets": 30636175, "longTermInvestments": 483000, "propertyPlantEquipment": 19157953, "otherAssets": 4464158, "deferredLongTermAssetCharges": 3980749, "totalAssets": 54258286, "accountsPayable": 1227279, "otherCurrentLiab": 179960, "longTermDebt": 46592322, "otherLiab": 1, "totalCurrentLiabilities": 4169643, "totalLiab": 50761966, "commonStock": 64901590, "retainedEarnings": -103322666, "treasuryStock": 19510000, "capitalSurplus": 22407396, "otherStockholderEquity": 19510000, "totalStockholderEquity": 3496320, "netTangibleAssets": 3496320}, {"maxAge": 1, "endDate": "2018-03-31", "cash": 3655662, "netReceivables": 761242, "inventory": 25992755, "otherCurrentAssets": 282181, "totalCurrentAssets": 30691840, "propertyPlantEquipment": 19091303, "otherAssets": 3840267, "deferredLongTermAssetCharges": 3356857, "totalAssets": 53623410, "otherCurrentLiab": 1565327, "longTermDebt": 45419349, "otherLiab": 3, "totalCurrentLiabilities": 3289848, "totalLiab": 48709200, "commonStock": 64901590, "retainedEarnings": -101904776, "treasuryStock": 19510000, "capitalSurplus": 22407396, "otherStockholderEquity": 19510000, "totalStockholderEquity": 4914210, "netTangibleAssets": 4914210}, {"maxAge": 1, "endDate": "2017-03-31", "cash": 6168486, "netReceivables": 227667, "inventory": 23975891, "otherCurrentAssets": 688086, "totalCurrentAssets": 31060130, "propertyPlantEquipment": 20001150, "otherAssets": 3003901, "deferredLongTermAssetCharges": 2520491, "totalAssets": 54065181, "otherCurrentLiab": 350892, "longTermDebt": 45284949, "totalCurrentLiabilities": 1095203, "totalLiab": 46380152, "commonStock": 64901590, "retainedEarnings": -99133957, "treasuryStock": 19510000, "capitalSurplus": 22407396, "otherStockholderEquity": 19510000, "totalStockholderEquity": 7685029, "netTangibleAssets": 7685029}], "maxAge": 86400}, "financialData": {"maxAge": 86400, "currentPrice": 4.52, "recommendationKey": "none", "grossProfits": 7856384, "financialCurrency": "INR"}}}