{"GOLDTECH.BO": {"cashflowStatementHistory": {"cashflowStatements": [{"maxAge": 1, "endDate": "2020-03-31", "netIncome": -1280000, "depreciation": 3320000, "changeToNetincome": -1220000, "changeToAccountReceivables": -29440000, "changeToLiabilities": 18760000, "changeToOperatingActivities": -19870000, "totalCashFromOperatingActivities": -29730000, "capitalExpenditures": -720000, "otherCashflowsFromInvestingActivities": 1210000, "totalCashflowsFromInvestingActivities": 490000, "netBorrowings": 18020000, "otherCashflowsFromFinancingActivities": -3310000, "totalCashFromFinancingActivities": 14710000, "changeInCash": -14530000}, {"maxAge": 1, "endDate": "2019-03-31", "netIncome": -8770000, "depreciation": 3700000, "changeToNetincome": 7670000, "changeToAccountReceivables": -9120000, "changeToLiabilities": 10830000, "changeToOperatingActivities": -8010000, "totalCashFromOperatingActivities": -3700000, "capitalExpenditures": -8580000, "otherCashflowsFromInvestingActivities": 2330000, "totalCashflowsFromInvestingActivities": -4320000, "netBorrowings": 1350000, "otherCashflowsFromFinancingActivities": -3100000, "totalCashFromFinancingActivities": -1750000, "changeInCash": -9770000}, {"maxAge": 1, "endDate": "2018-03-31", "netIncome": 15210000, "depreciation": 3790000, "changeToNetincome": -19430000, "changeToAccountReceivables": -16830000, "changeToLiabilities": 5890000, "changeToOperatingActivities": -79950000, "totalCashFromOperatingActivities": -91320000, "capitalExpenditures": -900000, "otherCashflowsFromInvestingActivities": 450000, "totalCashflowsFromInvestingActivities": -270000, "netBorrowings": 6710000, "otherCashflowsFromFinancingActivities": -3200000, "totalCashFromFinancingActivities": 3510000, "changeInCash": -88090000}, {"maxAge": 1, "endDate": "2017-03-31", "netIncome": -1100000, "depreciation": 4040000, "changeToNetincome": -32680000, "changeToAccountReceivables": -3170000, "changeToLiabilities": -6730000, "changeToOperatingActivities": 3480000, "totalCashFromOperatingActivities": -36160000, "capitalExpenditures": -3960000, "otherCashflowsFromInvestingActivities": 5510000, "totalCashflowsFromInvestingActivities": 1570000, "netBorrowings": 13090000, "otherCashflowsFromFinancingActivities": -840000, "totalCashFromFinancingActivities": 12250000, "changeInCash": -22330000}], "maxAge": 86400}, "institutionOwnership": {"ownershipList": [], "maxAge": 1}, "balanceSheetHistoryQuarterly": {"balanceSheetStatements": [{"maxAge": 1, "endDate": "2020-06-30", "totalStockholderEquity": 446660000, "netTangibleAssets": 354080000}, {"maxAge": 1, "endDate": "2020-03-31", "cash": 34880000, "netReceivables": 262640000, "otherCurrentAssets": 124720000, "totalCurrentAssets": 422240000, "propertyPlantEquipment": 100820000, "goodWill": 92580000, "otherAssets": 11180000, "deferredLongTermAssetCharges": 9770000, "totalAssets": 626820000, "accountsPayable": 70580000, "shortLongTermDebt": 1560000, "otherCurrentLiab": 3090000, "longTermDebt": 1260000, "otherLiab": 51870000, "totalCurrentLiabilities": 127030000, "totalLiab": 180160000, "commonStock": 187820000, "retainedEarnings": -89720000, "treasuryStock": 130180000, "capitalSurplus": 218380000, "otherStockholderEquity": 130180000, "totalStockholderEquity": 446660000, "netTangibleAssets": 354080000}, {"maxAge": 1, "endDate": "2019-12-31", "totalStockholderEquity": 439509000, "netTangibleAssets": 346826000}, {"maxAge": 1, "endDate": "2019-09-30", "cash": 47134000, "shortTermInvestments": 1553000, "netReceivables": 211905000, "otherCurrentAssets": 104084000, "totalCurrentAssets": 363123000, "propertyPlantEquipment": 102102000, "goodWill": 92683000, "intangibleAssets": 92683000, "otherAssets": 12616000, "deferredLongTermAssetCharges": 11208000, "totalAssets": 570524000, "accountsPayable": 52575000, "otherCurrentLiab": 5292000, "longTermDebt": 2052000, "otherLiab": 51122000, "totalCurrentLiabilities": 77841000, "totalLiab": 131015000, "commonStock": 187821000, "treasuryStock": 251688000, "otherStockholderEquity": 251688000, "totalStockholderEquity": 439509000, "netTangibleAssets": 346826000}], "maxAge": 86400}, "indexTrend": {"maxAge": 1, "symbol": "SP5", "peRatio": 19.7411, "pegRatio": 1.34172, "estimates": [{"period": "0q", "growth": 0.549}, {"period": "+1q", "growth": 0.431}, {"period": "0y", "growth": 0.305}, {"period": "+1y", "growth": 0.109}, {"period": "+5y", "growth": 0.120865}, {"period": "-5y"}]}, "quoteType": {"exchange": "BSE", "quoteType": "EQUITY", "symbol": "GOLDTECH.BO", "underlyingSymbol": "GOLDTECH.BO", "shortName": "GOLDSTONE TECHNOLOGIES LTD.", "longName": "Goldstone Technologies Limited", "firstTradeDateEpochUtc": "2000-01-03 09:15:00", "timeZoneFullName": "Asia/Kolkata", "timeZoneShortName": "IST", "uuid": "afc796fc-aa8d-3471-8d2a-d98b459bc798", "gmtOffSetMilliseconds": 19800000, "maxAge": 1}, "incomeStatementHistory": {"incomeStatementHistory": [{"maxAge": 1, "endDate": "2020-03-31", "totalRevenue": 427900000, "costOfRevenue": 384560000, "grossProfit": 43340000, "researchDevelopment": {}, "sellingGeneralAdministrative": 6650000, "nonRecurring": {}, "otherOperatingExpenses": 24860000, "totalOperatingExpenses": 419540000, "operatingIncome": 8360000, "totalOtherIncomeExpenseNet": -7650000, "ebit": 8360000, "interestExpense": -2790000, "incomeBeforeTax": 710000, "incomeTaxExpense": 1990000, "minorityInterest": {}, "netIncomeFromContinuingOps": -1280000, "discontinuedOperations": {}, "extraordinaryItems": {}, "effectOfAccountingCharges": {}, "otherItems": {}, "netIncome": -1280000, "netIncomeApplicableToCommonShares": -1280000}, {"maxAge": 1, "endDate": "2019-03-31", "totalRevenue": 416830000, "costOfRevenue": 367800000, "grossProfit": 49030000, "researchDevelopment": {}, "sellingGeneralAdministrative": 4680000, "nonRecurring": {}, "otherOperatingExpenses": 28940000, "totalOperatingExpenses": 409740000, "operatingIncome": 7090000, "totalOtherIncomeExpenseNet": -5660000, "ebit": 7090000, "interestExpense": -2750000, "incomeBeforeTax": 1430000, "incomeTaxExpense": 10200000, "minorityInterest": 1000, "netIncomeFromContinuingOps": -8770000, "discontinuedOperations": {}, "extraordinaryItems": {}, "effectOfAccountingCharges": {}, "otherItems": {}, "netIncome": -8770000, "netIncomeApplicableToCommonShares": -8770000}, {"maxAge": 1, "endDate": "2018-03-31", "totalRevenue": 358430000, "costOfRevenue": 323090000, "grossProfit": 35340000, "researchDevelopment": {}, "sellingGeneralAdministrative": 5150000, "nonRecurring": {}, "otherOperatingExpenses": 26750000, "totalOperatingExpenses": 358780000, "operatingIncome": -350000, "totalOtherIncomeExpenseNet": 2090000, "ebit": -350000, "interestExpense": -2660000, "incomeBeforeTax": 1740000, "incomeTaxExpense": -13470000, "minorityInterest": 1000, "netIncomeFromContinuingOps": 15210000, "discontinuedOperations": {}, "extraordinaryItems": {}, "effectOfAccountingCharges": {}, "otherItems": {}, "netIncome": 15210000, "netIncomeApplicableToCommonShares": 15210000}, {"maxAge": 1, "endDate": "2017-03-31", "totalRevenue": 373640000, "costOfRevenue": 351160000, "grossProfit": 22480000, "researchDevelopment": {}, "sellingGeneralAdministrative": 4000000, "nonRecurring": {}, "otherOperatingExpenses": 28150000, "totalOperatingExpenses": 387540000, "operatingIncome": -13900000, "totalOtherIncomeExpenseNet": 90000, "ebit": -13900000, "interestExpense": -600000, "incomeBeforeTax": -13810000, "incomeTaxExpense": -12710000, "minorityInterest": 1000, "netIncomeFromContinuingOps": -1100000, "discontinuedOperations": {}, "extraordinaryItems": {}, "effectOfAccountingCharges": {}, "otherItems": {}, "netIncome": -1100000, "netIncomeApplicableToCommonShares": -1100000}], "maxAge": 86400}, "fundOwnership": {"ownershipList": [], "maxAge": 1}, "summaryDetail": {"maxAge": 1, "priceHint": 2, "previousClose": 9.85, "open": 9.98, "dayLow": 9.7, "dayHigh": 9.98, "regularMarketPreviousClose": 9.85, "regularMarketOpen": 9.98, "regularMarketDayLow": 9.7, "regularMarketDayHigh": 9.98, "trailingPE": 183.01886, "volume": 1717, "regularMarketVolume": 1717, "averageVolume": 9938, "averageVolume10days": 2023, "averageDailyVolume10Day": 2023, "bid": 9.6, "ask": 9.7, "bidSize": 0, "askSize": 0, "marketCap": 182186368, "fiftyTwoWeekLow": 5.5, "fiftyTwoWeekHigh": 16.09, "fiftyDayAverage": 10.340909, "twoHundredDayAverage": 9.376103, "currency": "INR", "fromCurrency": null, "lastMarket": null, "algorithm": null, "tradeable": false}, "incomeStatementHistoryQuarterly": {"incomeStatementHistory": [{"maxAge": 1, "endDate": "2020-06-30", "totalRevenue": 92650000, "costOfRevenue": 81420000, "grossProfit": 11230000, "researchDevelopment": {}, "sellingGeneralAdministrative": {}, "nonRecurring": {}, "otherOperatingExpenses": 7560000, "totalOperatingExpenses": 89740000, "operatingIncome": 2910000, "totalOtherIncomeExpenseNet": -1150000, "ebit": 2910000, "interestExpense": -1150000, "incomeBeforeTax": 1760000, "incomeTaxExpense": 400000, "minorityInterest": {}, "netIncomeFromContinuingOps": 1360000, "discontinuedOperations": {}, "extraordinaryItems": {}, "effectOfAccountingCharges": {}, "otherItems": {}, "netIncome": 1360000, "netIncomeApplicableToCommonShares": 1360000}, {"maxAge": 1, "endDate": "2020-03-31", "totalRevenue": 140120000, "costOfRevenue": 124980000, "grossProfit": 15140000, "researchDevelopment": {}, "sellingGeneralAdministrative": 6650000, "nonRecurring": {}, "otherOperatingExpenses": -1120000, "totalOperatingExpenses": 131340000, "operatingIncome": 8780000, "totalOtherIncomeExpenseNet": -5130000, "ebit": 8780000, "interestExpense": -270000, "incomeBeforeTax": 3650000, "incomeTaxExpense": 1870000, "minorityInterest": {}, "netIncomeFromContinuingOps": 1780000, "discontinuedOperations": {}, "extraordinaryItems": {}, "effectOfAccountingCharges": {}, "otherItems": {}, "netIncome": 1780000, "netIncomeApplicableToCommonShares": 1780000}, {"maxAge": 1, "endDate": "2019-12-31", "totalRevenue": 107500000, "costOfRevenue": 100060000, "grossProfit": 7440000, "researchDevelopment": {}, "sellingGeneralAdministrative": 6650000, "nonRecurring": {}, "otherOperatingExpenses": 8900000, "totalOperatingExpenses": 109910000, "operatingIncome": -2410000, "totalOtherIncomeExpenseNet": -1010000, "ebit": -2410000, "interestExpense": -1010000, "incomeBeforeTax": -3420000, "incomeTaxExpense": 30000, "minorityInterest": {}, "netIncomeFromContinuingOps": -3450000, "discontinuedOperations": {}, "extraordinaryItems": {}, "effectOfAccountingCharges": {}, "otherItems": {}, "netIncome": -3450000, "netIncomeApplicableToCommonShares": -3450000}, {"maxAge": 1, "endDate": "2019-09-30", "totalRevenue": 99060000, "costOfRevenue": 87510000, "grossProfit": 11550000, "researchDevelopment": {}, "sellingGeneralAdministrative": 6650000, "nonRecurring": {}, "otherOperatingExpenses": 8510000, "totalOperatingExpenses": 96910000, "operatingIncome": 2150000, "totalOtherIncomeExpenseNet": -740000, "ebit": 2150000, "interestExpense": -740000, "incomeBeforeTax": 1410000, "incomeTaxExpense": 60000, "minorityInterest": {}, "netIncomeFromContinuingOps": 1350000, "discontinuedOperations": {}, "extraordinaryItems": {}, "effectOfAccountingCharges": {}, "otherItems": {}, "netIncome": 1350000, "netIncomeApplicableToCommonShares": 1350000}], "maxAge": 86400}, "cashflowStatementHistoryQuarterly": {"cashflowStatements": [{"maxAge": 1, "endDate": "2020-06-30", "netIncome": 1360000, "changeToLiabilities": 0}, {"maxAge": 1, "endDate": "2020-03-31", "netIncome": 1780000, "changeToLiabilities": 0}, {"maxAge": 1, "endDate": "2019-12-31", "netIncome": -3450000, "changeToLiabilities": 0}, {"maxAge": 1, "endDate": "2019-09-30", "netIncome": 1350000, "changeToLiabilities": 0}], "maxAge": 86400}, "insiderHolders": {"holders": [], "maxAge": 1}, "calendarEvents": {"maxAge": 1, "earnings": {"earningsDate": []}}, "upgradeDowngradeHistory": {"history": [], "maxAge": 86400}, "price": {"maxAge": 1, "regularMarketChangePercent": -0.015228484, "regularMarketChange": -0.15000057, "regularMarketTime": "2021-04-30 15:24:23", "priceHint": 2, "regularMarketPrice": 9.7, "regularMarketDayHigh": 9.98, "regularMarketDayLow": 9.7, "regularMarketVolume": 1717, "averageDailyVolume10Day": 2023, "averageDailyVolume3Month": 9938, "regularMarketPreviousClose": 9.85, "regularMarketSource": "FREE_REALTIME", "regularMarketOpen": 9.98, "exchange": "BSE", "exchangeName": "BSE", "exchangeDataDelayedBy": 0, "marketState": "CLOSED", "quoteType": "EQUITY", "symbol": "GOLDTECH.BO", "underlyingSymbol": null, "shortName": "GOLDSTONE TECHNOLOGIES LTD.", "longName": "Goldstone Technologies Limited", "currency": "INR", "quoteSourceName": "Delayed Quote", "currencySymbol": "\u20b9", "fromCurrency": null, "lastMarket": null, "marketCap": 182186368}, "balanceSheetHistory": {"balanceSheetStatements": [{"maxAge": 1, "endDate": "2020-03-31", "cash": 34880000, "netReceivables": 262640000, "otherCurrentAssets": 124720000, "totalCurrentAssets": 422240000, "propertyPlantEquipment": 100820000, "goodWill": 92580000, "otherAssets": 11180000, "deferredLongTermAssetCharges": 9770000, "totalAssets": 626820000, "accountsPayable": 70580000, "shortLongTermDebt": 1560000, "otherCurrentLiab": 3090000, "longTermDebt": 1260000, "otherLiab": 51870000, "totalCurrentLiabilities": 127030000, "totalLiab": 180160000, "commonStock": 187820000, "retainedEarnings": -89720000, "treasuryStock": 130180000, "capitalSurplus": 218380000, "otherStockholderEquity": 130180000, "totalStockholderEquity": 446660000, "netTangibleAssets": 354080000}, {"maxAge": 1, "endDate": "2019-03-31", "cash": 49410000, "netReceivables": 220110000, "otherCurrentAssets": 93700000, "totalCurrentAssets": 363220000, "propertyPlantEquipment": 103400000, "goodWill": 92580000, "otherAssets": 12980000, "deferredLongTermAssetCharges": 11570000, "totalAssets": 572180000, "accountsPayable": 51820000, "otherCurrentLiab": 2250000, "longTermDebt": 2820000, "otherLiab": 51180000, "minorityInterest": 1000, "totalCurrentLiabilities": 83070000, "totalLiab": 137070000, "commonStock": 187820000, "retainedEarnings": -88910000, "treasuryStock": 117820000, "capitalSurplus": 218380000, "otherStockholderEquity": 117820000, "totalStockholderEquity": 435110000, "netTangibleAssets": 342530000}, {"maxAge": 1, "endDate": "2018-03-31", "cash": 59180000, "netReceivables": 203530000, "otherCurrentAssets": 77280000, "totalCurrentAssets": 339990000, "propertyPlantEquipment": 100440000, "goodWill": 92580000, "otherAssets": 27200000, "deferredLongTermAssetCharges": 25790000, "totalAssets": 560210000, "accountsPayable": 40990000, "shortLongTermDebt": 850000, "longTermDebt": 780000, "otherLiab": 56960000, "totalCurrentLiabilities": 70880000, "totalLiab": 128620000, "commonStock": 187820000, "retainedEarnings": -81720000, "treasuryStock": 107110000, "capitalSurplus": 218380000, "otherStockholderEquity": 107110000, "totalStockholderEquity": 431590000, "netTangibleAssets": 339010000}, {"maxAge": 1, "endDate": "2017-03-31", "cash": 147270000, "netReceivables": 188000000, "otherCurrentAssets": 62490000, "totalCurrentAssets": 397760000, "propertyPlantEquipment": 103510000, "goodWill": 92580000, "otherAssets": 16460000, "deferredLongTermAssetCharges": 15050000, "totalAssets": 610310000, "accountsPayable": 35100000, "shortLongTermDebt": 770000, "otherCurrentLiab": 1500000, "longTermDebt": 1630000, "otherLiab": 131270000, "totalCurrentLiabilities": 63150000, "totalLiab": 196050000, "commonStock": 187820000, "retainedEarnings": -98480000, "treasuryStock": 265140000, "capitalSurplus": 59780000, "otherStockholderEquity": 265140000, "totalStockholderEquity": 414260000, "netTangibleAssets": 321680000}], "maxAge": 86400}, "financialData": {"maxAge": 86400, "currentPrice": 9.7, "recommendationKey": "none", "grossProfits": 43340000, "financialCurrency": "INR"}}}