{"GOLDTECH.NS": {"assetProfile": {"address1": "GNR\u00e2\u0080\u0099s Insignia Building", "address2": "2nd Floor Image Garden Road Madhapur", "city": "Hyderabad", "zip": "500081", "country": "India", "phone": "91 40 6628 4999", "fax": "91 40 6628 4900", "website": "http://www.goldstonetech.com", "industry": "Information Technology Services", "sector": "Technology", "longBusinessSummary": "Goldstone Technologies Limited operates as a business intelligence and IT services company in India and internationally. The company operates in two segments, Information Technology/Software Services and Software License Resale. It offers business intelligence and analytics solutions, such as Tableau, an analytics software platform; managed IT services; and IT staff augmentation services. The company was founded in 1994 and is based in Hyderabad, India.", "fullTimeEmployees": 133, "companyOfficers": [{"maxAge": 1, "name": "Mr. Pavan  Chavali", "age": 40, "title": "Whole-Time Director", "yearBorn": 1980, "fiscalYear": 2020, "totalPay": 4928860, "exercisedValue": 0, "unexercisedValue": 0}, {"maxAge": 1, "name": "Mr. Vithal V. S. S. N. K. Popuri", "title": "Chief Financial Officer", "fiscalYear": 2018, "exercisedValue": 0, "unexercisedValue": 0}, {"maxAge": 1, "name": "Mr. Thirumalesh  Tumma", "title": "Company Sec. & Compliance Officer", "fiscalYear": 2018, "exercisedValue": 0, "unexercisedValue": 0}], "compensationAsOfEpochDate": "2020-12-31 05:30:00", "maxAge": 86400}, "cashflowStatementHistory": {"cashflowStatements": [{"maxAge": 1, "endDate": "2020-03-31", "netIncome": -1280000, "depreciation": 3320000, "changeToNetincome": -1220000, "changeToAccountReceivables": -29440000, "changeToLiabilities": 18760000, "changeToOperatingActivities": -19870000, "totalCashFromOperatingActivities": -29730000, "capitalExpenditures": -720000, "otherCashflowsFromInvestingActivities": 1210000, "totalCashflowsFromInvestingActivities": 490000, "netBorrowings": 18020000, "otherCashflowsFromFinancingActivities": -3310000, "totalCashFromFinancingActivities": 14710000, "changeInCash": -14530000}, {"maxAge": 1, "endDate": "2019-03-31", "netIncome": -8770000, "depreciation": 3700000, "changeToNetincome": 7670000, "changeToAccountReceivables": -9120000, "changeToLiabilities": 10830000, "changeToOperatingActivities": -8010000, "totalCashFromOperatingActivities": -3700000, "capitalExpenditures": -8580000, "otherCashflowsFromInvestingActivities": 2330000, "totalCashflowsFromInvestingActivities": -4320000, "netBorrowings": 1350000, "otherCashflowsFromFinancingActivities": -3100000, "totalCashFromFinancingActivities": -1750000, "changeInCash": -9770000}, {"maxAge": 1, "endDate": "2018-03-31", "netIncome": 15210000, "depreciation": 3790000, "changeToNetincome": -19430000, "changeToAccountReceivables": -16830000, "changeToLiabilities": 5890000, "changeToOperatingActivities": -79950000, "totalCashFromOperatingActivities": -91320000, "capitalExpenditures": -900000, "otherCashflowsFromInvestingActivities": 450000, "totalCashflowsFromInvestingActivities": -270000, "netBorrowings": 6710000, "otherCashflowsFromFinancingActivities": -3200000, "totalCashFromFinancingActivities": 3510000, "changeInCash": -88090000}, {"maxAge": 1, "endDate": "2017-03-31", "netIncome": -1100000, "depreciation": 4040000, "changeToNetincome": -32680000, "changeToAccountReceivables": -3170000, "changeToLiabilities": -6730000, "changeToOperatingActivities": 3480000, "totalCashFromOperatingActivities": -36160000, "capitalExpenditures": -3960000, "otherCashflowsFromInvestingActivities": 5510000, "totalCashflowsFromInvestingActivities": 1570000, "netBorrowings": 13090000, "otherCashflowsFromFinancingActivities": -840000, "totalCashFromFinancingActivities": 12250000, "changeInCash": -22330000}], "maxAge": 86400}, "institutionOwnership": {"ownershipList": [], "maxAge": 1}, "majorHoldersBreakdown": {"maxAge": 1, "insidersPercentHeld": 0.35801998, "institutionsPercentHeld": 0.0, "institutionsFloatPercentHeld": 0.0, "institutionsCount": 0}, "balanceSheetHistoryQuarterly": {"balanceSheetStatements": [{"maxAge": 1, "endDate": "2020-12-31", "totalStockholderEquity": 445520000, "netTangibleAssets": 352936000}, {"maxAge": 1, "endDate": "2020-09-30", "cash": 61931000, "netReceivables": 213923000, "otherCurrentAssets": 108972000, "totalCurrentAssets": 384826000, "propertyPlantEquipment": 100818000, "goodWill": 92584000, "otherAssets": 13074000, "deferredLongTermAssetCharges": 8872000, "totalAssets": 591302000, "accountsPayable": 48481000, "otherCurrentLiab": 9859000, "longTermDebt": 797000, "otherLiab": 53026000, "totalCurrentLiabilities": 91959000, "totalLiab": 145782000, "commonStock": 187821000, "treasuryStock": 257699000, "otherStockholderEquity": 257699000, "totalStockholderEquity": 445520000, "netTangibleAssets": 352936000}, {"maxAge": 1, "endDate": "2020-06-30", "totalStockholderEquity": 446660000, "netTangibleAssets": 354080000}, {"maxAge": 1, "endDate": "2020-03-31", "cash": 34880000, "netReceivables": 262640000, "otherCurrentAssets": 124720000, "totalCurrentAssets": 422240000, "propertyPlantEquipment": 100820000, "goodWill": 92580000, "otherAssets": 11180000, "deferredLongTermAssetCharges": 9770000, "totalAssets": 626820000, "accountsPayable": 70580000, "shortLongTermDebt": 1560000, "otherCurrentLiab": 3090000, "longTermDebt": 1260000, "otherLiab": 51870000, "totalCurrentLiabilities": 127030000, "totalLiab": 180160000, "commonStock": 187820000, "retainedEarnings": -89720000, "treasuryStock": 130180000, "capitalSurplus": 218380000, "otherStockholderEquity": 130180000, "totalStockholderEquity": 446660000, "netTangibleAssets": 354080000}], "maxAge": 86400}, "indexTrend": {"maxAge": 1, "symbol": "SP5", "peRatio": 19.7411, "pegRatio": 1.34172, "estimates": [{"period": "0q", "growth": 0.549}, {"period": "+1q", "growth": 0.431}, {"period": "0y", "growth": 0.305}, {"period": "+1y", "growth": 0.109}, {"period": "+5y", "growth": 0.120865}, {"period": "-5y"}]}, "defaultKeyStatistics": {"maxAge": 1, "priceHint": 2, "enterpriseValue": 166677296, "profitMargins": 0.01282, "floatShares": 11818857, "sharesOutstanding": 18782100, "heldPercentInsiders": 0.35801998, "heldPercentInstitutions": 0.0, "beta": 0.317039, "category": null, "bookValue": 27.001, "priceToBook": 0.35554242, "fundFamily": null, "legalType": null, "lastFiscalYearEnd": "2020-03-31 05:30:00", "nextFiscalYearEnd": "2022-03-31 05:30:00", "mostRecentQuarter": "2020-12-31 05:30:00", "netIncomeToCommon": 6350000, "trailingEps": 0.337, "lastSplitFactor": null, "enterpriseToRevenue": 0.336, "enterpriseToEbitda": 7.609}, "summaryProfile": {"address1": "GNR\u00e2\u0080\u0099s Insignia Building", "address2": "2nd Floor Image Garden Road Madhapur", "city": "Hyderabad", "zip": "500081", "country": "India", "phone": "91 40 6628 4999", "fax": "91 40 6628 4900", "website": "http://www.goldstonetech.com", "industry": "Information Technology Services", "sector": "Technology", "longBusinessSummary": "Goldstone Technologies Limited operates as a business intelligence and IT services company in India and internationally. The company operates in two segments, Information Technology/Software Services and Software License Resale. It offers business intelligence and analytics solutions, such as Tableau, an analytics software platform; managed IT services; and IT staff augmentation services. The company was founded in 1994 and is based in Hyderabad, India.", "fullTimeEmployees": 133, "companyOfficers": [], "maxAge": 86400}, "netSharePurchaseActivity": {"maxAge": 1, "period": "6m", "buyInfoCount": 0, "buyInfoShares": 0, "sellInfoCount": 0, "netInfoCount": 0, "netInfoShares": 0, "netPercentInsiderShares": 0.0, "totalInsiderShares": 7022699}, "quoteType": {"exchange": "NSI", "quoteType": "EQUITY", "symbol": "GOLDTECH.NS", "underlyingSymbol": "GOLDTECH.NS", "shortName": "GOLDSTONE TECHNO", "longName": "Goldstone Technologies Limited", "firstTradeDateEpochUtc": "2002-07-01 09:15:00", "timeZoneFullName": "Asia/Kolkata", "timeZoneShortName": "IST", "uuid": "fa3cc31c-dec8-31e4-903f-298282e45843", "gmtOffSetMilliseconds": 19800000, "maxAge": 1}, "incomeStatementHistory": {"incomeStatementHistory": [{"maxAge": 1, "endDate": "2020-03-31", "totalRevenue": 427900000, "costOfRevenue": 384560000, "grossProfit": 43340000, "researchDevelopment": {}, "sellingGeneralAdministrative": 6650000, "nonRecurring": {}, "otherOperatingExpenses": 24860000, "totalOperatingExpenses": 419540000, "operatingIncome": 8360000, "totalOtherIncomeExpenseNet": -7650000, "ebit": 8360000, "interestExpense": -2790000, "incomeBeforeTax": 710000, "incomeTaxExpense": 1990000, "minorityInterest": {}, "netIncomeFromContinuingOps": -1280000, "discontinuedOperations": {}, "extraordinaryItems": {}, "effectOfAccountingCharges": {}, "otherItems": {}, "netIncome": -1280000, "netIncomeApplicableToCommonShares": -1280000}, {"maxAge": 1, "endDate": "2019-03-31", "totalRevenue": 416830000, "costOfRevenue": 367800000, "grossProfit": 49030000, "researchDevelopment": {}, "sellingGeneralAdministrative": 4680000, "nonRecurring": {}, "otherOperatingExpenses": 28940000, "totalOperatingExpenses": 409740000, "operatingIncome": 7090000, "totalOtherIncomeExpenseNet": -5660000, "ebit": 7090000, "interestExpense": -2750000, "incomeBeforeTax": 1430000, "incomeTaxExpense": 10200000, "minorityInterest": 1000, "netIncomeFromContinuingOps": -8770000, "discontinuedOperations": {}, "extraordinaryItems": {}, "effectOfAccountingCharges": {}, "otherItems": {}, "netIncome": -8770000, "netIncomeApplicableToCommonShares": -8770000}, {"maxAge": 1, "endDate": "2018-03-31", "totalRevenue": 358430000, "costOfRevenue": 323090000, "grossProfit": 35340000, "researchDevelopment": {}, "sellingGeneralAdministrative": 5150000, "nonRecurring": {}, "otherOperatingExpenses": 26750000, "totalOperatingExpenses": 358780000, "operatingIncome": -350000, "totalOtherIncomeExpenseNet": 2090000, "ebit": -350000, "interestExpense": -2660000, "incomeBeforeTax": 1740000, "incomeTaxExpense": -13470000, "minorityInterest": 1000, "netIncomeFromContinuingOps": 15210000, "discontinuedOperations": {}, "extraordinaryItems": {}, "effectOfAccountingCharges": {}, "otherItems": {}, "netIncome": 15210000, "netIncomeApplicableToCommonShares": 15210000}, {"maxAge": 1, "endDate": "2017-03-31", "totalRevenue": 373640000, "costOfRevenue": 351160000, "grossProfit": 22480000, "researchDevelopment": {}, "sellingGeneralAdministrative": 4000000, "nonRecurring": {}, "otherOperatingExpenses": 28150000, "totalOperatingExpenses": 387540000, "operatingIncome": -13900000, "totalOtherIncomeExpenseNet": 90000, "ebit": -13900000, "interestExpense": -600000, "incomeBeforeTax": -13810000, "incomeTaxExpense": -12710000, "minorityInterest": 1000, "netIncomeFromContinuingOps": -1100000, "discontinuedOperations": {}, "extraordinaryItems": {}, "effectOfAccountingCharges": {}, "otherItems": {}, "netIncome": -1100000, "netIncomeApplicableToCommonShares": -1100000}], "maxAge": 86400}, "fundOwnership": {"ownershipList": [], "maxAge": 1}, "summaryDetail": {"maxAge": 1, "priceHint": 2, "previousClose": 9.9, "open": 9.8, "dayLow": 9.6, "dayHigh": 9.9, "regularMarketPreviousClose": 9.9, "regularMarketOpen": 9.8, "regularMarketDayLow": 9.6, "regularMarketDayHigh": 9.9, "exDividendDate": "2008-09-18 05:30:00", "payoutRatio": 0.0, "beta": 0.317039, "trailingPE": 28.486647, "volume": 6184, "regularMarketVolume": 6184, "averageVolume": 70423, "averageVolume10days": 40949, "averageDailyVolume10Day": 40949, "bid": 0.0, "ask": 0.0, "bidSize": 0, "askSize": 0, "marketCap": 179397120, "fiftyTwoWeekLow": 6.6, "fiftyTwoWeekHigh": 17.3, "priceToSalesTrailing12Months": 0.3620746, "fiftyDayAverage": 13.188235, "twoHundredDayAverage": 10.212766, "currency": "INR", "fromCurrency": null, "lastMarket": null, "algorithm": null, "tradeable": false}, "incomeStatementHistoryQuarterly": {"incomeStatementHistory": [{"maxAge": 1, "endDate": "2020-12-31", "totalRevenue": 132480000, "costOfRevenue": 115400000, "grossProfit": 17080000, "researchDevelopment": {}, "sellingGeneralAdministrative": {}, "nonRecurring": {}, "otherOperatingExpenses": 10440000, "totalOperatingExpenses": 126690000, "operatingIncome": 5790000, "totalOtherIncomeExpenseNet": -350000, "ebit": 5790000, "interestExpense": -350000, "incomeBeforeTax": 5440000, "incomeTaxExpense": 2890000, "minorityInterest": {}, "netIncomeFromContinuingOps": 2550000, "discontinuedOperations": {}, "extraordinaryItems": {}, "effectOfAccountingCharges": {}, "otherItems": {}, "netIncome": 2550000, "netIncomeApplicableToCommonShares": 2550000}, {"maxAge": 1, "endDate": "2020-09-30", "totalRevenue": 130220000, "costOfRevenue": 118610000, "grossProfit": 11610000, "researchDevelopment": {}, "sellingGeneralAdministrative": {}, "nonRecurring": {}, "otherOperatingExpenses": 9400000, "totalOperatingExpenses": 128830000, "operatingIncome": 1390000, "totalOtherIncomeExpenseNet": -310000, "ebit": 1390000, "interestExpense": -310000, "incomeBeforeTax": 1080000, "incomeTaxExpense": 420000, "minorityInterest": {}, "netIncomeFromContinuingOps": 660000, "discontinuedOperations": {}, "extraordinaryItems": {}, "effectOfAccountingCharges": {}, "otherItems": {}, "netIncome": 660000, "netIncomeApplicableToCommonShares": 660000}, {"maxAge": 1, "endDate": "2020-06-30", "totalRevenue": 92650000, "costOfRevenue": 81420000, "grossProfit": 11230000, "researchDevelopment": {}, "sellingGeneralAdministrative": {}, "nonRecurring": {}, "otherOperatingExpenses": 7560000, "totalOperatingExpenses": 89740000, "operatingIncome": 2910000, "totalOtherIncomeExpenseNet": -1150000, "ebit": 2910000, "interestExpense": -1150000, "incomeBeforeTax": 1760000, "incomeTaxExpense": 400000, "minorityInterest": {}, "netIncomeFromContinuingOps": 1360000, "discontinuedOperations": {}, "extraordinaryItems": {}, "effectOfAccountingCharges": {}, "otherItems": {}, "netIncome": 1360000, "netIncomeApplicableToCommonShares": 1360000}, {"maxAge": 1, "endDate": "2020-03-31", "totalRevenue": 140120000, "costOfRevenue": 124980000, "grossProfit": 15140000, "researchDevelopment": {}, "sellingGeneralAdministrative": 6650000, "nonRecurring": {}, "otherOperatingExpenses": -1120000, "totalOperatingExpenses": 131340000, "operatingIncome": 8780000, "totalOtherIncomeExpenseNet": -5130000, "ebit": 8780000, "interestExpense": -270000, "incomeBeforeTax": 3650000, "incomeTaxExpense": 1870000, "minorityInterest": {}, "netIncomeFromContinuingOps": 1780000, "discontinuedOperations": {}, "extraordinaryItems": {}, "effectOfAccountingCharges": {}, "otherItems": {}, "netIncome": 1780000, "netIncomeApplicableToCommonShares": 1780000}], "maxAge": 86400}, "cashflowStatementHistoryQuarterly": {"cashflowStatements": [{"maxAge": 1, "endDate": "2020-12-31", "netIncome": 2550000, "changeToLiabilities": 0}, {"maxAge": 1, "endDate": "2020-09-30", "netIncome": 660000, "changeToLiabilities": 0}, {"maxAge": 1, "endDate": "2020-06-30", "netIncome": 1360000, "changeToLiabilities": 0}, {"maxAge": 1, "endDate": "2020-03-31", "netIncome": 1780000, "changeToLiabilities": 0}], "maxAge": 86400}, "insiderHolders": {"holders": [], "maxAge": 1}, "calendarEvents": {"maxAge": 1, "earnings": {"earningsDate": []}, "exDividendDate": "2008-09-18 05:30:00"}, "upgradeDowngradeHistory": {"history": [], "maxAge": 86400}, "price": {"maxAge": 1, "regularMarketChangePercent": -0.030302953, "regularMarketChange": -0.29999924, "regularMarketTime": "2021-04-30 15:13:09", "priceHint": 2, "regularMarketPrice": 9.6, "regularMarketDayHigh": 9.9, "regularMarketDayLow": 9.6, "regularMarketVolume": 6184, "averageDailyVolume10Day": 40949, "averageDailyVolume3Month": 70423, "regularMarketPreviousClose": 9.9, "regularMarketSource": "FREE_REALTIME", "regularMarketOpen": 9.8, "exchange": "NSI", "exchangeName": "NSE", "exchangeDataDelayedBy": 15, "marketState": "CLOSED", "quoteType": "EQUITY", "symbol": "GOLDTECH.NS", "underlyingSymbol": null, "shortName": "GOLDSTONE TECHNO", "longName": "Goldstone Technologies Limited", "currency": "INR", "quoteSourceName": "Delayed Quote", "currencySymbol": "\u20b9", "fromCurrency": null, "lastMarket": null, "marketCap": 179397120}, "balanceSheetHistory": {"balanceSheetStatements": [{"maxAge": 1, "endDate": "2020-03-31", "cash": 34880000, "netReceivables": 262640000, "otherCurrentAssets": 124720000, "totalCurrentAssets": 422240000, "propertyPlantEquipment": 100820000, "goodWill": 92580000, "otherAssets": 11180000, "deferredLongTermAssetCharges": 9770000, "totalAssets": 626820000, "accountsPayable": 70580000, "shortLongTermDebt": 1560000, "otherCurrentLiab": 3090000, "longTermDebt": 1260000, "otherLiab": 51870000, "totalCurrentLiabilities": 127030000, "totalLiab": 180160000, "commonStock": 187820000, "retainedEarnings": -89720000, "treasuryStock": 130180000, "capitalSurplus": 218380000, "otherStockholderEquity": 130180000, "totalStockholderEquity": 446660000, "netTangibleAssets": 354080000}, {"maxAge": 1, "endDate": "2019-03-31", "cash": 49410000, "netReceivables": 220110000, "otherCurrentAssets": 93700000, "totalCurrentAssets": 363220000, "propertyPlantEquipment": 103400000, "goodWill": 92580000, "otherAssets": 12980000, "deferredLongTermAssetCharges": 11570000, "totalAssets": 572180000, "accountsPayable": 51820000, "otherCurrentLiab": 2250000, "longTermDebt": 2820000, "otherLiab": 51180000, "minorityInterest": 1000, "totalCurrentLiabilities": 83070000, "totalLiab": 137070000, "commonStock": 187820000, "retainedEarnings": -88910000, "treasuryStock": 117820000, "capitalSurplus": 218380000, "otherStockholderEquity": 117820000, "totalStockholderEquity": 435110000, "netTangibleAssets": 342530000}, {"maxAge": 1, "endDate": "2018-03-31", "cash": 59180000, "netReceivables": 203530000, "otherCurrentAssets": 77280000, "totalCurrentAssets": 339990000, "propertyPlantEquipment": 100440000, "goodWill": 92580000, "otherAssets": 27200000, "deferredLongTermAssetCharges": 25790000, "totalAssets": 560210000, "accountsPayable": 40990000, "shortLongTermDebt": 850000, "longTermDebt": 780000, "otherLiab": 56960000, "totalCurrentLiabilities": 70880000, "totalLiab": 128620000, "commonStock": 187820000, "retainedEarnings": -81720000, "treasuryStock": 107110000, "capitalSurplus": 218380000, "otherStockholderEquity": 107110000, "totalStockholderEquity": 431590000, "netTangibleAssets": 339010000}, {"maxAge": 1, "endDate": "2017-03-31", "cash": 147270000, "netReceivables": 188000000, "otherCurrentAssets": 62490000, "totalCurrentAssets": 397760000, "propertyPlantEquipment": 103510000, "goodWill": 92580000, "otherAssets": 16460000, "deferredLongTermAssetCharges": 15050000, "totalAssets": 610310000, "accountsPayable": 35100000, "shortLongTermDebt": 770000, "otherCurrentLiab": 1500000, "longTermDebt": 1630000, "otherLiab": 131270000, "totalCurrentLiabilities": 63150000, "totalLiab": 196050000, "commonStock": 187820000, "retainedEarnings": -98480000, "treasuryStock": 265140000, "capitalSurplus": 59780000, "otherStockholderEquity": 265140000, "totalStockholderEquity": 414260000, "netTangibleAssets": 321680000}], "maxAge": 86400}, "financialData": {"maxAge": 86400, "currentPrice": 9.6, "recommendationKey": "none", "totalCash": 61931000, "totalCashPerShare": 3.157, "ebitda": 21905000, "totalDebt": 34416000, "totalRevenue": 495470016, "debtToEquity": 7.725, "revenuePerShare": 26.468, "grossProfits": 43340000, "revenueGrowth": 0.232, "grossMargins": 0.11113, "ebitdaMargins": 0.04421, "operatingMargins": 0.03809, "profitMargins": 0.01282, "financialCurrency": "INR"}}}