{"GOLDENTOBC.BO": {"recommendationTrend": {"trend": [{"period": "0m", "strongBuy": 0, "buy": 0, "hold": 0, "sell": 0, "strongSell": 0}, {"period": "-1m", "strongBuy": 0, "buy": 0, "hold": 0, "sell": 0, "strongSell": 0}, {"period": "-2m", "strongBuy": 0, "buy": 0, "hold": 0, "sell": 0, "strongSell": 0}, {"period": "-3m", "strongBuy": 0, "buy": 0, "hold": 0, "sell": 0, "strongSell": 0}], "maxAge": 86400}, "cashflowStatementHistory": {"cashflowStatements": [{"maxAge": 1, "endDate": "2020-03-31", "netIncome": -15866000, "depreciation": 10118000, "changeToNetincome": -198806000, "changeToAccountReceivables": 35930000, "changeToLiabilities": -240352000, "changeToInventory": 86235000, "changeToOperatingActivities": 530247000, "totalCashFromOperatingActivities": 207506000, "investments": 45179000, "otherCashflowsFromInvestingActivities": 4659000, "totalCashflowsFromInvestingActivities": 58588000, "netBorrowings": -107571000, "otherCashflowsFromFinancingActivities": -152881000, "totalCashFromFinancingActivities": -260452000, "changeInCash": 5641000}, {"maxAge": 1, "endDate": "2019-03-31", "netIncome": 272638000, "depreciation": 6235000, "changeToNetincome": -989367000, "changeToAccountReceivables": 18443000, "changeToLiabilities": -13488000, "changeToInventory": 34880000, "changeToOperatingActivities": 916103000, "totalCashFromOperatingActivities": 245444000, "capitalExpenditures": -1264000, "investments": 45179000, "otherCashflowsFromInvestingActivities": 3975000, "totalCashflowsFromInvestingActivities": 10711000, "netBorrowings": -253650000, "otherCashflowsFromFinancingActivities": -15887000, "totalCashFromFinancingActivities": -269537000, "changeInCash": -13382000}, {"maxAge": 1, "endDate": "2018-03-31", "netIncome": -80861000, "depreciation": 7461000, "changeToNetincome": 346987000, "changeToAccountReceivables": -17200000, "changeToLiabilities": 20774000, "changeToInventory": 340051000, "changeToOperatingActivities": 14852000, "totalCashFromOperatingActivities": 632064000, "capitalExpenditures": -5889000, "investments": 45179000, "otherCashflowsFromInvestingActivities": 64722000, "totalCashflowsFromInvestingActivities": 75950000, "netBorrowings": -671393000, "otherCashflowsFromFinancingActivities": -29710000, "totalCashFromFinancingActivities": -701103000, "changeInCash": 6910000}, {"maxAge": 1, "endDate": "2017-03-31", "netIncome": -293954000, "depreciation": 8658000, "changeToNetincome": 149949000, "changeToAccountReceivables": 1790000, "changeToLiabilities": 122065000, "changeToInventory": 19818000, "changeToOperatingActivities": 14852000, "totalCashFromOperatingActivities": 8326000, "capitalExpenditures": -113000, "investments": 45179000, "otherCashflowsFromInvestingActivities": 4481000, "totalCashflowsFromInvestingActivities": 4368000, "netBorrowings": -9000, "otherCashflowsFromFinancingActivities": -7895000, "totalCashFromFinancingActivities": -7904000, "changeInCash": 4792000}], "maxAge": 86400}, "institutionOwnership": {"ownershipList": [], "maxAge": 1}, "balanceSheetHistoryQuarterly": {"balanceSheetStatements": [{"maxAge": 1, "endDate": "2020-06-30", "totalStockholderEquity": -2140261000, "netTangibleAssets": -2142894000}, {"maxAge": 1, "endDate": "2020-03-31", "cash": 30644000, "netReceivables": 32035000, "inventory": 239812000, "otherCurrentAssets": 11667000, "totalCurrentAssets": 314158000, "longTermInvestments": 22553000, "propertyPlantEquipment": 81208000, "intangibleAssets": 2633000, "otherAssets": 1322962000, "totalAssets": 1743514000, "accountsPayable": 55776000, "otherCurrentLiab": 3783255000, "minorityInterest": 1000, "totalCurrentLiabilities": 3883774000, "totalLiab": 3883774000, "commonStock": 175880000, "treasuryStock": -2316141000, "otherStockholderEquity": -2316141000, "totalStockholderEquity": -2140261000, "netTangibleAssets": -2142894000}, {"maxAge": 1, "endDate": "2019-12-31", "totalStockholderEquity": -2224418000, "netTangibleAssets": -2227578000}, {"maxAge": 1, "endDate": "2019-09-30", "cash": 52614000, "netReceivables": 34532000, "inventory": 208400000, "otherCurrentAssets": 10701000, "totalCurrentAssets": 306247000, "longTermInvestments": 97853000, "propertyPlantEquipment": 146602000, "intangibleAssets": 3160000, "otherAssets": 1303658000, "totalAssets": 1857520000, "accountsPayable": 296763000, "otherCurrentLiab": 3652507000, "minorityInterest": 1000, "totalCurrentLiabilities": 4081937000, "totalLiab": 4081937000, "commonStock": 175880000, "treasuryStock": -2400298000, "otherStockholderEquity": -2400298000, "totalStockholderEquity": -2224418000, "netTangibleAssets": -2227578000}], "maxAge": 86400}, "earningsHistory": {"history": [{"maxAge": 1, "epsActual": {}, "epsEstimate": {}, "epsDifference": {}, "surprisePercent": {}, "quarter": {}, "period": "-4q"}, {"maxAge": 1, "epsActual": {}, "epsEstimate": {}, "epsDifference": {}, "surprisePercent": {}, "quarter": {}, "period": "-3q"}, {"maxAge": 1, "epsActual": {}, "epsEstimate": {}, "epsDifference": {}, "surprisePercent": {}, "quarter": {}, "period": "-2q"}, {"maxAge": 1, "epsActual": {}, "epsEstimate": {}, "epsDifference": {}, "surprisePercent": {}, "quarter": {}, "period": "-1q"}], "maxAge": 86400}, "indexTrend": {"maxAge": 1, "symbol": "SP5", "peRatio": 19.7411, "pegRatio": 1.34172, "estimates": [{"period": "0q", "growth": 0.549}, {"period": "+1q", "growth": 0.431}, {"period": "0y", "growth": 0.305}, {"period": "+1y", "growth": 0.109}, {"period": "+5y", "growth": 0.120865}, {"period": "-5y"}]}, "industryTrend": {"maxAge": 1, "symbol": null, "estimates": []}, "insiderTransactions": {"transactions": [{"maxAge": 1, "shares": 47134, "filerUrl": "", "transactionText": "", "filerName": "Moderate Investment & Commercial Enterprises Ltd", "filerRelation": "Institution- Corporation", "moneyText": "", "startDate": "2019-06-13", "ownership": "D"}, {"maxAge": 1, "shares": 60000, "filerUrl": "", "transactionText": "", "filerName": "International Resources Ltd", "filerRelation": "Institution- Corporation", "moneyText": "", "startDate": "2019-06-13", "ownership": "D"}, {"maxAge": 1, "shares": 50000, "filerUrl": "", "transactionText": "", "filerName": "Harvatex Engg & Proc Company Ltd", "filerRelation": "Institution- Corporation", "moneyText": "", "startDate": "2019-06-13", "ownership": "D"}, {"maxAge": 1, "shares": 42000, "filerUrl": "", "transactionText": "", "filerName": "EXCELLENCE COMMERCIAL ENTRERPRISES AND INVESTMENT LTD", "filerRelation": "Institution- Corporation", "moneyText": "", "startDate": "2019-06-13", "ownership": "D"}, {"maxAge": 1, "shares": 417000, "filerUrl": "", "transactionText": "", "filerName": "Gems Commercial Co. Ltd.", "filerRelation": "Institution- Corporation", "moneyText": "", "startDate": "2019-06-13", "ownership": "D"}, {"maxAge": 1, "shares": 28760, "filerUrl": "", "transactionText": "", "filerName": "Akshay Commercial Pvt. Ltd.", "filerRelation": "Promoter", "moneyText": "", "startDate": "2018-02-27", "ownership": "D"}, {"maxAge": 1, "shares": 28760, "filerUrl": "", "transactionText": "", "filerName": "Mansarover Commercial Pvt Ltd", "filerRelation": "Promoter", "moneyText": "", "startDate": "2018-02-27", "ownership": "D"}, {"maxAge": 1, "shares": 800000, "filerUrl": "", "transactionText": "", "filerName": "Dalmia Housing Finance Ltd.", "filerRelation": "Promoter", "moneyText": "", "startDate": "2017-01-19", "ownership": "D"}, {"maxAge": 1, "shares": 800000, "filerUrl": "", "transactionText": "", "filerName": "WGF Financial Services Ltd", "filerRelation": "Promoter", "moneyText": "", "startDate": "2017-01-19", "ownership": "D"}], "maxAge": 1}, "quoteType": {"exchange": "BSE", "quoteType": "EQUITY", "symbol": "GOLDENTOBC.BO", "underlyingSymbol": "GOLDENTOBC.BO", "shortName": "GOLDEN TOBACCO LTD.", "longName": "Golden Tobacco Limited", "firstTradeDateEpochUtc": "2000-10-03 09:15:00", "timeZoneFullName": "Asia/Kolkata", "timeZoneShortName": "IST", "uuid": "bcc48998-c1c3-3ce2-bb25-b8c4fe30ac69", "gmtOffSetMilliseconds": 19800000, "maxAge": 1}, "incomeStatementHistory": {"incomeStatementHistory": [{"maxAge": 1, "endDate": "2020-03-31", "totalRevenue": 234255000, "costOfRevenue": 170958000, "grossProfit": 63297000, "researchDevelopment": {}, "sellingGeneralAdministrative": 71513000, "nonRecurring": {}, "otherOperatingExpenses": 130900000, "totalOperatingExpenses": 383489000, "operatingIncome": -149234000, "totalOtherIncomeExpenseNet": 127128000, "ebit": -149234000, "interestExpense": -108214000, "incomeBeforeTax": -22106000, "incomeTaxExpense": -6240000, "minorityInterest": 1000, "netIncomeFromContinuingOps": -15866000, "discontinuedOperations": {}, "extraordinaryItems": {}, "effectOfAccountingCharges": {}, "otherItems": {}, "netIncome": -15866000, "netIncomeApplicableToCommonShares": -15866000}, {"maxAge": 1, "endDate": "2019-03-31", "totalRevenue": 760798000, "costOfRevenue": 169568000, "grossProfit": 591230000, "researchDevelopment": {}, "sellingGeneralAdministrative": 87329000, "nonRecurring": {}, "otherOperatingExpenses": 37410000, "totalOperatingExpenses": 412648000, "operatingIncome": 348150000, "totalOtherIncomeExpenseNet": -69117000, "ebit": 348150000, "interestExpense": -142515000, "incomeBeforeTax": 279033000, "incomeTaxExpense": 6395000, "minorityInterest": 1000, "netIncomeFromContinuingOps": 272638000, "discontinuedOperations": {}, "extraordinaryItems": {}, "effectOfAccountingCharges": {}, "otherItems": {}, "netIncome": 272638000, "netIncomeApplicableToCommonShares": 272638000}, {"maxAge": 1, "endDate": "2018-03-31", "totalRevenue": 819239000, "costOfRevenue": 470339000, "grossProfit": 348900000, "researchDevelopment": {}, "sellingGeneralAdministrative": 92551000, "nonRecurring": {}, "otherOperatingExpenses": 142729000, "totalOperatingExpenses": 713080000, "operatingIncome": 106159000, "totalOtherIncomeExpenseNet": -142195000, "ebit": 106159000, "interestExpense": -235749000, "incomeBeforeTax": -36036000, "incomeTaxExpense": 44825000, "minorityInterest": 1000, "netIncomeFromContinuingOps": -80861000, "discontinuedOperations": {}, "extraordinaryItems": {}, "effectOfAccountingCharges": {}, "otherItems": {}, "netIncome": -80861000, "netIncomeApplicableToCommonShares": -80861000}, {"maxAge": 1, "endDate": "2017-03-31", "totalRevenue": 369586000, "costOfRevenue": 272014000, "grossProfit": 97572000, "researchDevelopment": {}, "sellingGeneralAdministrative": 123076000, "nonRecurring": {}, "otherOperatingExpenses": 127503000, "totalOperatingExpenses": 531251000, "operatingIncome": -161665000, "totalOtherIncomeExpenseNet": -132289000, "ebit": -161665000, "interestExpense": -265760000, "incomeBeforeTax": -293954000, "incomeTaxExpense": 0, "minorityInterest": 1000, "netIncomeFromContinuingOps": -293954000, "discontinuedOperations": {}, "extraordinaryItems": {}, "effectOfAccountingCharges": {}, "otherItems": {}, "netIncome": -293954000, "netIncomeApplicableToCommonShares": -293954000}], "maxAge": 86400}, "fundOwnership": {"ownershipList": [], "maxAge": 1}, "summaryDetail": {"maxAge": 1, "priceHint": 2, "previousClose": 41.3, "open": 41.1, "dayLow": 40.9, "dayHigh": 41.35, "regularMarketPreviousClose": 41.3, "regularMarketOpen": 41.1, "regularMarketDayLow": 40.9, "regularMarketDayHigh": 41.35, "volume": 13, "regularMarketVolume": 13, "averageVolume": 5599, "averageVolume10days": 4095, "averageDailyVolume10Day": 4095, "bid": 41.3, "ask": 42.1, "bidSize": 0, "askSize": 0, "marketCap": 720199936, "fiftyTwoWeekLow": 18.0, "fiftyTwoWeekHigh": 60.0, "fiftyDayAverage": 50.433334, "twoHundredDayAverage": 29.777573, "currency": "INR", "fromCurrency": null, "lastMarket": null, "algorithm": null, "tradeable": false}, "sectorTrend": {"maxAge": 1, "symbol": null, "estimates": []}, "incomeStatementHistoryQuarterly": {"incomeStatementHistory": [{"maxAge": 1, "endDate": "2020-06-30", "totalRevenue": 1808000, "costOfRevenue": 9855000, "grossProfit": -8047000, "researchDevelopment": {}, "sellingGeneralAdministrative": 11818000, "nonRecurring": {}, "otherOperatingExpenses": 10935000, "totalOperatingExpenses": 33697000, "operatingIncome": -31889000, "totalOtherIncomeExpenseNet": -10243000, "ebit": -31889000, "interestExpense": -11013000, "incomeBeforeTax": -42132000, "incomeTaxExpense": 0, "minorityInterest": {}, "netIncomeFromContinuingOps": -42132000, "discontinuedOperations": {}, "extraordinaryItems": {}, "effectOfAccountingCharges": {}, "otherItems": {}, "netIncome": -42132000, "netIncomeApplicableToCommonShares": -42132000}, {"maxAge": 1, "endDate": "2020-03-31", "totalRevenue": 60338000, "costOfRevenue": 32197000, "grossProfit": 28141000, "researchDevelopment": {}, "sellingGeneralAdministrative": 13030000, "nonRecurring": {}, "otherOperatingExpenses": 30036000, "totalOperatingExpenses": 77736000, "operatingIncome": -17398000, "totalOtherIncomeExpenseNet": -8598000, "ebit": -17398000, "interestExpense": -12340000, "incomeBeforeTax": -25996000, "incomeTaxExpense": 155000, "minorityInterest": 1000, "netIncomeFromContinuingOps": -26151000, "discontinuedOperations": {}, "extraordinaryItems": {}, "effectOfAccountingCharges": {}, "otherItems": {}, "netIncome": -26151000, "netIncomeApplicableToCommonShares": -26151000}, {"maxAge": 1, "endDate": "2019-12-31", "totalRevenue": 26554000, "costOfRevenue": 40471000, "grossProfit": -13917000, "researchDevelopment": {}, "sellingGeneralAdministrative": 16308000, "nonRecurring": {}, "otherOperatingExpenses": 30983000, "totalOperatingExpenses": 90476000, "operatingIncome": -63922000, "totalOtherIncomeExpenseNet": 203420000, "ebit": -63922000, "interestExpense": -23100000, "incomeBeforeTax": 139498000, "incomeTaxExpense": 0, "minorityInterest": 1000, "netIncomeFromContinuingOps": 139498000, "discontinuedOperations": {}, "extraordinaryItems": {}, "effectOfAccountingCharges": {}, "otherItems": {}, "netIncome": 139498000, "netIncomeApplicableToCommonShares": 139498000}, {"maxAge": 1, "endDate": "2019-09-30", "totalRevenue": 79240000, "costOfRevenue": 66656000, "grossProfit": 12584000, "researchDevelopment": {}, "sellingGeneralAdministrative": 19621000, "nonRecurring": {}, "otherOperatingExpenses": 33100000, "totalOperatingExpenses": 121564000, "operatingIncome": -42324000, "totalOtherIncomeExpenseNet": -38545000, "ebit": -42324000, "interestExpense": -40179000, "incomeBeforeTax": -80869000, "incomeTaxExpense": -6395000, "minorityInterest": 1000, "netIncomeFromContinuingOps": -74474000, "discontinuedOperations": {}, "extraordinaryItems": {}, "effectOfAccountingCharges": {}, "otherItems": {}, "netIncome": -74474000, "netIncomeApplicableToCommonShares": -74474000}], "maxAge": 86400}, "cashflowStatementHistoryQuarterly": {"cashflowStatements": [{"maxAge": 1, "endDate": "2020-06-30", "netIncome": -42132000, "changeToLiabilities": 0}, {"maxAge": 1, "endDate": "2020-03-31", "netIncome": -26151000, "changeToLiabilities": 0}, {"maxAge": 1, "endDate": "2019-12-31", "netIncome": 139498000, "changeToLiabilities": 0}, {"maxAge": 1, "endDate": "2019-09-30", "netIncome": -74474000, "changeToLiabilities": 0}], "maxAge": 86400}, "insiderHolders": {"holders": [{"maxAge": 1, "name": "Akshay Commercial Pvt. Ltd.", "relation": "Promoter", "url": "", "transactionDescription": "Purchase", "latestTransDate": "2018-02-27", "positionDirect": 28760, "positionDirectDate": "2018-02-27"}, {"maxAge": 1, "name": "Dalmia Housing Finance Ltd.", "relation": "Promoter", "url": "", "transactionDescription": "Other", "latestTransDate": "2017-01-19", "positionDirect": 760, "positionDirectDate": "2017-01-19"}, {"maxAge": 1, "name": "EXCELLENCE COMMERCIAL ENTRERPRISES AND INVESTMENT LTD", "relation": "Institution- Corporation", "url": "", "transactionDescription": "Acquisition", "latestTransDate": "2019-06-13", "positionDirect": 50640, "positionDirectDate": "2019-06-13"}, {"maxAge": 1, "name": "Gems Commercial Co. Ltd.", "relation": "Institution- Corporation", "url": "", "transactionDescription": "Acquisition", "latestTransDate": "2019-06-13", "positionDirect": 561500, "positionDirectDate": "2019-06-13"}, {"maxAge": 1, "name": "Harvatex Engg & Proc Company Ltd", "relation": "Institution- Corporation", "url": "", "transactionDescription": "Acquisition", "latestTransDate": "2019-06-13", "positionDirect": 101320, "positionDirectDate": "2019-06-13"}, {"maxAge": 1, "name": "International Resources Ltd", "relation": "Institution- Corporation", "url": "", "transactionDescription": "Acquisition", "latestTransDate": "2019-06-13", "positionDirect": 71455, "positionDirectDate": "2019-06-13"}, {"maxAge": 1, "name": "Mansarover Commercial Pvt Ltd", "relation": "Promoter", "url": "", "transactionDescription": "Purchase", "latestTransDate": "2018-02-27", "positionDirect": 28760, "positionDirectDate": "2018-02-27"}, {"maxAge": 1, "name": "Moderate Investment & Commercial Enterprises Ltd", "relation": "Institution- Corporation", "url": "", "transactionDescription": "Acquisition", "latestTransDate": "2019-06-13", "positionDirect": 117784, "positionDirectDate": "2019-06-13"}, {"maxAge": 1, "name": "WGF Financial Services Ltd", "relation": "Promoter", "url": "", "transactionDescription": "Other", "latestTransDate": "2017-01-19", "positionDirect": 959232, "positionDirectDate": "2017-01-19"}], "maxAge": 1}, "earnings": {"maxAge": 86400, "earningsChart": {"quarterly": [], "earningsDate": []}, "financialsChart": {"yearly": [{"date": 2017, "revenue": 369586000, "earnings": -293954000}, {"date": 2018, "revenue": 819239000, "earnings": -80861000}, {"date": 2019, "revenue": 760798000, "earnings": 272638000}, {"date": 2020, "revenue": 234255000, "earnings": -15866000}], "quarterly": [{"date": "3Q2019", "revenue": 79240000, "earnings": -74474000}, {"date": "4Q2019", "revenue": 26554000, "earnings": 139498000}, {"date": "1Q2020", "revenue": 60338000, "earnings": -26151000}, {"date": "2Q2020", "revenue": 1808000, "earnings": -42132000}]}, "financialCurrency": "INR"}, "calendarEvents": {"maxAge": 1, "earnings": {"earningsDate": []}}, "upgradeDowngradeHistory": {"history": [], "maxAge": 86400}, "price": {"maxAge": 1, "regularMarketChangePercent": -0.009685175, "regularMarketChange": -0.3999977, "regularMarketTime": "2021-04-30 14:45:57", "priceHint": 2, "regularMarketPrice": 40.9, "regularMarketDayHigh": 41.35, "regularMarketDayLow": 40.9, "regularMarketVolume": 13, "averageDailyVolume10Day": 4095, "averageDailyVolume3Month": 5599, "regularMarketPreviousClose": 41.3, "regularMarketSource": "FREE_REALTIME", "regularMarketOpen": 41.1, "exchange": "BSE", "exchangeName": "BSE", "exchangeDataDelayedBy": 0, "marketState": "CLOSED", "quoteType": "EQUITY", "symbol": "GOLDENTOBC.BO", "underlyingSymbol": null, "shortName": "GOLDEN TOBACCO LTD.", "longName": "Golden Tobacco Limited", "currency": "INR", "quoteSourceName": "Delayed Quote", "currencySymbol": "\u20b9", "fromCurrency": null, "lastMarket": null, "marketCap": 720199936}, "balanceSheetHistory": {"balanceSheetStatements": [{"maxAge": 1, "endDate": "2020-03-31", "cash": 30644000, "netReceivables": 32035000, "inventory": 239812000, "otherCurrentAssets": 11667000, "totalCurrentAssets": 314158000, "longTermInvestments": 22553000, "propertyPlantEquipment": 81208000, "intangibleAssets": 2633000, "otherAssets": 1322962000, "totalAssets": 1743514000, "accountsPayable": 55775000, "otherCurrentLiab": 3783256000, "minorityInterest": 1000, "totalCurrentLiabilities": 3883774000, "totalLiab": 3883774000, "commonStock": 175880000, "treasuryStock": -2316141000, "otherStockholderEquity": -2316141000, "totalStockholderEquity": -2140261000, "netTangibleAssets": -2142894000}, {"maxAge": 1, "endDate": "2019-03-31", "cash": 3523000, "netReceivables": 78898000, "inventory": 265757000, "otherCurrentAssets": 25698000, "totalCurrentAssets": 374372000, "longTermInvestments": 113818000, "propertyPlantEquipment": 151531000, "intangibleAssets": 3160000, "otherAssets": 1293686000, "totalAssets": 1936567000, "accountsPayable": 298685000, "otherCurrentLiab": 2399211000, "minorityInterest": 1000, "totalCurrentLiabilities": 4016128000, "totalLiab": 4016128000, "commonStock": 175880000, "retainedEarnings": -3033479000, "treasuryStock": 244416000, "capitalSurplus": 533621000, "otherStockholderEquity": 244416000, "totalStockholderEquity": -2079562000, "netTangibleAssets": -2082722000}, {"maxAge": 1, "endDate": "2018-03-31", "cash": 16903000, "netReceivables": 97276000, "inventory": 300637000, "otherCurrentAssets": 60209000, "totalCurrentAssets": 475629000, "longTermInvestments": 117174000, "propertyPlantEquipment": 157786000, "intangibleAssets": 2000000, "otherAssets": 1918598000, "totalAssets": 2671187000, "accountsPayable": 312173000, "otherCurrentLiab": 2352589000, "otherLiab": -1000, "minorityInterest": 1000, "totalCurrentLiabilities": 5020430000, "totalLiab": 5020429000, "commonStock": 175880000, "retainedEarnings": -3306117000, "treasuryStock": 247373000, "capitalSurplus": 533621000, "otherStockholderEquity": 247373000, "totalStockholderEquity": -2349243000, "netTangibleAssets": -2351243000}, {"maxAge": 1, "endDate": "2017-03-31", "cash": 9994000, "netReceivables": 285929000, "inventory": 640688000, "otherCurrentAssets": 21579000, "totalCurrentAssets": 958697000, "longTermInvestments": 121218000, "propertyPlantEquipment": 180712000, "otherAssets": 1845533000, "totalAssets": 3106160000, "accountsPayable": 312782000, "shortLongTermDebt": 68536000, "otherCurrentLiab": 2159087000, "longTermDebt": 31128000, "minorityInterest": 1000, "totalCurrentLiabilities": 5323856000, "totalLiab": 5354984000, "commonStock": 175880000, "retainedEarnings": -3225256000, "treasuryStock": 266930000, "capitalSurplus": 533621000, "otherStockholderEquity": 266930000, "totalStockholderEquity": -2248825000, "netTangibleAssets": -2248825000}], "maxAge": 86400}, "earningsTrend": {"trend": [{"maxAge": 1, "period": "0q", "endDate": null, "growth": {}, "earningsEstimate": {"avg": 0.0, "low": 0.0, "high": 0.0, "yearAgoEps": {}, "numberOfAnalysts": 0, "growth": {}}, "revenueEstimate": {"avg": 0, "low": 0, "high": 0, "numberOfAnalysts": 0, "yearAgoRevenue": {}, "growth": {}}, "epsTrend": {"current": 0.0, "7daysAgo": 0.0, "30daysAgo": 0.0, "60daysAgo": 0.0, "90daysAgo": 0.0}, "epsRevisions": {"upLast7days": 0, "upLast30days": 0, "downLast30days": 0, "downLast90days": {}}}, {"maxAge": 1, "period": "+1q", "endDate": null, "growth": {}, "earningsEstimate": {"avg": 0.0, "low": 0.0, "high": 0.0, "yearAgoEps": {}, "numberOfAnalysts": 0, "growth": {}}, "revenueEstimate": {"avg": 0, "low": 0, "high": 0, "numberOfAnalysts": 0, "yearAgoRevenue": {}, "growth": {}}, "epsTrend": {"current": 0.0, "7daysAgo": 0.0, "30daysAgo": 0.0, "60daysAgo": 0.0, "90daysAgo": 0.0}, "epsRevisions": {"upLast7days": 0, "upLast30days": 0, "downLast30days": 0, "downLast90days": {}}}, {"maxAge": 1, "period": "0y", "endDate": null, "growth": {}, "earningsEstimate": {"avg": 0.0, "low": 0.0, "high": 0.0, "yearAgoEps": {}, "numberOfAnalysts": 0, "growth": {}}, "revenueEstimate": {"avg": 0, "low": 0, "high": 0, "numberOfAnalysts": 0, "yearAgoRevenue": {}, "growth": {}}, "epsTrend": {"current": 0.0, "7daysAgo": 0.0, "30daysAgo": 0.0, "60daysAgo": 0.0, "90daysAgo": 0.0}, "epsRevisions": {"upLast7days": 0, "upLast30days": 0, "downLast30days": 0, "downLast90days": {}}}, {"maxAge": 1, "period": "+1y", "endDate": null, "growth": {}, "earningsEstimate": {"avg": 0.0, "low": 0.0, "high": 0.0, "yearAgoEps": {}, "numberOfAnalysts": 0, "growth": {}}, "revenueEstimate": {"avg": 0, "low": 0, "high": 0, "numberOfAnalysts": 0, "yearAgoRevenue": {}, "growth": {}}, "epsTrend": {"current": 0.0, "7daysAgo": 0.0, "30daysAgo": 0.0, "60daysAgo": 0.0, "90daysAgo": 0.0}, "epsRevisions": {"upLast7days": 0, "upLast30days": 0, "downLast30days": 0, "downLast90days": {}}}, {"maxAge": 1, "period": "+5y", "endDate": null, "growth": {}, "earningsEstimate": {"avg": {}, "low": {}, "high": {}, "yearAgoEps": {}, "numberOfAnalysts": {}, "growth": {}}, "revenueEstimate": {"avg": {}, "low": {}, "high": {}, "numberOfAnalysts": {}, "yearAgoRevenue": {}, "growth": {}}, "epsTrend": {"current": {}, "7daysAgo": {}, "30daysAgo": {}, "60daysAgo": {}, "90daysAgo": {}}, "epsRevisions": {"upLast7days": {}, "upLast30days": {}, "downLast30days": {}, "downLast90days": {}}}, {"maxAge": 1, "period": "-5y", "endDate": null, "growth": -0.27871, "earningsEstimate": {"avg": {}, "low": {}, "high": {}, "yearAgoEps": {}, "numberOfAnalysts": {}, "growth": {}}, "revenueEstimate": {"avg": {}, "low": {}, "high": {}, "numberOfAnalysts": {}, "yearAgoRevenue": {}, "growth": {}}, "epsTrend": {"current": {}, "7daysAgo": {}, "30daysAgo": {}, "60daysAgo": {}, "90daysAgo": {}}, "epsRevisions": {"upLast7days": {}, "upLast30days": {}, "downLast30days": {}, "downLast90days": {}}}], "maxAge": 1}, "financialData": {"maxAge": 86400, "currentPrice": 40.9, "recommendationKey": "none", "grossProfits": 63297000, "financialCurrency": "INR"}}}