{"GOLDLINE.BO": {"cashflowStatementHistory": {"cashflowStatements": [{"maxAge": 1, "endDate": "2020-03-31", "netIncome": 226000, "depreciation": 646000, "changeToNetincome": -189000, "changeToAccountReceivables": 3845000, "changeToLiabilities": -855000, "changeToOperatingActivities": 6337000, "totalCashFromOperatingActivities": 10010000, "capitalExpenditures": -44000, "totalCashflowsFromInvestingActivities": -8515000, "changeInCash": 1496000}, {"maxAge": 1, "endDate": "2019-03-31", "netIncome": 333672, "depreciation": 644298, "changeToNetincome": -497230, "changeToAccountReceivables": 5291600, "changeToLiabilities": 360000, "changeToOperatingActivities": -8929179, "totalCashFromOperatingActivities": -2796840, "capitalExpenditures": -44000, "totalCashflowsFromInvestingActivities": 4177749, "changeInCash": 1380909}, {"maxAge": 1, "endDate": "2018-03-31", "netIncome": 431615, "depreciation": 950150, "changeToNetincome": 193007, "changeToAccountReceivables": 2638250, "changeToLiabilities": 6839346, "changeToOperatingActivities": 1582758, "totalCashFromOperatingActivities": 12635125, "capitalExpenditures": -44000, "totalCashflowsFromInvestingActivities": -13530220, "netBorrowings": -1080862, "totalCashFromFinancingActivities": -1080862, "changeInCash": -1975956}, {"maxAge": 1, "endDate": "2017-03-31", "netIncome": 707274, "depreciation": 1481849, "changeToNetincome": -1465065, "changeToAccountReceivables": -24957129, "changeToLiabilities": 3320100, "changeToOperatingActivities": -1418643, "totalCashFromOperatingActivities": -21966264, "capitalExpenditures": -44000, "investments": -750388, "totalCashflowsFromInvestingActivities": 23579213, "netBorrowings": -1281849, "totalCashFromFinancingActivities": -1281849, "changeInCash": 331101}], "maxAge": 86400}, "institutionOwnership": {"ownershipList": [], "maxAge": 1}, "balanceSheetHistoryQuarterly": {"balanceSheetStatements": [{"maxAge": 1, "endDate": "2020-06-30", "totalStockholderEquity": 531224000, "netTangibleAssets": 531224000}, {"maxAge": 1, "endDate": "2020-03-31", "cash": 3276000, "netReceivables": 591244000, "otherCurrentAssets": 2596000, "totalCurrentAssets": 597116000, "longTermInvestments": 31624000, "propertyPlantEquipment": 1464000, "otherAssets": 759000, "deferredLongTermAssetCharges": 627000, "totalAssets": 630963000, "accountsPayable": 72803000, "otherCurrentLiab": 23737000, "longTermDebt": 3200000, "otherLiab": -1000, "totalCurrentLiabilities": 96540000, "totalLiab": 99739000, "commonStock": 520965000, "retainedEarnings": 10259000, "totalStockholderEquity": 531224000, "netTangibleAssets": 531224000}, {"maxAge": 1, "endDate": "2019-12-31", "totalStockholderEquity": 531250000, "netTangibleAssets": 531250000}, {"maxAge": 1, "endDate": "2019-09-30", "cash": 2022000, "netReceivables": 593190000, "otherCurrentAssets": 1888000, "totalCurrentAssets": 597100000, "longTermInvestments": 31624000, "propertyPlantEquipment": 1887000, "otherAssets": 738000, "deferredLongTermAssetCharges": 607000, "totalAssets": 631349000, "accountsPayable": 73303000, "otherCurrentLiab": 23596000, "longTermDebt": 3200000, "totalCurrentLiabilities": 96899000, "totalLiab": 100099000, "commonStock": 520965000, "retainedEarnings": 10285000, "treasuryStock": 10285000, "otherStockholderEquity": 10285000, "totalStockholderEquity": 531250000, "netTangibleAssets": 531250000}], "maxAge": 86400}, "indexTrend": {"maxAge": 1, "symbol": "SP5", "peRatio": 19.7411, "pegRatio": 1.34172, "estimates": [{"period": "0q", "growth": 0.549}, {"period": "+1q", "growth": 0.431}, {"period": "0y", "growth": 0.305}, {"period": "+1y", "growth": 0.109}, {"period": "+5y", "growth": 0.120859005}, {"period": "-5y"}]}, "quoteType": {"exchange": "BSE", "quoteType": "EQUITY", "symbol": "GOLDLINE.BO", "underlyingSymbol": "GOLDLINE.BO", "shortName": "GOLD LINE INTERNATIONAL FINVES", "longName": "Gold Line International Finvest Limited", "firstTradeDateEpochUtc": "2014-04-28 09:15:00", "timeZoneFullName": "Asia/Kolkata", "timeZoneShortName": "IST", "uuid": "dd81787c-67c5-3cca-b578-8f1f9f14a620", "gmtOffSetMilliseconds": 19800000, "maxAge": 1}, "incomeStatementHistory": {"incomeStatementHistory": [{"maxAge": 1, "endDate": "2020-03-31", "totalRevenue": 12468000, "costOfRevenue": 0, "grossProfit": 12468000, "researchDevelopment": {}, "sellingGeneralAdministrative": 5462000, "nonRecurring": {}, "otherOperatingExpenses": 6106000, "totalOperatingExpenses": 12214000, "operatingIncome": 254000, "totalOtherIncomeExpenseNet": -1000, "ebit": 254000, "interestExpense": {}, "incomeBeforeTax": 253000, "incomeTaxExpense": 27000, "minorityInterest": {}, "netIncomeFromContinuingOps": 226000, "discontinuedOperations": {}, "extraordinaryItems": {}, "effectOfAccountingCharges": {}, "otherItems": {}, "netIncome": 226000, "netIncomeApplicableToCommonShares": 226000}, {"maxAge": 1, "endDate": "2019-03-31", "totalRevenue": 9458788, "costOfRevenue": 0, "grossProfit": 9458788, "researchDevelopment": {}, "sellingGeneralAdministrative": 3760009, "nonRecurring": {}, "otherOperatingExpenses": 4728668, "totalOperatingExpenses": 9132975, "operatingIncome": 325813, "totalOtherIncomeExpenseNet": -3516, "ebit": 325813, "interestExpense": -3516, "incomeBeforeTax": 322297, "incomeTaxExpense": -11375, "minorityInterest": {}, "netIncomeFromContinuingOps": 333672, "discontinuedOperations": {}, "extraordinaryItems": {}, "effectOfAccountingCharges": {}, "otherItems": {}, "netIncome": 333672, "netIncomeApplicableToCommonShares": 333672}, {"maxAge": 1, "endDate": "2018-03-31", "totalRevenue": 16308911, "costOfRevenue": 5332644, "grossProfit": 10976267, "researchDevelopment": {}, "sellingGeneralAdministrative": 5005205, "nonRecurring": {}, "otherOperatingExpenses": 4326156, "totalOperatingExpenses": 15614155, "operatingIncome": 694756, "totalOtherIncomeExpenseNet": -70134, "ebit": 694756, "interestExpense": -70134, "incomeBeforeTax": 624622, "incomeTaxExpense": 193007, "minorityInterest": {}, "netIncomeFromContinuingOps": 431615, "discontinuedOperations": {}, "extraordinaryItems": {}, "effectOfAccountingCharges": {}, "otherItems": {}, "netIncome": 431615, "netIncomeApplicableToCommonShares": 431615}, {"maxAge": 1, "endDate": "2017-03-31", "totalRevenue": 41372396, "costOfRevenue": 29723607, "grossProfit": 11648789, "researchDevelopment": {}, "sellingGeneralAdministrative": 4778642, "nonRecurring": {}, "otherOperatingExpenses": 4114704, "totalOperatingExpenses": 40098802, "operatingIncome": 1273594, "totalOtherIncomeExpenseNet": -250044, "ebit": 1273594, "interestExpense": -250044, "incomeBeforeTax": 1023550, "incomeTaxExpense": 316276, "minorityInterest": {}, "netIncomeFromContinuingOps": 707274, "discontinuedOperations": {}, "extraordinaryItems": {}, "effectOfAccountingCharges": {}, "otherItems": {}, "netIncome": 707274, "netIncomeApplicableToCommonShares": 707274}], "maxAge": 86400}, "fundOwnership": {"ownershipList": [], "maxAge": 1}, "summaryDetail": {"maxAge": 1, "priceHint": 4, "previousClose": 0.24, "open": 0.24, "dayLow": 0.23, "dayHigh": 0.24, "regularMarketPreviousClose": 0.24, "regularMarketOpen": 0.24, "regularMarketDayLow": 0.23, "regularMarketDayHigh": 0.24, "trailingPE": 230.0, "volume": 63941, "regularMarketVolume": 63941, "averageVolume": 44970, "averageVolume10days": 0, "averageDailyVolume10Day": 0, "bid": 0.0, "ask": 0.23, "bidSize": 0, "askSize": 0, "marketCap": 17272448, "fiftyTwoWeekLow": 0.19, "fiftyTwoWeekHigh": 0.5, "fiftyDayAverage": 0.39363635, "twoHundredDayAverage": 0.3082353, "currency": "INR", "fromCurrency": null, "lastMarket": null, "algorithm": null, "tradeable": false}, "incomeStatementHistoryQuarterly": {"incomeStatementHistory": [{"maxAge": 1, "endDate": "2020-06-30", "totalRevenue": 866000, "costOfRevenue": 0, "grossProfit": 866000, "researchDevelopment": {}, "sellingGeneralAdministrative": 755000, "nonRecurring": {}, "otherOperatingExpenses": 91000, "totalOperatingExpenses": 846000, "operatingIncome": 20000, "totalOtherIncomeExpenseNet": 0, "ebit": 20000, "interestExpense": {}, "incomeBeforeTax": 20000, "incomeTaxExpense": 0, "minorityInterest": {}, "netIncomeFromContinuingOps": 20000, "discontinuedOperations": {}, "extraordinaryItems": {}, "effectOfAccountingCharges": {}, "otherItems": {}, "netIncome": 20000, "netIncomeApplicableToCommonShares": 20000}, {"maxAge": 1, "endDate": "2020-03-31", "totalRevenue": 6269000, "costOfRevenue": 0, "grossProfit": 6269000, "researchDevelopment": {}, "sellingGeneralAdministrative": 3024000, "nonRecurring": {}, "otherOperatingExpenses": 3016000, "totalOperatingExpenses": 6201000, "operatingIncome": 68000, "totalOtherIncomeExpenseNet": -1000, "ebit": 68000, "interestExpense": {}, "incomeBeforeTax": 67000, "incomeTaxExpense": 27000, "minorityInterest": {}, "netIncomeFromContinuingOps": 40000, "discontinuedOperations": {}, "extraordinaryItems": {}, "effectOfAccountingCharges": {}, "otherItems": {}, "netIncome": 40000, "netIncomeApplicableToCommonShares": 40000}, {"maxAge": 1, "endDate": "2019-12-31", "totalRevenue": 1757000, "costOfRevenue": 0, "grossProfit": 1757000, "researchDevelopment": {}, "sellingGeneralAdministrative": 1212000, "nonRecurring": {}, "otherOperatingExpenses": 351000, "totalOperatingExpenses": 1625000, "operatingIncome": 132000, "totalOtherIncomeExpenseNet": 0, "ebit": 132000, "interestExpense": {}, "incomeBeforeTax": 132000, "incomeTaxExpense": 0, "minorityInterest": {}, "netIncomeFromContinuingOps": 132000, "discontinuedOperations": {}, "extraordinaryItems": {}, "effectOfAccountingCharges": {}, "otherItems": {}, "netIncome": 132000, "netIncomeApplicableToCommonShares": 132000}, {"maxAge": 1, "endDate": "2019-09-30", "totalRevenue": 2290000, "costOfRevenue": 0, "grossProfit": 2290000, "researchDevelopment": {}, "sellingGeneralAdministrative": 1020000, "nonRecurring": {}, "otherOperatingExpenses": 1111000, "totalOperatingExpenses": 2193000, "operatingIncome": 97000, "totalOtherIncomeExpenseNet": 0, "ebit": 97000, "interestExpense": {}, "incomeBeforeTax": 97000, "incomeTaxExpense": 0, "minorityInterest": {}, "netIncomeFromContinuingOps": 97000, "discontinuedOperations": {}, "extraordinaryItems": {}, "effectOfAccountingCharges": {}, "otherItems": {}, "netIncome": 97000, "netIncomeApplicableToCommonShares": 97000}], "maxAge": 86400}, "cashflowStatementHistoryQuarterly": {"cashflowStatements": [{"maxAge": 1, "endDate": "2020-06-30", "netIncome": 20000, "changeToLiabilities": 0}, {"maxAge": 1, "endDate": "2020-03-31", "netIncome": 40000, "changeToLiabilities": 0}, {"maxAge": 1, "endDate": "2019-12-31", "netIncome": 132000, "changeToLiabilities": 0}, {"maxAge": 1, "endDate": "2019-09-30", "netIncome": 97000, "changeToLiabilities": 0}], "maxAge": 86400}, "insiderHolders": {"holders": [], "maxAge": 1}, "calendarEvents": {"maxAge": 1, "earnings": {"earningsDate": []}}, "upgradeDowngradeHistory": {"history": [], "maxAge": 86400}, "price": {"maxAge": 1, "regularMarketChangePercent": -0.041666627, "regularMarketChange": -0.00999999, "regularMarketTime": "2021-04-30 15:53:50", "priceHint": 4, "regularMarketPrice": 0.23, "regularMarketDayHigh": 0.24, "regularMarketDayLow": 0.23, "regularMarketVolume": 63941, "averageDailyVolume10Day": 0, "averageDailyVolume3Month": 44970, "regularMarketPreviousClose": 0.24, "regularMarketSource": "FREE_REALTIME", "regularMarketOpen": 0.24, "exchange": "BSE", "exchangeName": "BSE", "exchangeDataDelayedBy": 0, "marketState": "CLOSED", "quoteType": "EQUITY", "symbol": "GOLDLINE.BO", "underlyingSymbol": null, "shortName": "GOLD LINE INTERNATIONAL FINVES", "longName": "Gold Line International Finvest Limited", "currency": "INR", "quoteSourceName": "Delayed Quote", "currencySymbol": "\u20b9", "fromCurrency": null, "lastMarket": null, "marketCap": 17272448}, "balanceSheetHistory": {"balanceSheetStatements": [{"maxAge": 1, "endDate": "2020-03-31", "cash": 3276000, "netReceivables": 591244000, "otherCurrentAssets": 2596000, "totalCurrentAssets": 597116000, "longTermInvestments": 31624000, "propertyPlantEquipment": 1464000, "otherAssets": 759000, "deferredLongTermAssetCharges": 627000, "totalAssets": 630963000, "accountsPayable": 72803000, "otherCurrentLiab": 23737000, "longTermDebt": 3200000, "otherLiab": -1000, "totalCurrentLiabilities": 96540000, "totalLiab": 99739000, "commonStock": 520965000, "retainedEarnings": 10259000, "totalStockholderEquity": 531224000, "netTangibleAssets": 531224000}, {"maxAge": 1, "endDate": "2019-03-31", "cash": 1780749, "netReceivables": 586619051, "otherCurrentAssets": 3079755, "totalCurrentAssets": 591479555, "longTermInvestments": 31624000, "propertyPlantEquipment": 2110300, "otherAssets": 693537, "deferredLongTermAssetCharges": 606536, "totalAssets": 625907392, "accountsPayable": 73658770, "otherCurrentLiab": 18031486, "longTermDebt": 3200000, "totalCurrentLiabilities": 91710256, "totalLiab": 94910256, "commonStock": 520965000, "retainedEarnings": 10032136, "treasuryStock": 10032000, "otherStockholderEquity": 10032000, "totalStockholderEquity": 530997136, "netTangibleAssets": 530997136}, {"maxAge": 1, "endDate": "2018-03-31", "cash": 399841, "netReceivables": 596088400, "otherCurrentAssets": 2619727, "totalCurrentAssets": 599107968, "longTermInvestments": 31624000, "propertyPlantEquipment": 2754599, "otherAssets": 646430, "deferredLongTermAssetCharges": 559430, "totalAssets": 634132997, "accountsPayable": 73298770, "otherCurrentLiab": 26950762, "longTermDebt": 3200000, "totalCurrentLiabilities": 100269532, "totalLiab": 103469532, "commonStock": 520965000, "retainedEarnings": 9698465, "totalStockholderEquity": 530663465, "netTangibleAssets": 530663465}, {"maxAge": 1, "endDate": "2017-03-31", "cash": 2375797, "netReceivables": 585196430, "otherCurrentAssets": 1515163, "totalCurrentAssets": 589087390, "longTermInvestments": 31624000, "propertyPlantEquipment": 3704749, "otherAssets": 609700, "deferredLongTermAssetCharges": 522700, "totalAssets": 625025839, "accountsPayable": 66459424, "otherCurrentLiab": 24033703, "longTermDebt": 4280862, "totalCurrentLiabilities": 90513127, "totalLiab": 94793989, "commonStock": 520965000, "retainedEarnings": 9266850, "totalStockholderEquity": 530231850, "netTangibleAssets": 530231850}], "maxAge": 86400}, "financialData": {"maxAge": 86400, "currentPrice": 0.23, "recommendationKey": "none", "grossProfits": 12468000, "financialCurrency": "INR"}}}