{"GOLDCORP.BO": {"cashflowStatementHistory": {"cashflowStatements": [{"maxAge": 1, "endDate": "2020-03-31", "netIncome": 8587452, "depreciation": 9446507, "changeToNetincome": -5838467, "changeToLiabilities": -2163129, "changeToOperatingActivities": 10642981, "totalCashFromOperatingActivities": 20675344, "capitalExpenditures": -8232815, "investments": 143974263, "otherCashflowsFromInvestingActivities": 2168935, "totalCashflowsFromInvestingActivities": 137339712, "dividendsPaid": -3429654, "netBorrowings": -4260000, "otherCashflowsFromFinancingActivities": 3005760, "totalCashFromFinancingActivities": -4683894, "changeInCash": 153331163}, {"maxAge": 1, "endDate": "2019-03-31", "netIncome": 50242915, "depreciation": 4914161, "changeToNetincome": -10928900, "changeToLiabilities": -1442618, "changeToInventory": 118966322, "changeToOperatingActivities": 22850695, "totalCashFromOperatingActivities": 184602575, "capitalExpenditures": -6715138, "investments": 13783974, "otherCashflowsFromInvestingActivities": 14115844, "totalCashflowsFromInvestingActivities": 21269680, "dividendsPaid": -5414292, "netBorrowings": -4260000, "otherCashflowsFromFinancingActivities": 779687, "totalCashFromFinancingActivities": -144659605, "changeInCash": 61212649, "repurchaseOfStock": -140025000}, {"maxAge": 1, "endDate": "2018-03-31", "netIncome": 37588659, "depreciation": 4636579, "changeToNetincome": -4586806, "changeToLiabilities": 2762986, "changeToInventory": -19814854, "changeToOperatingActivities": 20315524, "totalCashFromOperatingActivities": 40902088, "capitalExpenditures": -2104787, "investments": -36803047, "otherCashflowsFromInvestingActivities": 3081801, "totalCashflowsFromInvestingActivities": -35927163, "dividendsPaid": -4547658, "netBorrowings": -2516803, "otherCashflowsFromFinancingActivities": 8325512, "totalCashFromFinancingActivities": 1261051, "changeInCash": 6235976, "repurchaseOfStock": -140025000}, {"maxAge": 1, "endDate": "2017-03-31", "netIncome": 25538251, "depreciation": 4167201, "changeToNetincome": -8895328, "changeToLiabilities": 2649304, "changeToInventory": 124828308, "changeToOperatingActivities": 868319, "totalCashFromOperatingActivities": 149156055, "capitalExpenditures": -2291189, "investments": 11188770, "otherCashflowsFromInvestingActivities": 7648365, "totalCashflowsFromInvestingActivities": -158511082, "dividendsPaid": -4547658, "netBorrowings": 2516803, "otherCashflowsFromFinancingActivities": 6940835, "totalCashFromFinancingActivities": 9457638, "changeInCash": 102611, "repurchaseOfStock": -140025000}], "maxAge": 86400}, "institutionOwnership": {"maxAge": 1, "ownershipList": []}, "balanceSheetHistoryQuarterly": {"balanceSheetStatements": [{"maxAge": 1, "endDate": "2020-06-30", "totalStockholderEquity": 478598000, "netTangibleAssets": 478598000}, {"maxAge": 1, "endDate": "2020-03-31", "cash": 263290533, "netReceivables": 14834366, "otherCurrentAssets": 441862, "totalCurrentAssets": 330037042, "longTermInvestments": 1370326, "propertyPlantEquipment": 22735804, "otherAssets": 215211196, "totalAssets": 569354368, "accountsPayable": 2749940, "otherCurrentLiab": 10242645, "otherLiab": 71027477, "totalCurrentLiabilities": 16531192, "totalLiab": 90756738, "commonStock": 56897600, "retainedEarnings": 341029462, "treasuryStock": 28248375, "capitalSurplus": 52422193, "otherStockholderEquity": 28248375, "totalStockholderEquity": 478597630, "netTangibleAssets": 478597630}, {"maxAge": 1, "endDate": "2019-12-31", "totalStockholderEquity": 484429000, "netTangibleAssets": 484429000}, {"maxAge": 1, "endDate": "2019-09-30", "cash": 9417000, "netReceivables": 32405000, "otherCurrentAssets": 662000, "totalCurrentAssets": 42484000, "longTermInvestments": 307960000, "propertyPlantEquipment": 17075000, "otherAssets": 214024000, "totalAssets": 581543000, "accountsPayable": 2409000, "otherCurrentLiab": 14290000, "otherLiab": 80372000, "totalCurrentLiabilities": 16742000, "totalLiab": 97114000, "commonStock": 56898000, "treasuryStock": 427531000, "otherStockholderEquity": 427531000, "totalStockholderEquity": 484429000, "netTangibleAssets": 484429000}], "maxAge": 86400}, "indexTrend": {"maxAge": 1, "symbol": "SP5", "peRatio": 19.7411, "pegRatio": 1.34172, "estimates": [{"period": "0q", "growth": 0.549}, {"period": "+1q", "growth": 0.431}, {"period": "0y", "growth": 0.305}, {"period": "+1y", "growth": 0.109}, {"period": "+5y", "growth": 0.120859005}, {"period": "-5y"}]}, "insiderTransactions": {"transactions": [{"maxAge": 1, "shares": 923593, "filerUrl": "", "transactionText": "", "filerName": "Tanna (Nita Tushar)", "filerRelation": "Executive Chairman", "moneyText": "", "startDate": "2019-06-25", "ownership": "D"}, {"maxAge": 1, "shares": 2216113, "filerUrl": "", "transactionText": "", "filerName": "Goldcrest Securities & Commodities Pvt. Ltd.", "filerRelation": "Promoter", "moneyText": "", "startDate": "2019-02-11", "ownership": "D"}, {"maxAge": 1, "shares": 1020000, "filerUrl": "", "transactionText": "", "filerName": "Tanna (Nita Tushar)", "filerRelation": "Executive Chairman", "moneyText": "", "startDate": "2019-02-11", "ownership": "D"}, {"maxAge": 1, "shares": 741568, "filerUrl": "", "transactionText": "", "filerName": "Tanna (Namrata Tushar)", "filerRelation": "Promoter", "moneyText": "", "startDate": "2019-02-11", "ownership": "D"}, {"maxAge": 1, "shares": 17850, "filerUrl": "", "transactionText": "", "filerName": "Shah (Anupa Tanna)", "filerRelation": "Director", "moneyText": "", "startDate": "2019-02-11", "ownership": "D"}], "maxAge": 1}, "quoteType": {"exchange": "BSE", "quoteType": "EQUITY", "symbol": "GOLDCORP.BO", "underlyingSymbol": "GOLDCORP.BO", "shortName": "GOLDCREST CORPORATION LIMITED", "longName": "Goldcrest Corporation Limited", "firstTradeDateEpochUtc": "2001-08-28 09:15:00", "timeZoneFullName": "Asia/Kolkata", "timeZoneShortName": "IST", "uuid": "08e15669-997d-3091-ba53-524a47a07e93", "messageBoardId": null, "gmtOffSetMilliseconds": 19800000, "maxAge": 1}, "incomeStatementHistory": {"incomeStatementHistory": [{"maxAge": 1, "endDate": "2020-03-31", "totalRevenue": 85268918, "costOfRevenue": 10888375, "grossProfit": 74380543, "researchDevelopment": {}, "sellingGeneralAdministrative": 17831232, "nonRecurring": {}, "otherOperatingExpenses": 27429365, "totalOperatingExpenses": 65595479, "operatingIncome": 19673439, "totalOtherIncomeExpenseNet": -61418, "ebit": 0, "interestExpense": {}, "incomeBeforeTax": 19612021, "incomeTaxExpense": 11024569, "minorityInterest": {}, "netIncomeFromContinuingOps": 8587452, "discontinuedOperations": {}, "extraordinaryItems": {}, "effectOfAccountingCharges": {}, "otherItems": {}, "netIncome": 8587452, "netIncomeApplicableToCommonShares": 8587452}, {"maxAge": 1, "endDate": "2019-03-31", "totalRevenue": 127465556, "costOfRevenue": 10789755, "grossProfit": 116675801, "researchDevelopment": {}, "sellingGeneralAdministrative": 21967754, "nonRecurring": {}, "otherOperatingExpenses": 28756491, "totalOperatingExpenses": 66428161, "operatingIncome": 61037395, "totalOtherIncomeExpenseNet": 3847490, "ebit": 0, "interestExpense": {}, "incomeBeforeTax": 64884885, "incomeTaxExpense": 14641970, "minorityInterest": {}, "netIncomeFromContinuingOps": 50242915, "discontinuedOperations": {}, "extraordinaryItems": {}, "effectOfAccountingCharges": {}, "otherItems": {}, "netIncome": 50242915, "netIncomeApplicableToCommonShares": 50242915}, {"maxAge": 1, "endDate": "2018-03-31", "totalRevenue": 145506739, "costOfRevenue": 41762682, "grossProfit": 103744057, "researchDevelopment": {}, "sellingGeneralAdministrative": 18123262, "nonRecurring": {}, "otherOperatingExpenses": 40353951, "totalOperatingExpenses": 104876474, "operatingIncome": 40630265, "totalOtherIncomeExpenseNet": 0, "ebit": 0, "interestExpense": {}, "incomeBeforeTax": 40630265, "incomeTaxExpense": 3041606, "minorityInterest": {}, "netIncomeFromContinuingOps": 37588659, "discontinuedOperations": {}, "extraordinaryItems": {}, "effectOfAccountingCharges": {}, "otherItems": {}, "netIncome": 37588659, "netIncomeApplicableToCommonShares": 37588659}, {"maxAge": 1, "endDate": "2017-03-31", "totalRevenue": 96104561, "costOfRevenue": 19679314, "grossProfit": 76425247, "researchDevelopment": {}, "sellingGeneralAdministrative": 18296439, "nonRecurring": {}, "otherOperatingExpenses": 24485404, "totalOperatingExpenses": 66628358, "operatingIncome": 29476203, "totalOtherIncomeExpenseNet": 0, "ebit": 0, "interestExpense": {}, "incomeBeforeTax": 29476203, "incomeTaxExpense": 3937952, "minorityInterest": {}, "netIncomeFromContinuingOps": 25538251, "discontinuedOperations": {}, "extraordinaryItems": {}, "effectOfAccountingCharges": {}, "otherItems": {}, "netIncome": 25538251, "netIncomeApplicableToCommonShares": 25538251}], "maxAge": 86400}, "fundOwnership": {"maxAge": 1, "ownershipList": []}, "summaryDetail": {"maxAge": 1, "priceHint": 2, "previousClose": 64.6, "open": 61.9, "dayLow": 61.9, "dayHigh": 61.9, "regularMarketPreviousClose": 64.6, "regularMarketOpen": 61.9, "regularMarketDayLow": 61.9, "regularMarketDayHigh": 61.9, "trailingPE": 20.123537, "volume": 1, "regularMarketVolume": 1, "averageVolume": 101, "averageVolume10days": 117, "averageDailyVolume10Day": 117, "bid": 61.9, "ask": 64.6, "bidSize": 0, "askSize": 0, "marketCap": 352196160, "fiftyTwoWeekLow": 55.0, "fiftyTwoWeekHigh": 85.5, "fiftyDayAverage": 68.44714, "twoHundredDayAverage": 70.59015, "trailingAnnualDividendRate": 0.5, "trailingAnnualDividendYield": 0.0077399383, "currency": "INR", "fromCurrency": null, "toCurrency": null, "lastMarket": null, "algorithm": null, "tradeable": false}, "incomeStatementHistoryQuarterly": {"incomeStatementHistory": [{"maxAge": 1, "endDate": "2020-06-30", "totalRevenue": 37487000, "costOfRevenue": 0, "grossProfit": 37487000, "researchDevelopment": {}, "sellingGeneralAdministrative": 3750000, "nonRecurring": {}, "otherOperatingExpenses": 2055000, "totalOperatingExpenses": 8909000, "operatingIncome": 28578000, "totalOtherIncomeExpenseNet": 0, "ebit": 0, "interestExpense": {}, "incomeBeforeTax": 28578000, "incomeTaxExpense": 9719000, "minorityInterest": {}, "netIncomeFromContinuingOps": 18859000, "discontinuedOperations": {}, "extraordinaryItems": {}, "effectOfAccountingCharges": {}, "otherItems": {}, "netIncome": 18859000, "netIncomeApplicableToCommonShares": 18859000}, {"maxAge": 1, "endDate": "2020-03-31", "totalRevenue": 353918, "costOfRevenue": 10888375, "grossProfit": -10534457, "researchDevelopment": {}, "sellingGeneralAdministrative": 4642232, "nonRecurring": {}, "otherOperatingExpenses": -94635, "totalOperatingExpenses": 18012479, "operatingIncome": -17658561, "totalOtherIncomeExpenseNet": -61418, "ebit": 0, "interestExpense": {}, "incomeBeforeTax": -17719979, "incomeTaxExpense": 80569, "minorityInterest": {}, "netIncomeFromContinuingOps": -17800548, "discontinuedOperations": {}, "extraordinaryItems": {}, "effectOfAccountingCharges": {}, "otherItems": {}, "netIncome": -17800548, "netIncomeApplicableToCommonShares": -17800548}, {"maxAge": 1, "endDate": "2019-12-31", "totalRevenue": 36286000, "costOfRevenue": 0, "grossProfit": 36286000, "researchDevelopment": {}, "sellingGeneralAdministrative": 3976000, "nonRecurring": {}, "otherOperatingExpenses": 12304000, "totalOperatingExpenses": 18822000, "operatingIncome": 17464000, "totalOtherIncomeExpenseNet": -1000, "ebit": 0, "interestExpense": {}, "incomeBeforeTax": 17463000, "incomeTaxExpense": 4228000, "minorityInterest": {}, "netIncomeFromContinuingOps": 13235000, "discontinuedOperations": {}, "extraordinaryItems": {}, "effectOfAccountingCharges": {}, "otherItems": {}, "netIncome": 13235000, "netIncomeApplicableToCommonShares": 13235000}, {"maxAge": 1, "endDate": "2019-09-30", "totalRevenue": 25678000, "costOfRevenue": 0, "grossProfit": 25678000, "researchDevelopment": {}, "sellingGeneralAdministrative": 4526000, "nonRecurring": {}, "otherOperatingExpenses": 11900000, "totalOperatingExpenses": 18602000, "operatingIncome": 7076000, "totalOtherIncomeExpenseNet": 0, "ebit": 0, "interestExpense": {}, "incomeBeforeTax": 7076000, "incomeTaxExpense": 3862000, "minorityInterest": {}, "netIncomeFromContinuingOps": 3214000, "discontinuedOperations": {}, "extraordinaryItems": {}, "effectOfAccountingCharges": {}, "otherItems": {}, "netIncome": 3214000, "netIncomeApplicableToCommonShares": 3214000}], "maxAge": 86400}, "cashflowStatementHistoryQuarterly": {"cashflowStatements": [{"maxAge": 1, "endDate": "2020-06-30", "netIncome": 18859000, "changeToLiabilities": 0}, {"maxAge": 1, "endDate": "2020-03-31", "netIncome": -17800548, "changeToLiabilities": 0}, {"maxAge": 1, "endDate": "2019-12-31", "netIncome": 13235000, "changeToLiabilities": 0}, {"maxAge": 1, "endDate": "2019-09-30", "netIncome": 3214000, "changeToLiabilities": 0}], "maxAge": 86400}, "insiderHolders": {"holders": [{"maxAge": 1, "name": "Goldcrest Securities & Commodities Pvt. Ltd.", "relation": "Promoter", "url": "", "transactionDescription": "Other", "latestTransDate": "2019-02-11", "positionDirect": 0, "positionDirectDate": "2019-02-11"}, {"maxAge": 1, "name": "Shah (Anupa Tanna)", "relation": "Director", "url": "", "transactionDescription": "Other", "latestTransDate": "2019-02-11", "positionDirect": 1238718, "positionDirectDate": "2019-02-11"}, {"maxAge": 1, "name": "Tanna (Namrata Tushar)", "relation": "Promoter", "url": "", "transactionDescription": "Other", "latestTransDate": "2019-02-11", "positionDirect": 926598, "positionDirectDate": "2019-02-11"}, {"maxAge": 1, "name": "Tanna (Nita Tushar)", "relation": "Executive Chairman", "url": "", "transactionDescription": "Other", "latestTransDate": "2019-06-25", "positionDirect": 1943593, "positionDirectDate": "2019-06-25"}], "maxAge": 1}, "calendarEvents": {"maxAge": 1, "earnings": {"earningsDate": []}}, "price": {"maxAge": 1, "regularMarketChangePercent": -0.041795623, "regularMarketChange": -2.699997, "regularMarketTime": "2021-04-30 14:46:08", "priceHint": 2, "regularMarketPrice": 61.9, "regularMarketDayHigh": 61.9, "regularMarketDayLow": 61.9, "regularMarketVolume": 1, "averageDailyVolume10Day": 117, "averageDailyVolume3Month": 101, "regularMarketPreviousClose": 64.6, "regularMarketSource": "FREE_REALTIME", "regularMarketOpen": 61.9, "exchange": "BSE", "exchangeName": "BSE", "exchangeDataDelayedBy": 0, "marketState": "CLOSED", "quoteType": "EQUITY", "symbol": "GOLDCORP.BO", "underlyingSymbol": null, "shortName": "GOLDCREST CORPORATION LIMITED", "longName": "Goldcrest Corporation Limited", "currency": "INR", "quoteSourceName": "Delayed Quote", "currencySymbol": "\u20b9", "fromCurrency": null, "toCurrency": null, "lastMarket": null, "marketCap": 352196160}, "balanceSheetHistory": {"balanceSheetStatements": [{"maxAge": 1, "endDate": "2020-03-31", "cash": 263290533, "netReceivables": 14834366, "otherCurrentAssets": 441862, "totalCurrentAssets": 330037042, "longTermInvestments": 1370326, "propertyPlantEquipment": 22735804, "otherAssets": 215211196, "totalAssets": 569354368, "accountsPayable": 2749940, "otherCurrentLiab": 10242645, "otherLiab": 71027477, "totalCurrentLiabilities": 16531192, "totalLiab": 90756738, "commonStock": 56897600, "retainedEarnings": 341029462, "treasuryStock": 28248375, "capitalSurplus": 52422193, "otherStockholderEquity": 28248375, "totalStockholderEquity": 478597630, "netTangibleAssets": 478597630}, {"maxAge": 1, "endDate": "2019-03-31", "cash": 109959370, "netReceivables": 20006134, "otherCurrentAssets": 496152, "totalCurrentAssets": 299876597, "longTermInvestments": 28332776, "propertyPlantEquipment": 12325307, "otherAssets": 233128414, "totalAssets": 573663094, "accountsPayable": 4913069, "otherCurrentLiab": 14212328, "otherLiab": 78402887, "totalCurrentLiabilities": 19834336, "totalLiab": 98237223, "commonStock": 56897600, "retainedEarnings": 337857703, "treasuryStock": 28248375, "capitalSurplus": 52422193, "otherStockholderEquity": 28248375, "totalStockholderEquity": 475425871, "netTangibleAssets": 475425871}, {"maxAge": 1, "endDate": "2018-03-31", "cash": 48746722, "netReceivables": 23175903, "otherCurrentAssets": 290884, "totalCurrentAssets": 191179831, "longTermInvestments": 211531691, "propertyPlantEquipment": 8036775, "otherAssets": 260363783, "totalAssets": 671112080, "accountsPayable": 6355687, "otherCurrentLiab": 16036153, "otherLiab": 76528597, "totalCurrentLiabilities": 23725140, "totalLiab": 100253737, "commonStock": 75567600, "retainedEarnings": 311935175, "treasuryStock": 9578375, "capitalSurplus": 173777193, "otherStockholderEquity": 9578375, "totalStockholderEquity": 570858343, "netTangibleAssets": 570858343}, {"maxAge": 1, "endDate": "2017-03-31", "cash": 4568955, "netReceivables": 37957756, "otherCurrentAssets": 1313108, "totalCurrentAssets": 146454751, "longTermInvestments": 210608488, "propertyPlantEquipment": 7869342, "otherAssets": 261161014, "totalAssets": 626093595, "accountsPayable": 3592701, "otherCurrentLiab": 5139203, "otherLiab": 71029675, "totalCurrentLiabilities": 11694185, "totalLiab": 82723860, "commonStock": 75567600, "retainedEarnings": 284446567, "treasuryStock": 9578375, "capitalSurplus": 173777193, "otherStockholderEquity": 9578375, "totalStockholderEquity": 543369735, "netTangibleAssets": 543369735}], "maxAge": 86400}, "financialData": {"maxAge": 86400, "currentPrice": 61.9, "recommendationKey": "none", "grossProfits": 74380543, "financialCurrency": "INR"}}}