{"GOLKUNDIA.BO": {"cashflowStatementHistory": {"cashflowStatements": [{"maxAge": 1, "endDate": "2020-03-31", "netIncome": 21832298, "depreciation": 3987708, "changeToNetincome": -10740536, "changeToAccountReceivables": 44581047, "changeToLiabilities": 0, "changeToInventory": -41787893, "changeToOperatingActivities": 4504081, "totalCashFromOperatingActivities": 22510199, "capitalExpenditures": -9635519, "otherCashflowsFromInvestingActivities": -3351292, "totalCashflowsFromInvestingActivities": -12813929, "dividendsPaid": -5571281, "netBorrowings": -11608440, "otherCashflowsFromFinancingActivities": -13710052, "totalCashFromFinancingActivities": -30889773, "effectOfExchangeRate": 21603574, "changeInCash": 410072}, {"maxAge": 1, "endDate": "2019-03-31", "netIncome": 13480434, "depreciation": 3561822, "changeToNetincome": -22557557, "changeToAccountReceivables": 42270989, "changeToLiabilities": 0, "changeToInventory": -1694672, "changeToOperatingActivities": -4048889, "totalCashFromOperatingActivities": 31012127, "capitalExpenditures": -7372269, "otherCashflowsFromInvestingActivities": -12841192, "totalCashflowsFromInvestingActivities": -20213461, "dividendsPaid": -5571281, "netBorrowings": -38148926, "otherCashflowsFromFinancingActivities": -19811383, "totalCashFromFinancingActivities": -57960309, "effectOfExchangeRate": 41447812, "changeInCash": -5713832}, {"maxAge": 1, "endDate": "2018-03-31", "netIncome": 8600648, "depreciation": 3216901, "changeToNetincome": 18272824, "changeToAccountReceivables": -19980824, "changeToLiabilities": 0, "changeToInventory": 24417155, "changeToOperatingActivities": 450503, "totalCashFromOperatingActivities": 34984166, "capitalExpenditures": -1212037, "otherCashflowsFromInvestingActivities": -4769046, "totalCashflowsFromInvestingActivities": -5981083, "dividendsPaid": -2437428, "netBorrowings": -6695402, "otherCashflowsFromFinancingActivities": -21945892, "totalCashFromFinancingActivities": -31078722, "effectOfExchangeRate": 3355649, "changeInCash": 1280010}, {"maxAge": 1, "endDate": "2017-03-31", "netIncome": 8308058, "depreciation": 2854416, "changeToNetincome": -3777037, "changeToAccountReceivables": 4939843, "changeToLiabilities": 0, "changeToInventory": -22054896, "changeToOperatingActivities": 24032219, "totalCashFromOperatingActivities": 14329335, "capitalExpenditures": -2905711, "otherCashflowsFromInvestingActivities": -7019808, "totalCashflowsFromInvestingActivities": -9925519, "dividendsPaid": -4178448, "netBorrowings": 6186972, "otherCashflowsFromFinancingActivities": -19019477, "totalCashFromFinancingActivities": -17010953, "effectOfExchangeRate": 16910739, "changeInCash": 4303601}], "maxAge": 86400}, "institutionOwnership": {"ownershipList": [], "maxAge": 1}, "balanceSheetHistoryQuarterly": {"balanceSheetStatements": [{"maxAge": 1, "endDate": "2020-06-30", "totalStockholderEquity": 280257149, "netTangibleAssets": 280010474}, {"maxAge": 1, "endDate": "2020-03-31", "cash": 5364975, "shortTermInvestments": -6100657, "netReceivables": 344067297, "inventory": 192888097, "otherCurrentAssets": 71767869, "totalCurrentAssets": 611934383, "longTermInvestments": 5058160, "propertyPlantEquipment": 33335861, "intangibleAssets": 246675, "otherAssets": 3276507, "deferredLongTermAssetCharges": 3276507, "totalAssets": 653851586, "accountsPayable": 61000381, "otherCurrentLiab": 11786609, "longTermDebt": 146581, "otherLiab": 7557554, "totalCurrentLiabilities": 365890302, "totalLiab": 373594437, "commonStock": 69640800, "retainedEarnings": 207816349, "capitalSurplus": 2800000, "totalStockholderEquity": 280257149, "netTangibleAssets": 280010474}, {"maxAge": 1, "endDate": "2019-12-31", "totalStockholderEquity": 271613000, "netTangibleAssets": 271339000}, {"maxAge": 1, "endDate": "2019-09-30", "cash": 41461000, "shortTermInvestments": 666000, "netReceivables": 333190000, "inventory": 173502000, "otherCurrentAssets": 22039000, "totalCurrentAssets": 570858000, "longTermInvestments": 13970000, "propertyPlantEquipment": 32363000, "intangibleAssets": 274000, "otherAssets": 1552000, "deferredLongTermAssetCharges": 1551000, "totalAssets": 619017000, "accountsPayable": 61861000, "otherCurrentLiab": 24523000, "longTermDebt": 319000, "otherLiab": 6827000, "totalCurrentLiabilities": 340258000, "totalLiab": 347404000, "commonStock": 69641000, "treasuryStock": 201972000, "otherStockholderEquity": 201972000, "totalStockholderEquity": 271613000, "netTangibleAssets": 271339000}], "maxAge": 86400}, "indexTrend": {"maxAge": 1, "symbol": "SP5", "peRatio": 19.7411, "pegRatio": 1.34172, "estimates": [{"period": "0q", "growth": 0.549}, {"period": "+1q", "growth": 0.431}, {"period": "0y", "growth": 0.305}, {"period": "+1y", "growth": 0.109}, {"period": "+5y", "growth": 0.120859005}, {"period": "-5y"}]}, "insiderTransactions": {"transactions": [{"maxAge": 1, "shares": 56000, "filerUrl": "", "transactionText": "", "filerName": "Neverloose Properties & Investment Pvt Ltd", "filerRelation": "Promoter", "moneyText": "", "startDate": "2019-03-28", "ownership": "D"}, {"maxAge": 1, "shares": 62000, "filerUrl": "", "transactionText": "", "filerName": "Neverloose Properties & Investment Pvt Ltd", "filerRelation": "Promoter", "moneyText": "", "startDate": "2019-03-27", "ownership": "D"}, {"maxAge": 1, "shares": 24000, "filerUrl": "", "transactionText": "", "filerName": "Neverloose Properties & Investment Pvt Ltd", "filerRelation": "Promoter", "moneyText": "", "startDate": "2019-03-26", "ownership": "D"}, {"maxAge": 1, "shares": 11000, "filerUrl": "", "transactionText": "", "filerName": "Neverloose Properties & Investment Pvt Ltd", "filerRelation": "Promoter", "moneyText": "", "startDate": "2019-03-25", "ownership": "D"}, {"maxAge": 1, "shares": 5000, "filerUrl": "", "transactionText": "", "filerName": "Neverloose Properties & Investment Pvt Ltd", "filerRelation": "Promoter", "moneyText": "", "startDate": "2019-03-20", "ownership": "D"}, {"maxAge": 1, "shares": 5000, "filerUrl": "", "transactionText": "", "filerName": "Neverloose Properties & Investment Pvt Ltd", "filerRelation": "Promoter", "moneyText": "", "startDate": "2019-03-18", "ownership": "D"}, {"maxAge": 1, "shares": 100, "filerUrl": "", "transactionText": "", "filerName": "Neverloose Properties & Investment Pvt Ltd", "filerRelation": "Promoter", "moneyText": "", "startDate": "2019-01-31", "ownership": "D"}, {"maxAge": 1, "shares": 2500, "filerUrl": "", "transactionText": "", "filerName": "Neverloose Properties & Investment Pvt Ltd", "filerRelation": "Promoter", "moneyText": "", "startDate": "2019-01-23", "ownership": "D"}, {"maxAge": 1, "shares": 3500, "filerUrl": "", "transactionText": "", "filerName": "Neverloose Properties & Investment Pvt Ltd", "filerRelation": "Promoter", "moneyText": "", "startDate": "2019-01-17", "ownership": "D"}, {"maxAge": 1, "shares": 4000, "filerUrl": "", "transactionText": "", "filerName": "Neverloose Properties & Investment Pvt Ltd", "filerRelation": "Promoter", "moneyText": "", "startDate": "2019-01-09", "ownership": "D"}, {"maxAge": 1, "shares": 4800, "filerUrl": "", "transactionText": "", "filerName": "Neverloose Properties & Investment Pvt Ltd", "filerRelation": "Promoter", "moneyText": "", "startDate": "2019-01-08", "ownership": "D"}, {"maxAge": 1, "shares": 5000, "filerUrl": "", "transactionText": "", "filerName": "Neverloose Properties & Investment Pvt Ltd", "filerRelation": "Promoter", "moneyText": "", "startDate": "2019-01-07", "ownership": "D"}, {"maxAge": 1, "shares": 171519, "filerUrl": "", "transactionText": "", "filerName": "Neverloose Properties & Investment Pvt Ltd", "filerRelation": "Promoter", "moneyText": "", "startDate": "2019-01-04", "ownership": "D"}, {"maxAge": 1, "shares": 3550, "filerUrl": "", "transactionText": "", "filerName": "Neverloose Properties & Investment Pvt Ltd", "filerRelation": "Institution- Corporation", "moneyText": "", "startDate": "2010-03-10", "ownership": "D"}], "maxAge": 1}, "quoteType": {"exchange": "BSE", "quoteType": "EQUITY", "symbol": "GOLKUNDIA.BO", "underlyingSymbol": "GOLKUNDIA.BO", "shortName": "GOLKUNDA DIAMONDS & JEWELLERY", "longName": "Golkunda Diamonds &amp; Jewellery Limited", "firstTradeDateEpochUtc": "2002-01-10 09:15:00", "timeZoneFullName": "Asia/Kolkata", "timeZoneShortName": "IST", "uuid": "cb18d531-fbd2-3fe6-91f1-7315c4fd7b32", "gmtOffSetMilliseconds": 19800000, "maxAge": 1}, "incomeStatementHistory": {"incomeStatementHistory": [{"maxAge": 1, "endDate": "2020-03-31", "totalRevenue": 1327449964, "costOfRevenue": 1184302942, "grossProfit": 143147022, "researchDevelopment": {}, "sellingGeneralAdministrative": 57185005, "nonRecurring": {}, "otherOperatingExpenses": 37763415, "totalOperatingExpenses": 1283372564, "operatingIncome": 44077400, "totalOtherIncomeExpenseNet": -13430654, "ebit": 44077400, "interestExpense": -12564859, "incomeBeforeTax": 30646746, "incomeTaxExpense": 8814448, "minorityInterest": {}, "netIncomeFromContinuingOps": 21832298, "discontinuedOperations": {}, "extraordinaryItems": {}, "effectOfAccountingCharges": {}, "otherItems": {}, "netIncome": 21832298, "netIncomeApplicableToCommonShares": 21832298}, {"maxAge": 1, "endDate": "2019-03-31", "totalRevenue": 1089106718, "costOfRevenue": 955779300, "grossProfit": 133327418, "researchDevelopment": {}, "sellingGeneralAdministrative": 56193199, "nonRecurring": {}, "otherOperatingExpenses": 33107145, "totalOperatingExpenses": 1048641466, "operatingIncome": 40465252, "totalOtherIncomeExpenseNet": -20899621, "ebit": 40465252, "interestExpense": -19811383, "incomeBeforeTax": 19565631, "incomeTaxExpense": 6085197, "minorityInterest": {}, "netIncomeFromContinuingOps": 13480434, "discontinuedOperations": {}, "extraordinaryItems": {}, "effectOfAccountingCharges": {}, "otherItems": {}, "netIncome": 13480434, "netIncomeApplicableToCommonShares": 13480434}, {"maxAge": 1, "endDate": "2018-03-31", "totalRevenue": 858148049, "costOfRevenue": 746307704, "grossProfit": 111840345, "researchDevelopment": {}, "sellingGeneralAdministrative": 43724072, "nonRecurring": {}, "otherOperatingExpenses": 26765805, "totalOperatingExpenses": 820021441, "operatingIncome": 38126608, "totalOtherIncomeExpenseNet": -25215121, "ebit": 38126608, "interestExpense": -21449689, "incomeBeforeTax": 12911487, "incomeTaxExpense": 4310839, "minorityInterest": {}, "netIncomeFromContinuingOps": 8600648, "discontinuedOperations": {}, "extraordinaryItems": {}, "effectOfAccountingCharges": {}, "otherItems": {}, "netIncome": 8600648, "netIncomeApplicableToCommonShares": 8600648}, {"maxAge": 1, "endDate": "2017-03-31", "totalRevenue": 837490763, "costOfRevenue": 745015008, "grossProfit": 92475755, "researchDevelopment": {}, "sellingGeneralAdministrative": 31243124, "nonRecurring": {}, "otherOperatingExpenses": 22701337, "totalOperatingExpenses": 801840617, "operatingIncome": 35650146, "totalOtherIncomeExpenseNet": -22991997, "ebit": 35650146, "interestExpense": -18168843, "incomeBeforeTax": 12658149, "incomeTaxExpense": 4350091, "minorityInterest": {}, "netIncomeFromContinuingOps": 8308058, "discontinuedOperations": {}, "extraordinaryItems": {}, "effectOfAccountingCharges": {}, "otherItems": {}, "netIncome": 8308058, "netIncomeApplicableToCommonShares": 8308058}], "maxAge": 86400}, "fundOwnership": {"ownershipList": [], "maxAge": 1}, "summaryDetail": {"maxAge": 1, "priceHint": 2, "previousClose": 18.2, "open": 17.85, "dayLow": 17.55, "dayHigh": 18.2, "regularMarketPreviousClose": 18.2, "regularMarketOpen": 17.85, "regularMarketDayLow": 17.55, "regularMarketDayHigh": 18.2, "trailingPE": 7.7711363, "volume": 483, "regularMarketVolume": 483, "averageVolume": 1198, "averageVolume10days": 849, "averageDailyVolume10Day": 849, "bid": 17.55, "ask": 18.2, "bidSize": 0, "askSize": 0, "marketCap": 126746264, "fiftyTwoWeekLow": 13.1, "fiftyTwoWeekHigh": 21.9, "fiftyDayAverage": 18.833334, "twoHundredDayAverage": 18.05544, "trailingAnnualDividendRate": 1.0, "trailingAnnualDividendYield": 0.05494505, "currency": "INR", "fromCurrency": null, "lastMarket": null, "algorithm": null, "tradeable": false}, "incomeStatementHistoryQuarterly": {"incomeStatementHistory": [{"maxAge": 1, "endDate": "2020-06-30", "totalRevenue": 89544000, "costOfRevenue": 75398000, "grossProfit": 14146000, "researchDevelopment": {}, "sellingGeneralAdministrative": 8461000, "nonRecurring": {}, "otherOperatingExpenses": 4500000, "totalOperatingExpenses": 89458000, "operatingIncome": 86000, "totalOtherIncomeExpenseNet": -2583000, "ebit": 86000, "interestExpense": -3471000, "incomeBeforeTax": -2497000, "incomeTaxExpense": 0, "minorityInterest": {}, "netIncomeFromContinuingOps": -2497000, "discontinuedOperations": {}, "extraordinaryItems": {}, "effectOfAccountingCharges": {}, "otherItems": {}, "netIncome": -2497000, "netIncomeApplicableToCommonShares": -2497000}, {"maxAge": 1, "endDate": "2020-03-31", "totalRevenue": 328510964, "costOfRevenue": 297472942, "grossProfit": 31038022, "researchDevelopment": {}, "sellingGeneralAdministrative": 19863005, "nonRecurring": {}, "otherOperatingExpenses": 1436415, "totalOperatingExpenses": 319896564, "operatingIncome": 8614400, "totalOtherIncomeExpenseNet": -2711654, "ebit": 8614400, "interestExpense": -1755859, "incomeBeforeTax": 5902746, "incomeTaxExpense": 1914448, "minorityInterest": {}, "netIncomeFromContinuingOps": 3988298, "discontinuedOperations": {}, "extraordinaryItems": {}, "effectOfAccountingCharges": {}, "otherItems": {}, "netIncome": 3988298, "netIncomeApplicableToCommonShares": 3988298}, {"maxAge": 1, "endDate": "2019-12-31", "totalRevenue": 405590000, "costOfRevenue": 359474000, "grossProfit": 46116000, "researchDevelopment": {}, "sellingGeneralAdministrative": 12434000, "nonRecurring": {}, "otherOperatingExpenses": 14338000, "totalOperatingExpenses": 387291000, "operatingIncome": 18299000, "totalOtherIncomeExpenseNet": -4450000, "ebit": 18299000, "interestExpense": -4450000, "incomeBeforeTax": 13849000, "incomeTaxExpense": 3900000, "minorityInterest": {}, "netIncomeFromContinuingOps": 9949000, "discontinuedOperations": {}, "extraordinaryItems": {}, "effectOfAccountingCharges": {}, "otherItems": {}, "netIncome": 9949000, "netIncomeApplicableToCommonShares": 9949000}, {"maxAge": 1, "endDate": "2019-09-30", "totalRevenue": 231381000, "costOfRevenue": 196809000, "grossProfit": 34572000, "researchDevelopment": {}, "sellingGeneralAdministrative": 13945000, "nonRecurring": {}, "otherOperatingExpenses": 9904000, "totalOperatingExpenses": 221652000, "operatingIncome": 9729000, "totalOtherIncomeExpenseNet": -2895000, "ebit": 9729000, "interestExpense": -2985000, "incomeBeforeTax": 6834000, "incomeTaxExpense": 1900000, "minorityInterest": {}, "netIncomeFromContinuingOps": 4934000, "discontinuedOperations": {}, "extraordinaryItems": {}, "effectOfAccountingCharges": {}, "otherItems": {}, "netIncome": 4934000, "netIncomeApplicableToCommonShares": 4934000}], "maxAge": 86400}, "cashflowStatementHistoryQuarterly": {"cashflowStatements": [{"maxAge": 1, "endDate": "2020-06-30", "netIncome": -2497000, "changeToLiabilities": 0}, {"maxAge": 1, "endDate": "2020-03-31", "netIncome": 3988298, "changeToLiabilities": 0}, {"maxAge": 1, "endDate": "2019-12-31", "netIncome": 9949000, "changeToLiabilities": 0}, {"maxAge": 1, "endDate": "2019-09-30", "netIncome": 4934000, "changeToLiabilities": 0}], "maxAge": 86400}, "insiderHolders": {"holders": [{"maxAge": 1, "name": "Neverloose Properties & Investment Pvt Ltd", "relation": "Promoter", "url": "", "transactionDescription": "Sale", "latestTransDate": "2019-03-28", "positionDirect": 3752543, "positionDirectDate": "2019-03-28"}], "maxAge": 1}, "calendarEvents": {"maxAge": 1, "earnings": {"earningsDate": []}}, "upgradeDowngradeHistory": {"history": [], "maxAge": 86400}, "price": {"maxAge": 1, "regularMarketChangePercent": 0.0, "regularMarketChange": 0.0, "regularMarketTime": "2021-04-30 15:29:25", "priceHint": 2, "regularMarketPrice": 18.2, "regularMarketDayHigh": 18.2, "regularMarketDayLow": 17.55, "regularMarketVolume": 483, "averageDailyVolume10Day": 849, "averageDailyVolume3Month": 1198, "regularMarketPreviousClose": 18.2, "regularMarketSource": "FREE_REALTIME", "regularMarketOpen": 17.85, "exchange": "BSE", "exchangeName": "BSE", "exchangeDataDelayedBy": 0, "marketState": "CLOSED", "quoteType": "EQUITY", "symbol": "GOLKUNDIA.BO", "underlyingSymbol": null, "shortName": "GOLKUNDA DIAMONDS & JEWELLERY", "longName": "Golkunda Diamonds &amp; Jewellery Limited", "currency": "INR", "quoteSourceName": "Delayed Quote", "currencySymbol": "\u20b9", "fromCurrency": null, "lastMarket": null, "marketCap": 126746264}, "balanceSheetHistory": {"balanceSheetStatements": [{"maxAge": 1, "endDate": "2020-03-31", "cash": 5364975, "shortTermInvestments": -6100657, "netReceivables": 344067297, "inventory": 192888097, "otherCurrentAssets": 71767869, "totalCurrentAssets": 611934383, "longTermInvestments": 5058160, "propertyPlantEquipment": 33335861, "intangibleAssets": 246675, "otherAssets": 3276507, "deferredLongTermAssetCharges": 3276507, "totalAssets": 653851586, "accountsPayable": 61000381, "otherCurrentLiab": 11786609, "longTermDebt": 146581, "otherLiab": 7557554, "totalCurrentLiabilities": 365890302, "totalLiab": 373594437, "commonStock": 69640800, "retainedEarnings": 207816349, "capitalSurplus": 2800000, "totalStockholderEquity": 280257149, "netTangibleAssets": 280010474}, {"maxAge": 1, "endDate": "2019-03-31", "cash": 4954903, "shortTermInvestments": 687500, "netReceivables": 388325652, "inventory": 151100204, "otherCurrentAssets": 61472223, "totalCurrentAssets": 609955790, "longTermInvestments": 9165465, "propertyPlantEquipment": 28075900, "intangibleAssets": 340169, "otherAssets": 1545269, "deferredLongTermAssetCharges": 1545269, "totalAssets": 649082593, "accountsPayable": 56716619, "otherCurrentLiab": 10881532, "longTermDebt": 482557, "otherLiab": 6167167, "totalCurrentLiabilities": 371983652, "totalLiab": 378633376, "commonStock": 69640800, "retainedEarnings": 198008417, "treasuryStock": 200808000, "capitalSurplus": 2800000, "otherStockholderEquity": 200808000, "totalStockholderEquity": 270449217, "netTangibleAssets": 270109048}, {"maxAge": 1, "endDate": "2018-03-31", "cash": 10668735, "shortTermInvestments": 110239, "netReceivables": 432356577, "inventory": 149405532, "otherCurrentAssets": 47457435, "totalCurrentAssets": 644767202, "longTermInvestments": 4519424, "propertyPlantEquipment": 24605621, "otherAssets": 785281, "deferredLongTermAssetCharges": 785281, "totalAssets": 674677528, "accountsPayable": 59048571, "otherCurrentLiab": 8428246, "longTermDebt": 1006953, "otherLiab": 7717851, "totalCurrentLiabilities": 409406387, "totalLiab": 418131191, "commonStock": 69640800, "retainedEarnings": 184105537, "capitalSurplus": 2800000, "totalStockholderEquity": 256546337, "netTangibleAssets": 256546337}, {"maxAge": 1, "endDate": "2017-03-31", "cash": 9388725, "netReceivables": 407879560, "inventory": 173822687, "otherCurrentAssets": 39844437, "totalCurrentAssets": 636070233, "longTermInvestments": 12389656, "propertyPlantEquipment": 26610485, "intangibleAssets": 6959, "otherAssets": 304287, "deferredLongTermAssetCharges": 304287, "totalAssets": 675381620, "accountsPayable": 59594163, "otherCurrentLiab": 8795316, "longTermDebt": 1585134, "otherLiab": 6562338, "totalCurrentLiabilities": 416428619, "totalLiab": 424576091, "commonStock": 69640800, "retainedEarnings": 178364729, "capitalSurplus": 2800000, "totalStockholderEquity": 250805529, "netTangibleAssets": 250798570}], "maxAge": 86400}, "financialData": {"maxAge": 86400, "currentPrice": 18.2, "recommendationKey": "none", "grossProfits": 143147022, "financialCurrency": "INR"}}}