{"GOODYEAR.NS": {"assetProfile": {"address1": "ABW Elegance Tower", "address2": "1st Floor Plot No. 8 Commercial Centre Jasola", "city": "New Delhi", "zip": "110025", "country": "India", "phone": "91 11 4747 2727", "fax": "91 11 4747 2715", "website": "http://www.goodyear.co.in", "industry": "Auto Parts", "sector": "Consumer Cyclical", "longBusinessSummary": "Goodyear India Limited engages in the manufacturing and trading of tires, tubes, and flaps under the Goodyear brand in India. The company offers automotive tires, such as farm and commercial truck tires, as well as passenger radial tires. It supplies tires to original equipment manufacturers. The company was incorporated in 1922 and is based in New Delhi, India. Goodyear India Limited is a subsidiary of Goodyear Orient Company (Private) Limited.", "fullTimeEmployees": 933, "companyOfficers": [{"maxAge": 1, "name": "Mr. Mitesh  Mittal", "age": 42, "title": "Chief Financial Officer", "yearBorn": 1978, "fiscalYear": 2020, "totalPay": 21586000, "exercisedValue": 0, "unexercisedValue": 0}, {"maxAge": 1, "name": "Mr. Sandeep  Mahajan", "age": 56, "title": "Chairman & MD", "yearBorn": 1964, "fiscalYear": 2016, "exercisedValue": 0, "unexercisedValue": 0}, {"maxAge": 1, "name": "Ms. Sonali  Khanna", "title": "Head of Legal & Compliance and Company Sec.", "exercisedValue": 0, "unexercisedValue": 0}, {"maxAge": 1, "name": "Mr. Yashwant Singh Yadav", "age": 61, "title": "Director of HR & Corp. Affairs", "yearBorn": 1959, "fiscalYear": 2017, "exercisedValue": 0, "unexercisedValue": 0}, {"maxAge": 1, "name": "Randeep Singh Kanwar", "age": 45, "title": "Managing Director of Goodyear Indonesia", "yearBorn": 1975, "fiscalYear": 2016, "exercisedValue": 0, "unexercisedValue": 0}, {"maxAge": 1, "name": "Mr. P. K. Walia", "age": 58, "title": "VP of Consumer PBU", "yearBorn": 1962, "fiscalYear": 2016, "exercisedValue": 0, "unexercisedValue": 0}], "compensationAsOfEpochDate": "2020-12-31 05:30:00", "maxAge": 86400}, "cashflowStatementHistory": {"cashflowStatements": [{"maxAge": 1, "endDate": "2020-03-31", "netIncome": 888400000, "depreciation": 500700000, "changeToNetincome": -351900000, "changeToAccountReceivables": 230600000, "changeToLiabilities": -759500000, "changeToInventory": 174300000, "changeToOperatingActivities": -28500000, "totalCashFromOperatingActivities": 654400000, "capitalExpenditures": -617600000, "investments": -630000000, "otherCashflowsFromInvestingActivities": 286200000, "totalCashflowsFromInvestingActivities": -961400000, "dividendsPaid": -301300000, "netBorrowings": -44400000, "otherCashflowsFromFinancingActivities": -102300000, "totalCashFromFinancingActivities": -448000000, "changeInCash": -755000000}, {"maxAge": 1, "endDate": "2019-03-31", "netIncome": 1020700000, "depreciation": 410200000, "changeToNetincome": -284000000, "changeToAccountReceivables": -358800000, "changeToLiabilities": -353500000, "changeToInventory": 9900000, "changeToOperatingActivities": 121100000, "totalCashFromOperatingActivities": 565700000, "capitalExpenditures": -721900000, "investments": -630000000, "otherCashflowsFromInvestingActivities": 366300000, "totalCashflowsFromInvestingActivities": -355600000, "dividendsPaid": -299600000, "netBorrowings": -44400000, "otherCashflowsFromFinancingActivities": -89100000, "totalCashFromFinancingActivities": -388700000, "changeInCash": -178600000}, {"maxAge": 1, "endDate": "2018-03-31", "netIncome": 1299600000, "depreciation": 361300000, "changeToNetincome": -346500000, "changeToAccountReceivables": -514500000, "changeToLiabilities": 1159200000, "changeToInventory": 7900000, "changeToOperatingActivities": -144400000, "totalCashFromOperatingActivities": 1822800000, "capitalExpenditures": -507300000, "investments": -630000000, "otherCashflowsFromInvestingActivities": 286900000, "totalCashflowsFromInvestingActivities": -220400000, "dividendsPaid": -285800000, "netBorrowings": -44400000, "otherCashflowsFromFinancingActivities": -87000000, "totalCashFromFinancingActivities": -372800000, "changeInCash": 1229600000}, {"maxAge": 1, "endDate": "2017-03-31", "netIncome": 1273700000, "depreciation": 337300000, "changeToNetincome": -307200000, "changeToAccountReceivables": 19000000, "changeToLiabilities": 671100000, "changeToInventory": -415100000, "changeToOperatingActivities": 98800000, "totalCashFromOperatingActivities": 1677700000, "capitalExpenditures": -389200000, "investments": -630000000, "otherCashflowsFromInvestingActivities": 269400000, "totalCashflowsFromInvestingActivities": -115000000, "dividendsPaid": -274300000, "netBorrowings": -44400000, "otherCashflowsFromFinancingActivities": -91900000, "totalCashFromFinancingActivities": -366200000, "changeInCash": 1196500000}], "maxAge": 86400}, "institutionOwnership": {"ownershipList": [], "maxAge": 1}, "majorHoldersBreakdown": {"maxAge": 1, "insidersPercentHeld": 0.75509, "institutionsPercentHeld": 0.089779995, "institutionsFloatPercentHeld": 0.36659, "institutionsCount": 5}, "balanceSheetHistoryQuarterly": {"balanceSheetStatements": [{"maxAge": 1, "endDate": "2020-12-31", "totalStockholderEquity": 9302900000, "netTangibleAssets": 9300900000}, {"maxAge": 1, "endDate": "2020-09-30", "cash": 6665000000, "shortTermInvestments": 74900000, "netReceivables": 2298100000, "inventory": 965200000, "otherCurrentAssets": 75400000, "totalCurrentAssets": 10078600000, "longTermInvestments": 71300000, "propertyPlantEquipment": 3188700000, "intangibleAssets": 2000000, "otherAssets": 268600000, "totalAssets": 13609200000, "accountsPayable": 2824400000, "otherCurrentLiab": 1039800000, "otherLiab": 275200000, "totalCurrentLiabilities": 3910000000, "totalLiab": 4306300000, "commonStock": 230700000, "treasuryStock": 9072200000, "otherStockholderEquity": 9072200000, "totalStockholderEquity": 9302900000, "netTangibleAssets": 9300900000}, {"maxAge": 1, "endDate": "2020-06-30", "totalStockholderEquity": 9157400000, "netTangibleAssets": 9155200000}, {"maxAge": 1, "endDate": "2020-03-31", "cash": 2253600000, "shortTermInvestments": 3180000000, "netReceivables": 2375600000, "inventory": 1498200000, "otherCurrentAssets": 62600000, "totalCurrentAssets": 9408200000, "propertyPlantEquipment": 3301900000, "intangibleAssets": 2200000, "otherAssets": 355700000, "totalAssets": 13068000000, "accountsPayable": 2662600000, "otherCurrentLiab": 556900000, "otherLiab": 281900000, "totalCurrentLiabilities": 3521900000, "totalLiab": 3910600000, "commonStock": 230700000, "retainedEarnings": 8268100000, "treasuryStock": 27200000, "capitalSurplus": 631400000, "otherStockholderEquity": 27200000, "totalStockholderEquity": 9157400000, "netTangibleAssets": 9155200000}], "maxAge": 86400}, "indexTrend": {"maxAge": 1, "symbol": "SP5", "peRatio": 19.7411, "pegRatio": 1.34172, "estimates": [{"period": "0q", "growth": 0.549}, {"period": "+1q", "growth": 0.431}, {"period": "0y", "growth": 0.305}, {"period": "+1y", "growth": 0.109}, {"period": "+5y", "growth": 0.120865}, {"period": "-5y"}]}, "defaultKeyStatistics": {"maxAge": 1, "priceHint": 2, "enterpriseValue": 14216760320, "profitMargins": 0.06613, "floatShares": 5648504, "sharesOutstanding": 23066500, "heldPercentInsiders": 0.75509, "heldPercentInstitutions": 0.089779995, "beta": 1.038373, "category": null, "bookValue": 403.266, "priceToBook": 2.247524, "fundFamily": null, "legalType": null, "lastFiscalYearEnd": "2020-03-31 05:30:00", "nextFiscalYearEnd": "2022-03-31 05:30:00", "mostRecentQuarter": "2020-12-31 05:30:00", "earningsQuarterlyGrowth": 3.122, "netIncomeToCommon": 1057200000, "trailingEps": 45.829, "lastSplitFactor": null, "enterpriseToRevenue": 0.889, "enterpriseToEbitda": 8.35}, "summaryProfile": {"address1": "ABW Elegance Tower", "address2": "1st Floor Plot No. 8 Commercial Centre Jasola", "city": "New Delhi", "zip": "110025", "country": "India", "phone": "91 11 4747 2727", "fax": "91 11 4747 2715", "website": "http://www.goodyear.co.in", "industry": "Auto Parts", "sector": "Consumer Cyclical", "longBusinessSummary": "Goodyear India Limited engages in the manufacturing and trading of tires, tubes, and flaps under the Goodyear brand in India. The company offers automotive tires, such as farm and commercial truck tires, as well as passenger radial tires. It supplies tires to original equipment manufacturers. The company was incorporated in 1922 and is based in New Delhi, India. Goodyear India Limited is a subsidiary of Goodyear Orient Company (Private) Limited.", "fullTimeEmployees": 933, "companyOfficers": [], "maxAge": 86400}, "netSharePurchaseActivity": {"maxAge": 1, "period": "6m", "buyInfoCount": 0, "buyInfoShares": 0, "sellInfoCount": 0, "netInfoCount": 0, "netInfoShares": 0, "netPercentInsiderShares": 0.0, "totalInsiderShares": 17417220}, "quoteType": {"exchange": "NSI", "quoteType": "EQUITY", "symbol": "GOODYEAR.NS", "underlyingSymbol": "GOODYEAR.NS", "shortName": "GOODYEAR(INDIA)", "longName": "Goodyear India Limited", "firstTradeDateEpochUtc": "2020-10-07 09:15:00", "timeZoneFullName": "Asia/Kolkata", "timeZoneShortName": "IST", "uuid": "54f5da2a-a7ef-3352-ae65-d46bc402cf42", "gmtOffSetMilliseconds": 19800000, "maxAge": 1}, "incomeStatementHistory": {"incomeStatementHistory": [{"maxAge": 1, "endDate": "2020-03-31", "totalRevenue": 17469200000, "costOfRevenue": 12137600000, "grossProfit": 5331600000, "researchDevelopment": {}, "sellingGeneralAdministrative": 1544700000, "nonRecurring": {}, "otherOperatingExpenses": 2403000000, "totalOperatingExpenses": 16586300000, "operatingIncome": 882900000, "totalOtherIncomeExpenseNet": 285500000, "ebit": 882900000, "interestExpense": -39700000, "incomeBeforeTax": 1168400000, "incomeTaxExpense": 280000000, "minorityInterest": {}, "netIncomeFromContinuingOps": 888400000, "discontinuedOperations": {}, "extraordinaryItems": {}, "effectOfAccountingCharges": {}, "otherItems": {}, "netIncome": 888400000, "netIncomeApplicableToCommonShares": 888400000}, {"maxAge": 1, "endDate": "2019-03-31", "totalRevenue": 19129200000, "costOfRevenue": 13373700000, "grossProfit": 5755500000, "researchDevelopment": {}, "sellingGeneralAdministrative": 1688200000, "nonRecurring": {}, "otherOperatingExpenses": 2377600000, "totalOperatingExpenses": 17849800000, "operatingIncome": 1279400000, "totalOtherIncomeExpenseNet": 302000000, "ebit": 1279400000, "interestExpense": -30000000, "incomeBeforeTax": 1581400000, "incomeTaxExpense": 560700000, "minorityInterest": {}, "netIncomeFromContinuingOps": 1020700000, "discontinuedOperations": {}, "extraordinaryItems": {}, "effectOfAccountingCharges": {}, "otherItems": {}, "netIncome": 1020700000, "netIncomeApplicableToCommonShares": 1020700000}, {"maxAge": 1, "endDate": "2018-03-31", "totalRevenue": 16662200000, "costOfRevenue": 10909800000, "grossProfit": 5752400000, "researchDevelopment": {}, "sellingGeneralAdministrative": 1454300000, "nonRecurring": {}, "otherOperatingExpenses": 2241200000, "totalOperatingExpenses": 14966800000, "operatingIncome": 1695400000, "totalOtherIncomeExpenseNet": 297400000, "ebit": 1695400000, "interestExpense": -28900000, "incomeBeforeTax": 1992800000, "incomeTaxExpense": 693200000, "minorityInterest": {}, "netIncomeFromContinuingOps": 1299600000, "discontinuedOperations": {}, "extraordinaryItems": {}, "effectOfAccountingCharges": {}, "otherItems": {}, "netIncome": 1299600000, "netIncomeApplicableToCommonShares": 1299600000}, {"maxAge": 1, "endDate": "2017-03-31", "totalRevenue": 15136300000, "costOfRevenue": 9627700000, "grossProfit": 5508600000, "researchDevelopment": {}, "sellingGeneralAdministrative": 1414000000, "nonRecurring": {}, "otherOperatingExpenses": 2074800000, "totalOperatingExpenses": 13453900000, "operatingIncome": 1682400000, "totalOtherIncomeExpenseNet": 273700000, "ebit": 1682400000, "interestExpense": -33600000, "incomeBeforeTax": 1956100000, "incomeTaxExpense": 682400000, "minorityInterest": {}, "netIncomeFromContinuingOps": 1273700000, "discontinuedOperations": {}, "extraordinaryItems": {}, "effectOfAccountingCharges": {}, "otherItems": {}, "netIncome": 1273700000, "netIncomeApplicableToCommonShares": 1273700000}], "maxAge": 86400}, "fundOwnership": {"ownershipList": [], "maxAge": 1}, "summaryDetail": {"maxAge": 1, "priceHint": 2, "previousClose": 901.3, "open": 900.0, "dayLow": 891.0, "dayHigh": 934.95, "regularMarketPreviousClose": 901.3, "regularMarketOpen": 900.0, "regularMarketDayLow": 891.0, "regularMarketDayHigh": 934.95, "dividendRate": 93.0, "dividendYield": 0.103, "exDividendDate": "2020-12-14 05:30:00", "payoutRatio": 2.0292, "beta": 1.038373, "trailingPE": 19.77678, "volume": 13287, "regularMarketVolume": 13287, "averageVolume": 27373, "averageVolume10days": 9815, "averageDailyVolume10Day": 9815, "bid": 0.0, "ask": 0.0, "marketCap": 20929523712, "fiftyTwoWeekLow": 686.3, "fiftyTwoWeekHigh": 1208.0, "priceToSalesTrailing12Months": 1.3091835, "fiftyDayAverage": 945.64856, "twoHundredDayAverage": 914.10547, "currency": "INR", "fromCurrency": null, "lastMarket": null, "algorithm": null, "tradeable": false}, "incomeStatementHistoryQuarterly": {"incomeStatementHistory": [{"maxAge": 1, "endDate": "2020-12-31", "totalRevenue": 5143400000, "costOfRevenue": 3355900000, "grossProfit": 1787500000, "researchDevelopment": {}, "sellingGeneralAdministrative": 366600000, "nonRecurring": {}, "otherOperatingExpenses": 676800000, "totalOperatingExpenses": 4530300000, "operatingIncome": 613100000, "totalOtherIncomeExpenseNet": 45500000, "ebit": 613100000, "interestExpense": -9000000, "incomeBeforeTax": 658600000, "incomeTaxExpense": 168900000, "minorityInterest": {}, "netIncomeFromContinuingOps": 489700000, "discontinuedOperations": {}, "extraordinaryItems": {}, "effectOfAccountingCharges": {}, "otherItems": {}, "netIncome": 489700000, "netIncomeApplicableToCommonShares": 489700000}, {"maxAge": 1, "endDate": "2020-09-30", "totalRevenue": 4811000000, "costOfRevenue": 3035000000, "grossProfit": 1776000000, "researchDevelopment": {}, "sellingGeneralAdministrative": 367300000, "nonRecurring": {}, "otherOperatingExpenses": 674300000, "totalOperatingExpenses": 4208700000, "operatingIncome": 602300000, "totalOtherIncomeExpenseNet": 46600000, "ebit": 602300000, "interestExpense": -8700000, "incomeBeforeTax": 648900000, "incomeTaxExpense": 163300000, "minorityInterest": {}, "netIncomeFromContinuingOps": 485600000, "discontinuedOperations": {}, "extraordinaryItems": {}, "effectOfAccountingCharges": {}, "otherItems": {}, "netIncome": 485600000, "netIncomeApplicableToCommonShares": 485600000}, {"maxAge": 1, "endDate": "2020-06-30", "totalRevenue": 2269300000, "costOfRevenue": 1501700000, "grossProfit": 767600000, "researchDevelopment": {}, "sellingGeneralAdministrative": 300600000, "nonRecurring": {}, "otherOperatingExpenses": 452500000, "totalOperatingExpenses": 2385700000, "operatingIncome": -116400000, "totalOtherIncomeExpenseNet": 56400000, "ebit": -116400000, "interestExpense": -8100000, "incomeBeforeTax": -60000000, "incomeTaxExpense": -15100000, "minorityInterest": {}, "netIncomeFromContinuingOps": -44900000, "discontinuedOperations": {}, "extraordinaryItems": {}, "effectOfAccountingCharges": {}, "otherItems": {}, "netIncome": -44900000, "netIncomeApplicableToCommonShares": -44900000}, {"maxAge": 1, "endDate": "2020-03-31", "totalRevenue": 3763100000, "costOfRevenue": 2761800000, "grossProfit": 1001300000, "researchDevelopment": {}, "sellingGeneralAdministrative": 471900000, "nonRecurring": {}, "otherOperatingExpenses": 268900000, "totalOperatingExpenses": 3634700000, "operatingIncome": 128400000, "totalOtherIncomeExpenseNet": 44300000, "ebit": 128400000, "interestExpense": -9800000, "incomeBeforeTax": 172700000, "incomeTaxExpense": 45700000, "minorityInterest": {}, "netIncomeFromContinuingOps": 127000000, "discontinuedOperations": {}, "extraordinaryItems": {}, "effectOfAccountingCharges": {}, "otherItems": {}, "netIncome": 127000000, "netIncomeApplicableToCommonShares": 127000000}], "maxAge": 86400}, "cashflowStatementHistoryQuarterly": {"cashflowStatements": [{"maxAge": 1, "endDate": "2020-12-31", "netIncome": 489700000, "changeToLiabilities": 0}, {"maxAge": 1, "endDate": "2020-09-30", "netIncome": 485600000, "changeToLiabilities": 0}, {"maxAge": 1, "endDate": "2020-06-30", "netIncome": -44900000, "changeToLiabilities": 0}, {"maxAge": 1, "endDate": "2020-03-31", "netIncome": 127000000, "changeToLiabilities": 0}], "maxAge": 86400}, "insiderHolders": {"holders": [], "maxAge": 1}, "calendarEvents": {"maxAge": 1, "earnings": {"earningsDate": []}, "exDividendDate": "2020-12-14 05:30:00"}, "upgradeDowngradeHistory": {"history": [], "maxAge": 86400}, "price": {"maxAge": 1, "regularMarketChangePercent": 0.0056030042, "regularMarketChange": 5.049988, "regularMarketTime": "2021-04-30 15:29:40", "priceHint": 2, "regularMarketPrice": 906.35, "regularMarketDayHigh": 934.95, "regularMarketDayLow": 891.0, "regularMarketVolume": 13287, "averageDailyVolume10Day": 9815, "averageDailyVolume3Month": 27373, "regularMarketPreviousClose": 901.3, "regularMarketSource": "FREE_REALTIME", "regularMarketOpen": 900.0, "exchange": "NSI", "exchangeName": "NSE", "exchangeDataDelayedBy": 15, "marketState": "CLOSED", "quoteType": "EQUITY", "symbol": "GOODYEAR.NS", "underlyingSymbol": null, "shortName": "GOODYEAR(INDIA)", "longName": "Goodyear India Limited", "currency": "INR", "quoteSourceName": "Delayed Quote", "currencySymbol": "\u20b9", "fromCurrency": null, "lastMarket": null, "marketCap": 20929523712}, "balanceSheetHistory": {"balanceSheetStatements": [{"maxAge": 1, "endDate": "2020-03-31", "cash": 2253600000, "shortTermInvestments": 3180000000, "netReceivables": 2375600000, "inventory": 1498200000, "otherCurrentAssets": 62600000, "totalCurrentAssets": 9408200000, "propertyPlantEquipment": 3301900000, "intangibleAssets": 2200000, "otherAssets": 355700000, "totalAssets": 13068000000, "accountsPayable": 2662600000, "otherCurrentLiab": 556900000, "otherLiab": 281900000, "totalCurrentLiabilities": 3521900000, "totalLiab": 3910600000, "commonStock": 230700000, "retainedEarnings": 8268100000, "treasuryStock": 27200000, "capitalSurplus": 631400000, "otherStockholderEquity": 27200000, "totalStockholderEquity": 9157400000, "netTangibleAssets": 9155200000}, {"maxAge": 1, "endDate": "2019-03-31", "cash": 3008600000, "shortTermInvestments": 2550000000, "netReceivables": 2613700000, "inventory": 1672500000, "otherCurrentAssets": 73300000, "totalCurrentAssets": 9950600000, "propertyPlantEquipment": 3011800000, "intangibleAssets": 600000, "otherAssets": 342300000, "totalAssets": 13305300000, "accountsPayable": 3421500000, "otherCurrentLiab": 648000000, "otherLiab": 286200000, "totalCurrentLiabilities": 4347900000, "totalLiab": 4634100000, "commonStock": 230700000, "retainedEarnings": 7781900000, "treasuryStock": 27200000, "capitalSurplus": 631400000, "otherStockholderEquity": 27200000, "totalStockholderEquity": 8671200000, "netTangibleAssets": 8670600000}, {"maxAge": 1, "endDate": "2018-03-31", "cash": 3187200000, "shortTermInvestments": 2550000000, "netReceivables": 2389900000, "inventory": 1682400000, "otherCurrentAssets": 60100000, "totalCurrentAssets": 9899500000, "propertyPlantEquipment": 2723400000, "intangibleAssets": 600000, "otherAssets": 352200000, "totalAssets": 12975700000, "accountsPayable": 3782800000, "otherCurrentLiab": 583500000, "otherLiab": 299400000, "totalCurrentLiabilities": 4654400000, "totalLiab": 4953800000, "commonStock": 230700000, "retainedEarnings": 7132600000, "treasuryStock": 27200000, "capitalSurplus": 631400000, "otherStockholderEquity": 27200000, "totalStockholderEquity": 8021900000, "netTangibleAssets": 8021300000}, {"maxAge": 1, "endDate": "2017-03-31", "cash": 1957600000, "shortTermInvestments": 2550000000, "netReceivables": 1754800000, "inventory": 1690300000, "otherCurrentAssets": 72000000, "totalCurrentAssets": 8051300000, "propertyPlantEquipment": 2580100000, "intangibleAssets": 800000, "otherAssets": 263500000, "totalAssets": 10895700000, "accountsPayable": 2640400000, "otherCurrentLiab": 544100000, "otherLiab": 290000000, "totalCurrentLiabilities": 3534900000, "totalLiab": 3824900000, "commonStock": 230700000, "retainedEarnings": 6181500000, "treasuryStock": 27200000, "capitalSurplus": 631400000, "otherStockholderEquity": 27200000, "totalStockholderEquity": 7070800000, "netTangibleAssets": 7070000000}], "maxAge": 86400}, "financialData": {"maxAge": 86400, "currentPrice": 906.35, "recommendationKey": "none", "totalCash": 6739899904, "totalCashPerShare": 292.195, "ebitda": 1702599936, "totalDebt": 166900000, "totalRevenue": 15986700288, "debtToEquity": 1.794, "revenuePerShare": 693.093, "grossProfits": 5331600000, "earningsGrowth": 3.122, "revenueGrowth": 0.207, "grossMargins": 0.33355, "ebitdaMargins": 0.1065, "operatingMargins": 0.07677, "profitMargins": 0.06613, "financialCurrency": "INR"}}}