{"GOODRICKE.BO": {"recommendationTrend": {"trend": [{"period": "0m", "strongBuy": 0, "buy": 0, "hold": 0, "sell": 0, "strongSell": 0}, {"period": "-1m", "strongBuy": 0, "buy": 0, "hold": 0, "sell": 0, "strongSell": 0}, {"period": "-2m", "strongBuy": 0, "buy": 0, "hold": 0, "sell": 0, "strongSell": 0}, {"period": "-3m", "strongBuy": 0, "buy": 0, "hold": 0, "sell": 0, "strongSell": 0}], "maxAge": 86400}, "cashflowStatementHistory": {"cashflowStatements": [{"maxAge": 1, "endDate": "2020-03-31", "netIncome": 163210000, "depreciation": 206010000, "changeToNetincome": 42770000, "changeToAccountReceivables": -41080000, "changeToLiabilities": -137730000, "changeToInventory": 170250000, "totalCashFromOperatingActivities": 403840000, "capitalExpenditures": -253130000, "investments": 70000, "otherCashflowsFromInvestingActivities": 1370000, "totalCashflowsFromInvestingActivities": -249770000, "dividendsPaid": -86670000, "netBorrowings": 221350000, "otherCashflowsFromFinancingActivities": -97200000, "totalCashFromFinancingActivities": 37480000, "changeInCash": 191540000}, {"maxAge": 1, "endDate": "2019-03-31", "netIncome": 94940000, "depreciation": 155100000, "changeToNetincome": 148540000, "changeToAccountReceivables": 182090000, "changeToLiabilities": -66380000, "changeToInventory": -117980000, "totalCashFromOperatingActivities": 396780000, "capitalExpenditures": -262920000, "investments": 120000, "otherCashflowsFromInvestingActivities": 1330000, "totalCashflowsFromInvestingActivities": -552360000, "dividendsPaid": -96210000, "netBorrowings": 336000000, "otherCashflowsFromFinancingActivities": -67300000, "totalCashFromFinancingActivities": 172490000, "changeInCash": 16910000}, {"maxAge": 1, "endDate": "2018-03-31", "netIncome": 317220000, "depreciation": 146560000, "changeToNetincome": 93180000, "changeToAccountReceivables": -559760000, "changeToLiabilities": 350610000, "changeToInventory": -112380000, "totalCashFromOperatingActivities": 235900000, "capitalExpenditures": -501070000, "investments": 145210000, "otherCashflowsFromInvestingActivities": -19220000, "totalCashflowsFromInvestingActivities": -370120000, "dividendsPaid": -97830000, "netBorrowings": 191000000, "otherCashflowsFromFinancingActivities": -37950000, "totalCashFromFinancingActivities": 55220000, "changeInCash": -79000000}, {"maxAge": 1, "endDate": "2017-03-31", "netIncome": 331320000, "depreciation": 136800000, "changeToNetincome": 71120000, "changeToAccountReceivables": -11330000, "changeToLiabilities": -99580000, "changeToInventory": 174850000, "totalCashFromOperatingActivities": 603180000, "capitalExpenditures": -278320000, "investments": -139840000, "otherCashflowsFromInvestingActivities": 19490000, "totalCashflowsFromInvestingActivities": -397740000, "dividendsPaid": -86160000, "netBorrowings": 191000000, "otherCashflowsFromFinancingActivities": -30970000, "totalCashFromFinancingActivities": -117130000, "changeInCash": 88310000}], "maxAge": 86400}, "institutionOwnership": {"maxAge": 1, "ownershipList": []}, "balanceSheetHistoryQuarterly": {"balanceSheetStatements": [{"maxAge": 1, "endDate": "2020-06-30", "totalStockholderEquity": 3010100000, "netTangibleAssets": 2794400000}, {"maxAge": 1, "endDate": "2020-03-31", "cash": 297080000, "netReceivables": 621580000, "inventory": 1376380000, "otherCurrentAssets": 284290000, "totalCurrentAssets": 2579330000, "propertyPlantEquipment": 3274880000, "goodWill": 12430000, "intangibleAssets": 203260000, "otherAssets": 132300000, "totalAssets": 6202200000, "accountsPayable": 1193070000, "shortLongTermDebt": 65000000, "otherCurrentLiab": 146790000, "longTermDebt": 318880000, "otherLiab": 737150000, "totalCurrentLiabilities": 2072600000, "totalLiab": 3192050000, "commonStock": 216000000, "retainedEarnings": 2777720000, "treasuryStock": 16430000, "otherStockholderEquity": 16430000, "totalStockholderEquity": 3010150000, "netTangibleAssets": 2794460000}, {"maxAge": 1, "endDate": "2019-12-31", "totalStockholderEquity": 3518000000, "netTangibleAssets": 3302100000}, {"maxAge": 1, "endDate": "2019-09-30", "cash": 201900000, "shortTermInvestments": 131200000, "netReceivables": 1065200000, "inventory": 2563100000, "otherCurrentAssets": 137900000, "totalCurrentAssets": 4099300000, "propertyPlantEquipment": 3232800000, "goodWill": 12400000, "intangibleAssets": 203500000, "otherAssets": 152600000, "totalAssets": 7700600000, "accountsPayable": 1554100000, "otherCurrentLiab": 217800000, "longTermDebt": 354500000, "otherLiab": 818600000, "totalCurrentLiabilities": 2935000000, "totalLiab": 4182600000, "commonStock": 216000000, "treasuryStock": 3302000000, "otherStockholderEquity": 3302000000, "totalStockholderEquity": 3518000000, "netTangibleAssets": 3302100000}], "maxAge": 86400}, "earningsHistory": {"history": [{"maxAge": 1, "epsActual": {}, "epsEstimate": {}, "epsDifference": {}, "surprisePercent": {}, "quarter": {}, "period": "-4q"}, {"maxAge": 1, "epsActual": {}, "epsEstimate": {}, "epsDifference": {}, "surprisePercent": {}, "quarter": {}, "period": "-3q"}, {"maxAge": 1, "epsActual": {}, "epsEstimate": {}, "epsDifference": {}, "surprisePercent": {}, "quarter": {}, "period": "-2q"}, {"maxAge": 1, "epsActual": {}, "epsEstimate": {}, "epsDifference": {}, "surprisePercent": {}, "quarter": {}, "period": "-1q"}], "maxAge": 86400}, "indexTrend": {"maxAge": 1, "symbol": "SP5", "peRatio": 19.7411, "pegRatio": 1.34172, "estimates": [{"period": "0q", "growth": 0.549}, {"period": "+1q", "growth": 0.431}, {"period": "0y", "growth": 0.305}, {"period": "+1y", "growth": 0.109}, {"period": "+5y", "growth": 0.120859005}, {"period": "-5y"}]}, "industryTrend": {"maxAge": 1, "symbol": null, "estimates": []}, "quoteType": {"exchange": "BSE", "quoteType": "EQUITY", "symbol": "GOODRICKE.BO", "underlyingSymbol": "GOODRICKE.BO", "shortName": "GOODRICKE GROUP LTD.", "longName": "Goodricke Group Limited", "firstTradeDateEpochUtc": "2000-01-03 09:15:00", "timeZoneFullName": "Asia/Kolkata", "timeZoneShortName": "IST", "uuid": "42633f54-232a-3a8b-a246-20e2cd42a9a5", "messageBoardId": null, "gmtOffSetMilliseconds": 19800000, "maxAge": 1}, "incomeStatementHistory": {"incomeStatementHistory": [{"maxAge": 1, "endDate": "2020-03-31", "totalRevenue": 7913530000, "costOfRevenue": 2855900000, "grossProfit": 5057630000, "researchDevelopment": {}, "sellingGeneralAdministrative": 2953250000, "nonRecurring": {}, "otherOperatingExpenses": 1717760000, "totalOperatingExpenses": 7733330000, "operatingIncome": 180200000, "totalOtherIncomeExpenseNet": -53270000, "ebit": 180200000, "interestExpense": -92010000, "incomeBeforeTax": 126930000, "incomeTaxExpense": -36280000, "minorityInterest": {}, "netIncomeFromContinuingOps": 163210000, "discontinuedOperations": {}, "extraordinaryItems": {}, "effectOfAccountingCharges": {}, "otherItems": {}, "netIncome": 163210000, "netIncomeApplicableToCommonShares": 163210000}, {"maxAge": 1, "endDate": "2019-03-31", "totalRevenue": 7487880000, "costOfRevenue": 2756340000, "grossProfit": 4731540000, "researchDevelopment": {}, "sellingGeneralAdministrative": 2680380000, "nonRecurring": {}, "otherOperatingExpenses": 1650510000, "totalOperatingExpenses": 7242800000, "operatingIncome": 245080000, "totalOtherIncomeExpenseNet": 11520000, "ebit": 245080000, "interestExpense": -48850000, "incomeBeforeTax": 256600000, "incomeTaxExpense": 161660000, "minorityInterest": {}, "netIncomeFromContinuingOps": 94940000, "discontinuedOperations": {}, "extraordinaryItems": {}, "effectOfAccountingCharges": {}, "otherItems": {}, "netIncome": 94940000, "netIncomeApplicableToCommonShares": 94940000}, {"maxAge": 1, "endDate": "2018-03-31", "totalRevenue": 7305740000, "costOfRevenue": 2685920000, "grossProfit": 4619820000, "researchDevelopment": {}, "sellingGeneralAdministrative": 2547360000, "nonRecurring": {}, "otherOperatingExpenses": 1459820000, "totalOperatingExpenses": 6840130000, "operatingIncome": 465610000, "totalOtherIncomeExpenseNet": 22940000, "ebit": 465610000, "interestExpense": -21240000, "incomeBeforeTax": 488550000, "incomeTaxExpense": 171330000, "minorityInterest": {}, "netIncomeFromContinuingOps": 317220000, "discontinuedOperations": {}, "extraordinaryItems": {}, "effectOfAccountingCharges": {}, "otherItems": {}, "netIncome": 317220000, "netIncomeApplicableToCommonShares": 317220000}, {"maxAge": 1, "endDate": "2017-03-31", "totalRevenue": 6787150000, "costOfRevenue": 2486920000, "grossProfit": 4300230000, "researchDevelopment": {}, "sellingGeneralAdministrative": 2284760000, "nonRecurring": {}, "otherOperatingExpenses": 1412440000, "totalOperatingExpenses": 6320920000, "operatingIncome": 466230000, "totalOtherIncomeExpenseNet": 22760000, "ebit": 466230000, "interestExpense": -13380000, "incomeBeforeTax": 488990000, "incomeTaxExpense": 157670000, "minorityInterest": {}, "netIncomeFromContinuingOps": 331320000, "discontinuedOperations": {}, "extraordinaryItems": {}, "effectOfAccountingCharges": {}, "otherItems": {}, "netIncome": 331320000, "netIncomeApplicableToCommonShares": 331320000}], "maxAge": 86400}, "fundOwnership": {"maxAge": 1, "ownershipList": []}, "summaryDetail": {"maxAge": 1, "priceHint": 2, "previousClose": 224.7, "open": 225.0, "dayLow": 220.3, "dayHigh": 235.0, "regularMarketPreviousClose": 224.7, "regularMarketOpen": 225.0, "regularMarketDayLow": 220.3, "regularMarketDayHigh": 235.0, "trailingPE": 18.427658, "volume": 22392, "regularMarketVolume": 22392, "averageVolume": 13832, "averageVolume10days": 8621, "averageDailyVolume10Day": 8621, "bid": 230.0, "ask": 232.45, "bidSize": 0, "askSize": 0, "marketCap": 4916160000, "fiftyTwoWeekLow": 90.0, "fiftyTwoWeekHigh": 322.7, "fiftyDayAverage": 253.48857, "twoHundredDayAverage": 272.91022, "trailingAnnualDividendRate": 4.0, "trailingAnnualDividendYield": 0.017801514, "currency": "INR", "fromCurrency": null, "toCurrency": null, "lastMarket": null, "algorithm": null, "tradeable": false}, "sectorTrend": {"maxAge": 1, "symbol": null, "estimates": []}, "incomeStatementHistoryQuarterly": {"incomeStatementHistory": [{"maxAge": 1, "endDate": "2020-06-30", "totalRevenue": 1412400000, "costOfRevenue": 359500000, "grossProfit": 1052900000, "researchDevelopment": {}, "sellingGeneralAdministrative": 672300000, "nonRecurring": {}, "otherOperatingExpenses": 149800000, "totalOperatingExpenses": 1232900000, "operatingIncome": 179500000, "totalOtherIncomeExpenseNet": -17800000, "ebit": 179500000, "interestExpense": -17800000, "incomeBeforeTax": 161700000, "incomeTaxExpense": 0, "minorityInterest": {}, "netIncomeFromContinuingOps": 161700000, "discontinuedOperations": {}, "extraordinaryItems": {}, "effectOfAccountingCharges": {}, "otherItems": {}, "netIncome": 161700000, "netIncomeApplicableToCommonShares": 161700000}, {"maxAge": 1, "endDate": "2020-03-31", "totalRevenue": 878930000, "costOfRevenue": -293600000, "grossProfit": 1172530000, "researchDevelopment": {}, "sellingGeneralAdministrative": 656750000, "nonRecurring": {}, "otherOperatingExpenses": 986760000, "totalOperatingExpenses": 1405630000, "operatingIncome": -526700000, "totalOtherIncomeExpenseNet": 21530000, "ebit": -526700000, "interestExpense": -17210000, "incomeBeforeTax": -505170000, "incomeTaxExpense": -36280000, "minorityInterest": {}, "netIncomeFromContinuingOps": -468890000, "discontinuedOperations": {}, "extraordinaryItems": {}, "effectOfAccountingCharges": {}, "otherItems": {}, "netIncome": -468890000, "netIncomeApplicableToCommonShares": -468890000}, {"maxAge": 1, "endDate": "2019-12-31", "totalRevenue": 2864800000, "costOfRevenue": 1807100000, "grossProfit": 1057700000, "researchDevelopment": {}, "sellingGeneralAdministrative": 707400000, "nonRecurring": {}, "otherOperatingExpenses": 258400000, "totalOperatingExpenses": 2824200000, "operatingIncome": 40600000, "totalOtherIncomeExpenseNet": -29200000, "ebit": 40600000, "interestExpense": -29200000, "incomeBeforeTax": 11400000, "incomeTaxExpense": 0, "minorityInterest": {}, "netIncomeFromContinuingOps": 11400000, "discontinuedOperations": {}, "extraordinaryItems": {}, "effectOfAccountingCharges": {}, "otherItems": {}, "netIncome": 11400000, "netIncomeApplicableToCommonShares": 11400000}, {"maxAge": 1, "endDate": "2019-09-30", "totalRevenue": 2481600000, "costOfRevenue": 770900000, "grossProfit": 1710700000, "researchDevelopment": {}, "sellingGeneralAdministrative": 788400000, "nonRecurring": {}, "otherOperatingExpenses": 285700000, "totalOperatingExpenses": 1894700000, "operatingIncome": 586900000, "totalOtherIncomeExpenseNet": -24600000, "ebit": 586900000, "interestExpense": -24600000, "incomeBeforeTax": 562300000, "incomeTaxExpense": 0, "minorityInterest": {}, "netIncomeFromContinuingOps": 562300000, "discontinuedOperations": {}, "extraordinaryItems": {}, "effectOfAccountingCharges": {}, "otherItems": {}, "netIncome": 562300000, "netIncomeApplicableToCommonShares": 562300000}], "maxAge": 86400}, "cashflowStatementHistoryQuarterly": {"cashflowStatements": [{"maxAge": 1, "endDate": "2020-06-30", "netIncome": 161700000, "changeToLiabilities": 0}, {"maxAge": 1, "endDate": "2020-03-31", "netIncome": -468890000, "changeToLiabilities": 0}, {"maxAge": 1, "endDate": "2019-12-31", "netIncome": 11400000, "changeToLiabilities": 0}, {"maxAge": 1, "endDate": "2019-09-30", "netIncome": 562300000, "changeToLiabilities": 0}], "maxAge": 86400}, "insiderHolders": {"holders": [], "maxAge": 1}, "earnings": {"maxAge": 86400, "earningsChart": {"quarterly": [], "earningsDate": []}, "financialsChart": {"yearly": [{"date": 2017, "revenue": 6787150000, "earnings": 331320000}, {"date": 2018, "revenue": 7305740000, "earnings": 317220000}, {"date": 2019, "revenue": 7487880000, "earnings": 94940000}, {"date": 2020, "revenue": 7913530000, "earnings": 163210000}], "quarterly": [{"date": "3Q2019", "revenue": 2481600000, "earnings": 562300000}, {"date": "4Q2019", "revenue": 2864800000, "earnings": 11400000}, {"date": "1Q2020", "revenue": 878930000, "earnings": -468890000}, {"date": "2Q2020", "revenue": 1412400000, "earnings": 161700000}]}, "financialCurrency": "INR"}, "calendarEvents": {"maxAge": 1, "earnings": {"earningsDate": []}}, "price": {"maxAge": 1, "regularMarketChangePercent": 0.012906138, "regularMarketChange": 2.9000092, "regularMarketTime": "2021-04-30 15:42:50", "priceHint": 2, "regularMarketPrice": 227.6, "regularMarketDayHigh": 235.0, "regularMarketDayLow": 220.3, "regularMarketVolume": 22392, "averageDailyVolume10Day": 8621, "averageDailyVolume3Month": 13832, "regularMarketPreviousClose": 224.7, "regularMarketSource": "FREE_REALTIME", "regularMarketOpen": 225.0, "exchange": "BSE", "exchangeName": "BSE", "exchangeDataDelayedBy": 0, "marketState": "CLOSED", "quoteType": "EQUITY", "symbol": "GOODRICKE.BO", "underlyingSymbol": null, "shortName": "GOODRICKE GROUP LTD.", "longName": "Goodricke Group Limited", "currency": "INR", "quoteSourceName": "Delayed Quote", "currencySymbol": "\u20b9", "fromCurrency": null, "toCurrency": null, "lastMarket": null, "marketCap": 4916160000}, "balanceSheetHistory": {"balanceSheetStatements": [{"maxAge": 1, "endDate": "2020-03-31", "cash": 297080000, "netReceivables": 621580000, "inventory": 1376380000, "otherCurrentAssets": 284290000, "totalCurrentAssets": 2579330000, "propertyPlantEquipment": 3274880000, "goodWill": 12430000, "intangibleAssets": 203260000, "otherAssets": 132300000, "totalAssets": 6202200000, "accountsPayable": 1193070000, "shortLongTermDebt": 65000000, "otherCurrentLiab": 146790000, "longTermDebt": 318880000, "otherLiab": 737150000, "totalCurrentLiabilities": 2072600000, "totalLiab": 3192050000, "commonStock": 216000000, "retainedEarnings": 2777720000, "treasuryStock": 16430000, "otherStockholderEquity": 16430000, "totalStockholderEquity": 3010150000, "netTangibleAssets": 2794460000}, {"maxAge": 1, "endDate": "2019-03-31", "cash": 107500000, "shortTermInvestments": 137500000, "netReceivables": 639110000, "inventory": 1581440000, "otherCurrentAssets": 227420000, "totalCurrentAssets": 2555470000, "propertyPlantEquipment": 3099250000, "goodWill": 12430000, "intangibleAssets": 203670000, "otherAssets": 114100000, "totalAssets": 5984920000, "accountsPayable": 1370610000, "shortLongTermDebt": 40000000, "otherCurrentLiab": 129480000, "longTermDebt": 387000000, "otherLiab": 820620000, "totalCurrentLiabilities": 1712750000, "totalLiab": 2920370000, "commonStock": 216000000, "retainedEarnings": 2832120000, "treasuryStock": 16430000, "otherStockholderEquity": 16430000, "totalStockholderEquity": 3064550000, "netTangibleAssets": 2848450000}, {"maxAge": 1, "endDate": "2018-03-31", "cash": 88620000, "netReceivables": 883440000, "inventory": 1454500000, "otherCurrentAssets": 198700000, "totalCurrentAssets": 2625260000, "propertyPlantEquipment": 2696450000, "intangibleAssets": 204140000, "otherAssets": 96470000, "totalAssets": 5622320000, "accountsPayable": 1413800000, "shortLongTermDebt": 49000000, "otherCurrentLiab": 130410000, "longTermDebt": 142000000, "otherLiab": 679780000, "totalCurrentLiabilities": 1732290000, "totalLiab": 2554070000, "commonStock": 216000000, "retainedEarnings": 2835820000, "treasuryStock": 16430000, "otherStockholderEquity": 16430000, "totalStockholderEquity": 3068250000, "netTangibleAssets": 2864110000}, {"maxAge": 1, "endDate": "2017-03-31", "cash": 167620000, "netReceivables": 341760000, "inventory": 1334860000, "otherCurrentAssets": 175190000, "totalCurrentAssets": 2162280000, "propertyPlantEquipment": 2536350000, "intangibleAssets": 1610000, "otherAssets": 114460000, "totalAssets": 4814700000, "accountsPayable": 971740000, "otherCurrentLiab": 202420000, "otherLiab": 612160000, "totalCurrentLiabilities": 1283710000, "totalLiab": 1895870000, "commonStock": 216000000, "retainedEarnings": 2686400000, "treasuryStock": 16430000, "otherStockholderEquity": 16430000, "totalStockholderEquity": 2918830000, "netTangibleAssets": 2917220000}], "maxAge": 86400}, "earningsTrend": {"trend": [{"maxAge": 1, "period": "0q", "endDate": null, "growth": {}, "earningsEstimate": {"avg": 0.0, "low": 0.0, "high": 0.0, "yearAgoEps": {}, "numberOfAnalysts": 0, "growth": {}}, "revenueEstimate": {"avg": 0, "low": 0, "high": 0, "numberOfAnalysts": 0, "yearAgoRevenue": {}, "growth": {}}, "epsTrend": {"current": 0.0, "7daysAgo": 0.0, "30daysAgo": 0.0, "60daysAgo": 0.0, "90daysAgo": 0.0}, "epsRevisions": {"upLast7days": 0, "upLast30days": 0, "downLast30days": 0, "downLast90days": {}}}, {"maxAge": 1, "period": "+1q", "endDate": null, "growth": {}, "earningsEstimate": {"avg": 0.0, "low": 0.0, "high": 0.0, "yearAgoEps": {}, "numberOfAnalysts": 0, "growth": {}}, "revenueEstimate": {"avg": 0, "low": 0, "high": 0, "numberOfAnalysts": 0, "yearAgoRevenue": {}, "growth": {}}, "epsTrend": {"current": 0.0, "7daysAgo": 0.0, "30daysAgo": 0.0, "60daysAgo": 0.0, "90daysAgo": 0.0}, "epsRevisions": {"upLast7days": 0, "upLast30days": 0, "downLast30days": 0, "downLast90days": {}}}, {"maxAge": 1, "period": "0y", "endDate": null, "growth": {}, "earningsEstimate": {"avg": 0.0, "low": 0.0, "high": 0.0, "yearAgoEps": {}, "numberOfAnalysts": 0, "growth": {}}, "revenueEstimate": {"avg": 0, "low": 0, "high": 0, "numberOfAnalysts": 0, "yearAgoRevenue": {}, "growth": {}}, "epsTrend": {"current": 0.0, "7daysAgo": 0.0, "30daysAgo": 0.0, "60daysAgo": 0.0, "90daysAgo": 0.0}, "epsRevisions": {"upLast7days": 0, "upLast30days": 0, "downLast30days": 0, "downLast90days": {}}}, {"maxAge": 1, "period": "+1y", "endDate": null, "growth": {}, "earningsEstimate": {"avg": 0.0, "low": 0.0, "high": 0.0, "yearAgoEps": {}, "numberOfAnalysts": 0, "growth": {}}, "revenueEstimate": {"avg": 0, "low": 0, "high": 0, "numberOfAnalysts": 0, "yearAgoRevenue": {}, "growth": {}}, "epsTrend": {"current": 0.0, "7daysAgo": 0.0, "30daysAgo": 0.0, "60daysAgo": 0.0, "90daysAgo": 0.0}, "epsRevisions": {"upLast7days": 0, "upLast30days": 0, "downLast30days": 0, "downLast90days": {}}}, {"maxAge": 1, "period": "+5y", "endDate": null, "growth": {}, "earningsEstimate": {"avg": {}, "low": {}, "high": {}, "yearAgoEps": {}, "numberOfAnalysts": {}, "growth": {}}, "revenueEstimate": {"avg": {}, "low": {}, "high": {}, "numberOfAnalysts": {}, "yearAgoRevenue": {}, "growth": {}}, "epsTrend": {"current": {}, "7daysAgo": {}, "30daysAgo": {}, "60daysAgo": {}, "90daysAgo": {}}, "epsRevisions": {"upLast7days": {}, "upLast30days": {}, "downLast30days": {}, "downLast90days": {}}}, {"maxAge": 1, "period": "-5y", "endDate": null, "growth": {}, "earningsEstimate": {"avg": {}, "low": {}, "high": {}, "yearAgoEps": {}, "numberOfAnalysts": {}, "growth": {}}, "revenueEstimate": {"avg": {}, "low": {}, "high": {}, "numberOfAnalysts": {}, "yearAgoRevenue": {}, "growth": {}}, "epsTrend": {"current": {}, "7daysAgo": {}, "30daysAgo": {}, "60daysAgo": {}, "90daysAgo": {}}, "epsRevisions": {"upLast7days": {}, "upLast30days": {}, "downLast30days": {}, "downLast90days": {}}}], "maxAge": 1}, "financialData": {"maxAge": 86400, "currentPrice": 227.6, "targetHighPrice": 158.0, "targetLowPrice": 158.0, "targetMeanPrice": 158.0, "targetMedianPrice": 158.0, "recommendationKey": "none", "numberOfAnalystOpinions": 1, "grossProfits": 5057630000, "financialCurrency": "INR"}}}