{"GORANIN.BO": {"cashflowStatementHistory": {"cashflowStatements": [{"maxAge": 1, "endDate": "2020-03-31", "netIncome": 6490674, "depreciation": 2867421, "changeToNetincome": 2213237, "changeToAccountReceivables": -23381781, "changeToLiabilities": 19638731, "changeToInventory": 6652165, "changeToOperatingActivities": 5616149, "totalCashFromOperatingActivities": 20096596, "capitalExpenditures": -5479759, "otherCashflowsFromInvestingActivities": 520333, "totalCashflowsFromInvestingActivities": -4959426, "netBorrowings": -15316504, "otherCashflowsFromFinancingActivities": -3635247, "totalCashFromFinancingActivities": -18951751, "changeInCash": -3814581}, {"maxAge": 1, "endDate": "2019-03-31", "netIncome": 5645537, "depreciation": 2421196, "changeToNetincome": 2536964, "changeToAccountReceivables": 10787030, "changeToLiabilities": -19435447, "changeToInventory": 11730546, "changeToOperatingActivities": -7686306, "totalCashFromOperatingActivities": 5999520, "capitalExpenditures": -8400558, "otherCashflowsFromInvestingActivities": 142780, "totalCashflowsFromInvestingActivities": -8257778, "netBorrowings": 8577837, "otherCashflowsFromFinancingActivities": 8888, "totalCashFromFinancingActivities": 9625725, "changeInCash": 7367467, "issuanceOfStock": 1039000}, {"maxAge": 1, "endDate": "2018-03-31", "netIncome": 7807391, "depreciation": 2135830, "changeToNetincome": 1416146, "changeToAccountReceivables": -32683539, "changeToLiabilities": 14323284, "changeToInventory": 6739784, "changeToOperatingActivities": 4207307, "totalCashFromOperatingActivities": 3984773, "capitalExpenditures": -688773, "otherCashflowsFromInvestingActivities": 10121, "totalCashflowsFromInvestingActivities": -678652, "netBorrowings": -2061579, "otherCashflowsFromFinancingActivities": -707172, "totalCashFromFinancingActivities": -2768751, "changeInCash": 537369, "issuanceOfStock": 1039000}, {"maxAge": 1, "endDate": "2017-03-31", "netIncome": 2640500, "depreciation": 2077722, "changeToNetincome": 489747, "changeToAccountReceivables": -7973567, "changeToLiabilities": -119272, "changeToInventory": 3477441, "changeToOperatingActivities": -593125, "totalCashFromOperatingActivities": 2952, "capitalExpenditures": -2800225, "otherCashflowsFromInvestingActivities": -24111, "totalCashflowsFromInvestingActivities": -2824336, "netBorrowings": -7759331, "otherCashflowsFromFinancingActivities": -127261, "totalCashFromFinancingActivities": -6206592, "changeInCash": -9027976, "issuanceOfStock": 1680000}], "maxAge": 86400}, "institutionOwnership": {"maxAge": 1, "ownershipList": []}, "balanceSheetHistoryQuarterly": {"balanceSheetStatements": [{"maxAge": 1, "endDate": "2020-06-30", "totalStockholderEquity": 51003175, "netTangibleAssets": 51003175}, {"maxAge": 1, "endDate": "2020-03-31", "cash": 5239061, "netReceivables": 60469469, "inventory": 30645608, "otherCurrentAssets": 2523333, "totalCurrentAssets": 99243970, "propertyPlantEquipment": 28561431, "otherAssets": 430620, "totalAssets": 128236021, "accountsPayable": 31912424, "shortLongTermDebt": 8876326, "otherCurrentLiab": 2392043, "longTermDebt": 978238, "otherLiab": 2362370, "totalCurrentLiabilities": 73892238, "totalLiab": 77232846, "commonStock": 48751000, "retainedEarnings": -648825, "treasuryStock": 2901000, "otherStockholderEquity": 2901000, "totalStockholderEquity": 51003175, "netTangibleAssets": 51003175}, {"maxAge": 1, "endDate": "2019-12-31", "totalStockholderEquity": 49034000, "netTangibleAssets": 49034000}, {"maxAge": 1, "endDate": "2019-09-30", "cash": 4684000, "netReceivables": 51867000, "inventory": 33671000, "otherCurrentAssets": 4729000, "totalCurrentAssets": 94951000, "propertyPlantEquipment": 29728000, "otherAssets": 430000, "totalAssets": 125109000, "accountsPayable": 33351000, "shortLongTermDebt": 29681000, "otherCurrentLiab": 9325000, "longTermDebt": 1478000, "otherLiab": 2240000, "totalCurrentLiabilities": 72357000, "totalLiab": 76075000, "commonStock": 48751000, "treasuryStock": 283000, "otherStockholderEquity": 283000, "totalStockholderEquity": 49034000, "netTangibleAssets": 49034000}], "maxAge": 86400}, "indexTrend": {"maxAge": 1, "symbol": "SP5", "peRatio": 19.7411, "pegRatio": 1.34172, "estimates": [{"period": "0q", "growth": 0.549}, {"period": "+1q", "growth": 0.431}, {"period": "0y", "growth": 0.305}, {"period": "+1y", "growth": 0.109}, {"period": "+5y", "growth": 0.120859005}, {"period": "-5y"}]}, "insiderTransactions": {"transactions": [{"maxAge": 1, "shares": 230000, "filerUrl": "", "transactionText": "", "filerName": "Gorani (Sanjay)", "filerRelation": "Promoter", "moneyText": "", "startDate": "2019-08-19", "ownership": "D"}, {"maxAge": 1, "shares": 4700, "filerUrl": "", "transactionText": "", "filerName": "Gorani (Anil)", "filerRelation": "UNREPORTED", "moneyText": "", "startDate": "2019-06-18", "ownership": "D"}, {"maxAge": 1, "shares": 9200, "filerUrl": "", "transactionText": "", "filerName": "Gorani (Anil)", "filerRelation": "Chairman of the Board", "moneyText": "", "startDate": "2019-02-16", "ownership": "D"}, {"maxAge": 1, "shares": 28000, "filerUrl": "", "transactionText": "", "filerName": "Gorani (Anil)", "filerRelation": "Chairman of the Board", "moneyText": "", "startDate": "2018-11-26", "ownership": "D"}], "maxAge": 1}, "quoteType": {"exchange": "BSE", "quoteType": "EQUITY", "symbol": "GORANIN.BO", "underlyingSymbol": "GORANIN.BO", "shortName": "GORANI INDUSTRIES LTD.", "longName": "Gorani Industries Limited", "firstTradeDateEpochUtc": "2010-04-07 09:15:00", "timeZoneFullName": "Asia/Kolkata", "timeZoneShortName": "IST", "uuid": "2e0ca7df-7be7-309d-a62d-d315006dfcf9", "messageBoardId": null, "gmtOffSetMilliseconds": 19800000, "maxAge": 1}, "incomeStatementHistory": {"incomeStatementHistory": [{"maxAge": 1, "endDate": "2020-03-31", "totalRevenue": 214311719, "costOfRevenue": 168156705, "grossProfit": 46155014, "researchDevelopment": {}, "sellingGeneralAdministrative": 20065114, "nonRecurring": {}, "otherOperatingExpenses": 11106641, "totalOperatingExpenses": 202195881, "operatingIncome": 12115838, "totalOtherIncomeExpenseNet": -3108079, "ebit": 12115838, "interestExpense": -1931534, "incomeBeforeTax": 9007759, "incomeTaxExpense": 2517085, "minorityInterest": {}, "netIncomeFromContinuingOps": 6490674, "discontinuedOperations": {}, "extraordinaryItems": {}, "effectOfAccountingCharges": {}, "otherItems": {}, "netIncome": 6490674, "netIncomeApplicableToCommonShares": 6490674}, {"maxAge": 1, "endDate": "2019-03-31", "totalRevenue": 204152957, "costOfRevenue": 164621137, "grossProfit": 39531820, "researchDevelopment": {}, "sellingGeneralAdministrative": 16508194, "nonRecurring": {}, "otherOperatingExpenses": 11375203, "totalOperatingExpenses": 194925730, "operatingIncome": 9227227, "totalOtherIncomeExpenseNet": -1011831, "ebit": 9227227, "interestExpense": -1601760, "incomeBeforeTax": 8215396, "incomeTaxExpense": 2569859, "minorityInterest": {}, "netIncomeFromContinuingOps": 5645537, "discontinuedOperations": {}, "extraordinaryItems": {}, "effectOfAccountingCharges": {}, "otherItems": {}, "netIncome": 5645537, "netIncomeApplicableToCommonShares": 5645537}, {"maxAge": 1, "endDate": "2018-03-31", "totalRevenue": 200857976, "costOfRevenue": 165270819, "grossProfit": 35587157, "researchDevelopment": {}, "sellingGeneralAdministrative": 15898685, "nonRecurring": {}, "otherOperatingExpenses": 9527874, "totalOperatingExpenses": 192833208, "operatingIncome": 8024768, "totalOtherIncomeExpenseNet": -217377, "ebit": 8024768, "interestExpense": -707172, "incomeBeforeTax": 7807391, "incomeTaxExpense": 0, "minorityInterest": {}, "netIncomeFromContinuingOps": 7807391, "discontinuedOperations": {}, "extraordinaryItems": {}, "effectOfAccountingCharges": {}, "otherItems": {}, "netIncome": 7807391, "netIncomeApplicableToCommonShares": 7807391}, {"maxAge": 1, "endDate": "2017-03-31", "totalRevenue": 73011482, "costOfRevenue": 46773219, "grossProfit": 26238263, "researchDevelopment": {}, "sellingGeneralAdministrative": 14540233, "nonRecurring": {}, "otherOperatingExpenses": 7325573, "totalOperatingExpenses": 70716747, "operatingIncome": 2294735, "totalOtherIncomeExpenseNet": 345765, "ebit": 2294735, "interestExpense": -117261, "incomeBeforeTax": 2640500, "incomeTaxExpense": 0, "minorityInterest": {}, "netIncomeFromContinuingOps": 2640500, "discontinuedOperations": {}, "extraordinaryItems": {}, "effectOfAccountingCharges": {}, "otherItems": {}, "netIncome": 2640500, "netIncomeApplicableToCommonShares": 2640500}], "maxAge": 86400}, "fundOwnership": {"maxAge": 1, "ownershipList": []}, "summaryDetail": {"maxAge": 1, "priceHint": 2, "previousClose": 21.95, "open": 23.0, "dayLow": 20.86, "dayHigh": 23.0, "regularMarketPreviousClose": 21.95, "regularMarketOpen": 23.0, "regularMarketDayLow": 20.86, "regularMarketDayHigh": 23.0, "trailingPE": 30.903704, "volume": 417, "regularMarketVolume": 417, "averageVolume": 1229, "averageVolume10days": 85, "averageDailyVolume10Day": 85, "bid": 0.0, "ask": 20.86, "bidSize": 0, "askSize": 0, "marketCap": 101694592, "fiftyTwoWeekLow": 10.45, "fiftyTwoWeekHigh": 23.0, "fiftyDayAverage": 13.7865715, "twoHundredDayAverage": 12.831168, "currency": "INR", "fromCurrency": null, "toCurrency": null, "lastMarket": null, "algorithm": null, "tradeable": false}, "incomeStatementHistoryQuarterly": {"incomeStatementHistory": [{"maxAge": 1, "endDate": "2020-06-30", "totalRevenue": 14918000, "costOfRevenue": 10308000, "grossProfit": 4610000, "researchDevelopment": {}, "sellingGeneralAdministrative": 2569000, "nonRecurring": {}, "otherOperatingExpenses": 2650000, "totalOperatingExpenses": 16290000, "operatingIncome": -1372000, "totalOtherIncomeExpenseNet": -637000, "ebit": -1372000, "interestExpense": -756000, "incomeBeforeTax": -2009000, "incomeTaxExpense": -536000, "minorityInterest": {}, "netIncomeFromContinuingOps": -1473000, "discontinuedOperations": {}, "extraordinaryItems": {}, "effectOfAccountingCharges": {}, "otherItems": {}, "netIncome": -1473000, "netIncomeApplicableToCommonShares": -1473000}, {"maxAge": 1, "endDate": "2020-03-31", "totalRevenue": 34449719, "costOfRevenue": 22815705, "grossProfit": 11634014, "researchDevelopment": {}, "sellingGeneralAdministrative": 6463114, "nonRecurring": {}, "otherOperatingExpenses": 1973641, "totalOperatingExpenses": 32191881, "operatingIncome": 2257838, "totalOtherIncomeExpenseNet": -1098079, "ebit": 2257838, "interestExpense": -18534, "incomeBeforeTax": 1159759, "incomeTaxExpense": 464085, "minorityInterest": {}, "netIncomeFromContinuingOps": 695674, "discontinuedOperations": {}, "extraordinaryItems": {}, "effectOfAccountingCharges": {}, "otherItems": {}, "netIncome": 695674, "netIncomeApplicableToCommonShares": 695674}, {"maxAge": 1, "endDate": "2019-12-31", "totalRevenue": 72322000, "costOfRevenue": 57939000, "grossProfit": 14383000, "researchDevelopment": {}, "sellingGeneralAdministrative": 5010000, "nonRecurring": {}, "otherOperatingExpenses": 4113000, "totalOperatingExpenses": 67770000, "operatingIncome": 4552000, "totalOtherIncomeExpenseNet": -1342000, "ebit": 4552000, "interestExpense": -1141000, "incomeBeforeTax": 3210000, "incomeTaxExpense": 845000, "minorityInterest": {}, "netIncomeFromContinuingOps": 2365000, "discontinuedOperations": {}, "extraordinaryItems": {}, "effectOfAccountingCharges": {}, "otherItems": {}, "netIncome": 2365000, "netIncomeApplicableToCommonShares": 2365000}, {"maxAge": 1, "endDate": "2019-09-30", "totalRevenue": 57158000, "costOfRevenue": 47017000, "grossProfit": 10141000, "researchDevelopment": {}, "sellingGeneralAdministrative": 4558000, "nonRecurring": {}, "otherOperatingExpenses": 2210000, "totalOperatingExpenses": 54399000, "operatingIncome": 2759000, "totalOtherIncomeExpenseNet": -454000, "ebit": 2759000, "interestExpense": -445000, "incomeBeforeTax": 2305000, "incomeTaxExpense": 602000, "minorityInterest": {}, "netIncomeFromContinuingOps": 1703000, "discontinuedOperations": {}, "extraordinaryItems": {}, "effectOfAccountingCharges": {}, "otherItems": {}, "netIncome": 1703000, "netIncomeApplicableToCommonShares": 1703000}], "maxAge": 86400}, "cashflowStatementHistoryQuarterly": {"cashflowStatements": [{"maxAge": 1, "endDate": "2020-06-30", "netIncome": -1473000, "changeToLiabilities": 0}, {"maxAge": 1, "endDate": "2020-03-31", "netIncome": 695674, "changeToLiabilities": 0}, {"maxAge": 1, "endDate": "2019-12-31", "netIncome": 2365000, "changeToLiabilities": 0}, {"maxAge": 1, "endDate": "2019-09-30", "netIncome": 1703000, "changeToLiabilities": 0}], "maxAge": 86400}, "insiderHolders": {"holders": [{"maxAge": 1, "name": "Gorani (Anil)", "relation": "UNREPORTED", "url": "", "transactionDescription": "Sale", "latestTransDate": "2019-06-18", "positionDirect": 553300, "positionDirectDate": "2019-06-18"}, {"maxAge": 1, "name": "Gorani (Sanjay)", "relation": "Promoter", "url": "", "transactionDescription": "Acquisition", "latestTransDate": "2019-08-19", "positionDirect": 879300, "positionDirectDate": "2019-08-19"}], "maxAge": 1}, "calendarEvents": {"maxAge": 1, "earnings": {"earningsDate": []}}, "price": {"maxAge": 1, "regularMarketChangePercent": -0.04965832, "regularMarketChange": -1.0900002, "regularMarketTime": "2021-04-30 14:15:00", "priceHint": 2, "regularMarketPrice": 20.86, "regularMarketDayHigh": 23.0, "regularMarketDayLow": 20.86, "regularMarketVolume": 417, "averageDailyVolume10Day": 85, "averageDailyVolume3Month": 1229, "regularMarketPreviousClose": 21.95, "regularMarketSource": "FREE_REALTIME", "regularMarketOpen": 23.0, "exchange": "BSE", "exchangeName": "BSE", "exchangeDataDelayedBy": 0, "marketState": "CLOSED", "quoteType": "EQUITY", "symbol": "GORANIN.BO", "underlyingSymbol": null, "shortName": "GORANI INDUSTRIES LTD.", "longName": "Gorani Industries Limited", "currency": "INR", "quoteSourceName": "Delayed Quote", "currencySymbol": "\u20b9", "fromCurrency": null, "toCurrency": null, "lastMarket": null, "marketCap": 101694592}, "balanceSheetHistory": {"balanceSheetStatements": [{"maxAge": 1, "endDate": "2020-03-31", "cash": 5239061, "netReceivables": 60469469, "inventory": 30645608, "otherCurrentAssets": 2523333, "totalCurrentAssets": 99243970, "propertyPlantEquipment": 28561431, "otherAssets": 430620, "totalAssets": 128236021, "accountsPayable": 31912424, "shortLongTermDebt": 8876326, "otherCurrentLiab": 2392043, "longTermDebt": 978238, "otherLiab": 2362370, "totalCurrentLiabilities": 73892238, "totalLiab": 77232846, "commonStock": 48751000, "retainedEarnings": -648825, "treasuryStock": 2901000, "otherStockholderEquity": 2901000, "totalStockholderEquity": 51003175, "netTangibleAssets": 51003175}, {"maxAge": 1, "endDate": "2019-03-31", "cash": 9053642, "netReceivables": 37786551, "inventory": 37297773, "otherCurrentAssets": 7871741, "totalCurrentAssets": 92126395, "propertyPlantEquipment": 26320212, "otherAssets": 431254, "totalAssets": 118877861, "accountsPayable": 16476561, "shortLongTermDebt": 30883429, "otherCurrentLiab": 1133767, "longTermDebt": 1954927, "otherLiab": 2239627, "totalCurrentLiabilities": 69077869, "totalLiab": 73272423, "commonStock": 48751000, "retainedEarnings": -6046562, "treasuryStock": 2901000, "otherStockholderEquity": 2901000, "totalStockholderEquity": 45605438, "netTangibleAssets": 45605438}, {"maxAge": 1, "endDate": "2018-03-31", "cash": 1686175, "netReceivables": 47874718, "inventory": 49028318, "otherCurrentAssets": 1898061, "totalCurrentAssets": 100627040, "propertyPlantEquipment": 20340851, "otherAssets": 460872, "totalAssets": 121428763, "accountsPayable": 36764908, "shortLongTermDebt": 29618037, "otherCurrentLiab": 4263656, "otherLiab": 362281, "totalCurrentLiabilities": 82759906, "totalLiab": 83122187, "commonStock": 50613000, "retainedEarnings": -12306424, "totalStockholderEquity": 38306576, "netTangibleAssets": 38306576}, {"maxAge": 1, "endDate": "2017-03-31", "cash": 1148806, "netReceivables": 15191179, "inventory": 55768102, "otherCurrentAssets": 2256758, "totalCurrentAssets": 74670829, "propertyPlantEquipment": 21787908, "otherAssets": 978339, "totalAssets": 97437076, "accountsPayable": 22745896, "shortLongTermDebt": 39577272, "otherCurrentLiab": 1073678, "otherLiab": 196676, "totalCurrentLiabilities": 67218738, "totalLiab": 67415414, "commonStock": 50613000, "retainedEarnings": -20591338, "totalStockholderEquity": 30021662, "netTangibleAssets": 30021662}], "maxAge": 86400}, "financialData": {"maxAge": 86400, "currentPrice": 20.86, "recommendationKey": "none", "grossProfits": 46155014, "financialCurrency": "INR"}}}