{"GOTHIPL.BO": {"cashflowStatementHistory": {"cashflowStatements": [{"maxAge": 1, "endDate": "2020-03-31", "netIncome": 18367654, "depreciation": 3152255, "changeToNetincome": 829726, "changeToLiabilities": 0, "changeToOperatingActivities": -6938269, "totalCashFromOperatingActivities": 15411366, "otherCashflowsFromInvestingActivities": 115303, "totalCashflowsFromInvestingActivities": -1186270, "dividendsPaid": -12297120, "totalCashFromFinancingActivities": -12297120, "changeInCash": 1927975}, {"maxAge": 1, "endDate": "2019-03-31", "netIncome": 21705401, "depreciation": 3043081, "changeToNetincome": -473477, "changeToLiabilities": 0, "changeToOperatingActivities": -30228807, "totalCashFromOperatingActivities": -5953802, "otherCashflowsFromInvestingActivities": 5875415, "totalCashflowsFromInvestingActivities": 4478983, "dividendsPaid": -12297120, "totalCashFromFinancingActivities": -12297120, "changeInCash": -1474819}, {"maxAge": 1, "endDate": "2018-03-31", "netIncome": 22159750, "depreciation": 2733527, "changeToNetincome": -2272017, "changeToLiabilities": 0, "changeToOperatingActivities": -24689919, "totalCashFromOperatingActivities": -2068659, "capitalExpenditures": -669398, "otherCashflowsFromInvestingActivities": 2265271, "totalCashflowsFromInvestingActivities": 1595873, "dividendsPaid": -12297120, "otherCashflowsFromFinancingActivities": 900000, "totalCashFromFinancingActivities": 900000, "changeInCash": 427214}, {"maxAge": 1, "endDate": "2017-03-31", "netIncome": 15264370, "depreciation": 2770424, "changeToNetincome": 972620, "changeToLiabilities": 0, "changeToOperatingActivities": -2039140, "totalCashFromOperatingActivities": 16968274, "capitalExpenditures": -1936125, "otherCashflowsFromInvestingActivities": 80920, "totalCashflowsFromInvestingActivities": -1813205, "dividendsPaid": -12297120, "netBorrowings": -15755000, "otherCashflowsFromFinancingActivities": 1732000, "totalCashFromFinancingActivities": -14023000, "changeInCash": 1132069}], "maxAge": 86400}, "institutionOwnership": {"maxAge": 1, "ownershipList": []}, "balanceSheetHistoryQuarterly": {"balanceSheetStatements": [{"maxAge": 1, "endDate": "2020-06-30", "totalStockholderEquity": 110685653, "netTangibleAssets": 110685653}, {"maxAge": 1, "endDate": "2020-03-31", "cash": 2103602, "otherCurrentAssets": 60357699, "totalCurrentAssets": 62461301, "propertyPlantEquipment": 70202049, "otherAssets": 45000, "totalAssets": 132708350, "otherCurrentLiab": 38678, "otherLiab": 21400824, "totalCurrentLiabilities": 621873, "totalLiab": 22022697, "commonStock": 102000000, "retainedEarnings": 8685653, "totalStockholderEquity": 110685653, "netTangibleAssets": 110685653}, {"maxAge": 1, "endDate": "2019-12-31", "totalStockholderEquity": 117377000, "netTangibleAssets": 117377000}, {"maxAge": 1, "endDate": "2019-09-30", "cash": 1198000, "netReceivables": 64435000, "otherCurrentAssets": 1842000, "totalCurrentAssets": 67475000, "propertyPlantEquipment": 71574000, "totalAssets": 139049000, "accountsPayable": 141000, "longTermDebt": 21060000, "totalCurrentLiabilities": 612000, "totalLiab": 21672000, "commonStock": 102000000, "retainedEarnings": 15377000, "totalStockholderEquity": 117377000, "netTangibleAssets": 117377000}], "maxAge": 86400}, "indexTrend": {"maxAge": 1, "symbol": "SP5", "peRatio": 19.7411, "pegRatio": 1.34172, "estimates": [{"period": "0q", "growth": 0.549}, {"period": "+1q", "growth": 0.431}, {"period": "0y", "growth": 0.305}, {"period": "+1y", "growth": 0.109}, {"period": "+5y", "growth": 0.120859005}, {"period": "-5y"}]}, "quoteType": {"exchange": "BSE", "quoteType": "EQUITY", "symbol": "GOTHIPL.BO", "underlyingSymbol": "GOTHIPL.BO", "shortName": "GOTHI PLASCON (INDIA) LTD.", "longName": "Gothi Plascon India Limited", "firstTradeDateEpochUtc": "2000-01-03 09:15:00", "timeZoneFullName": "Asia/Kolkata", "timeZoneShortName": "IST", "uuid": "0ff33602-b19e-364c-a5a3-8b3ccc0d71f0", "messageBoardId": null, "gmtOffSetMilliseconds": 19800000, "maxAge": 1}, "incomeStatementHistory": {"incomeStatementHistory": [{"maxAge": 1, "endDate": "2020-03-31", "totalRevenue": 38117305, "costOfRevenue": 759216, "grossProfit": 37358089, "researchDevelopment": {}, "sellingGeneralAdministrative": 4712901, "nonRecurring": {}, "otherOperatingExpenses": 4759457, "totalOperatingExpenses": 13383829, "operatingIncome": 24733476, "totalOtherIncomeExpenseNet": 115302, "ebit": 24733476, "interestExpense": {}, "incomeBeforeTax": 24848778, "incomeTaxExpense": 6481124, "minorityInterest": {}, "netIncomeFromContinuingOps": 18367654, "discontinuedOperations": {}, "extraordinaryItems": {}, "effectOfAccountingCharges": {}, "otherItems": {}, "netIncome": 18367654, "netIncomeApplicableToCommonShares": 18367654}, {"maxAge": 1, "endDate": "2019-03-31", "totalRevenue": 33776296, "costOfRevenue": 503144, "grossProfit": 33273152, "researchDevelopment": {}, "sellingGeneralAdministrative": 943600, "nonRecurring": {}, "otherOperatingExpenses": 2172235, "totalOperatingExpenses": 6662060, "operatingIncome": 27114236, "totalOtherIncomeExpenseNet": -6897, "ebit": 27114236, "interestExpense": -1481, "incomeBeforeTax": 27107339, "incomeTaxExpense": 5401938, "minorityInterest": {}, "netIncomeFromContinuingOps": 21705401, "discontinuedOperations": {}, "extraordinaryItems": {}, "effectOfAccountingCharges": {}, "otherItems": {}, "netIncome": 21705401, "netIncomeApplicableToCommonShares": 21705401}, {"maxAge": 1, "endDate": "2018-03-31", "totalRevenue": 25886060, "costOfRevenue": 282390, "grossProfit": 25603670, "researchDevelopment": {}, "sellingGeneralAdministrative": 821192, "nonRecurring": {}, "otherOperatingExpenses": 2154472, "totalOperatingExpenses": 5991581, "operatingIncome": 19894479, "totalOtherIncomeExpenseNet": 2265271, "ebit": 19894479, "interestExpense": -1481, "incomeBeforeTax": 22159750, "incomeTaxExpense": 0, "minorityInterest": {}, "netIncomeFromContinuingOps": 22159750, "discontinuedOperations": {}, "extraordinaryItems": {}, "effectOfAccountingCharges": {}, "otherItems": {}, "netIncome": 22159750, "netIncomeApplicableToCommonShares": 22159750}, {"maxAge": 1, "endDate": "2017-03-31", "totalRevenue": 22478220, "costOfRevenue": 178295, "grossProfit": 22299925, "researchDevelopment": {}, "sellingGeneralAdministrative": 1450140, "nonRecurring": {}, "otherOperatingExpenses": 1772094, "totalOperatingExpenses": 6170953, "operatingIncome": 16307267, "totalOtherIncomeExpenseNet": -975422, "ebit": 16307267, "interestExpense": -1028000, "incomeBeforeTax": 15331845, "incomeTaxExpense": 67475, "minorityInterest": {}, "netIncomeFromContinuingOps": 15264370, "discontinuedOperations": {}, "extraordinaryItems": {}, "effectOfAccountingCharges": {}, "otherItems": {}, "netIncome": 15264370, "netIncomeApplicableToCommonShares": 15264370}], "maxAge": 86400}, "fundOwnership": {"maxAge": 1, "ownershipList": []}, "summaryDetail": {"maxAge": 1, "priceHint": 2, "previousClose": 20.95, "open": 20.95, "dayLow": 19.95, "dayHigh": 20.95, "regularMarketPreviousClose": 20.95, "regularMarketOpen": 20.95, "regularMarketDayLow": 19.95, "regularMarketDayHigh": 20.95, "trailingPE": 12.76857, "volume": 600, "regularMarketVolume": 600, "averageVolume": 2374, "averageVolume10days": 2716, "averageDailyVolume10Day": 2716, "bid": 19.95, "ask": 20.95, "bidSize": 0, "askSize": 0, "marketCap": 212160000, "fiftyTwoWeekLow": 6.81, "fiftyTwoWeekHigh": 22.34, "fiftyDayAverage": 19.234, "twoHundredDayAverage": 14.602993, "trailingAnnualDividendRate": 1.0, "trailingAnnualDividendYield": 0.047732696, "currency": "INR", "fromCurrency": null, "toCurrency": null, "lastMarket": null, "algorithm": null, "tradeable": false}, "incomeStatementHistoryQuarterly": {"incomeStatementHistory": [{"maxAge": 1, "endDate": "2020-06-30", "totalRevenue": 7253000, "costOfRevenue": 308000, "grossProfit": 6945000, "researchDevelopment": {}, "sellingGeneralAdministrative": 1188000, "nonRecurring": {}, "otherOperatingExpenses": 154000, "totalOperatingExpenses": 2441000, "operatingIncome": 4812000, "totalOtherIncomeExpenseNet": -346000, "ebit": 4812000, "interestExpense": -1000, "incomeBeforeTax": 4466000, "incomeTaxExpense": 0, "minorityInterest": {}, "netIncomeFromContinuingOps": 4466000, "discontinuedOperations": {}, "extraordinaryItems": {}, "effectOfAccountingCharges": {}, "otherItems": {}, "netIncome": 4466000, "netIncomeApplicableToCommonShares": 4466000}, {"maxAge": 1, "endDate": "2020-03-31", "totalRevenue": 15950305, "costOfRevenue": -514784, "grossProfit": 16465089, "researchDevelopment": {}, "sellingGeneralAdministrative": 744901, "nonRecurring": {}, "otherOperatingExpenses": 3321457, "totalOperatingExpenses": 4342829, "operatingIncome": 11607476, "totalOtherIncomeExpenseNet": -5375698, "ebit": 11607476, "interestExpense": -1000, "incomeBeforeTax": 6231778, "incomeTaxExpense": 6481124, "minorityInterest": {}, "netIncomeFromContinuingOps": -249346, "discontinuedOperations": {}, "extraordinaryItems": {}, "effectOfAccountingCharges": {}, "otherItems": {}, "netIncome": -249346, "netIncomeApplicableToCommonShares": -249346}, {"maxAge": 1, "endDate": "2019-12-31", "totalRevenue": 7540000, "costOfRevenue": 538000, "grossProfit": 7002000, "researchDevelopment": {}, "sellingGeneralAdministrative": 1771000, "nonRecurring": {}, "otherOperatingExpenses": 608000, "totalOperatingExpenses": 3722000, "operatingIncome": 3818000, "totalOtherIncomeExpenseNet": 2037000, "ebit": 3818000, "interestExpense": -2000, "incomeBeforeTax": 5855000, "incomeTaxExpense": 0, "minorityInterest": {}, "netIncomeFromContinuingOps": 5855000, "discontinuedOperations": {}, "extraordinaryItems": {}, "effectOfAccountingCharges": {}, "otherItems": {}, "netIncome": 5855000, "netIncomeApplicableToCommonShares": 5855000}, {"maxAge": 1, "endDate": "2019-09-30", "totalRevenue": 7436000, "costOfRevenue": 155000, "grossProfit": 7281000, "researchDevelopment": {}, "sellingGeneralAdministrative": 1542000, "nonRecurring": {}, "otherOperatingExpenses": 421000, "totalOperatingExpenses": 2891000, "operatingIncome": 4545000, "totalOtherIncomeExpenseNet": 1958000, "ebit": 4545000, "interestExpense": -1000, "incomeBeforeTax": 6503000, "incomeTaxExpense": 0, "minorityInterest": {}, "netIncomeFromContinuingOps": 6503000, "discontinuedOperations": {}, "extraordinaryItems": {}, "effectOfAccountingCharges": {}, "otherItems": {}, "netIncome": 6503000, "netIncomeApplicableToCommonShares": 6503000}], "maxAge": 86400}, "cashflowStatementHistoryQuarterly": {"cashflowStatements": [{"maxAge": 1, "endDate": "2020-06-30", "netIncome": 4466000, "changeToLiabilities": 0}, {"maxAge": 1, "endDate": "2020-03-31", "netIncome": -249346, "changeToLiabilities": 0}, {"maxAge": 1, "endDate": "2019-12-31", "netIncome": 5855000, "changeToLiabilities": 0}, {"maxAge": 1, "endDate": "2019-09-30", "netIncome": 6503000, "changeToLiabilities": 0}], "maxAge": 86400}, "insiderHolders": {"holders": [], "maxAge": 1}, "calendarEvents": {"maxAge": 1, "earnings": {"earningsDate": []}}, "price": {"maxAge": 1, "regularMarketChangePercent": -0.0071599768, "regularMarketChange": -0.15000153, "regularMarketTime": "2021-04-30 15:25:37", "priceHint": 2, "regularMarketPrice": 20.8, "regularMarketDayHigh": 20.95, "regularMarketDayLow": 19.95, "regularMarketVolume": 600, "averageDailyVolume10Day": 2716, "averageDailyVolume3Month": 2374, "regularMarketPreviousClose": 20.95, "regularMarketSource": "FREE_REALTIME", "regularMarketOpen": 20.95, "exchange": "BSE", "exchangeName": "BSE", "exchangeDataDelayedBy": 0, "marketState": "CLOSED", "quoteType": "EQUITY", "symbol": "GOTHIPL.BO", "underlyingSymbol": null, "shortName": "GOTHI PLASCON (INDIA) LTD.", "longName": "Gothi Plascon India Limited", "currency": "INR", "quoteSourceName": "Delayed Quote", "currencySymbol": "\u20b9", "fromCurrency": null, "toCurrency": null, "lastMarket": null, "marketCap": 212160000}, "balanceSheetHistory": {"balanceSheetStatements": [{"maxAge": 1, "endDate": "2020-03-31", "cash": 2103602, "otherCurrentAssets": 60357699, "totalCurrentAssets": 62461301, "propertyPlantEquipment": 70202049, "otherAssets": 45000, "totalAssets": 132708350, "otherCurrentLiab": 38678, "otherLiab": 21400824, "totalCurrentLiabilities": 621873, "totalLiab": 22022697, "commonStock": 102000000, "retainedEarnings": 8685653, "totalStockholderEquity": 110685653, "netTangibleAssets": 110685653}, {"maxAge": 1, "endDate": "2019-03-31", "cash": 175625, "otherCurrentAssets": 57635595, "totalCurrentAssets": 57811220, "propertyPlantEquipment": 72052731, "otherAssets": 1325606, "totalAssets": 131189557, "otherCurrentLiab": 5514000, "otherLiab": 21060000, "totalCurrentLiabilities": 5514438, "totalLiab": 26574438, "commonStock": 102000000, "retainedEarnings": 2615119, "totalStockholderEquity": 104615119, "netTangibleAssets": 104615119}, {"maxAge": 1, "endDate": "2018-03-31", "cash": 1650444, "otherCurrentAssets": 30617502, "totalCurrentAssets": 32267946, "propertyPlantEquipment": 73699380, "totalAssets": 105967326, "otherCurrentLiab": 1810076, "longTermDebt": 21060000, "otherLiab": 21060000, "totalCurrentLiabilities": 1997608, "totalLiab": 23057608, "commonStock": 102000000, "retainedEarnings": -19090282, "totalStockholderEquity": 82909718, "netTangibleAssets": 82909718}, {"maxAge": 1, "endDate": "2017-03-31", "cash": 1223230, "otherCurrentAssets": 3931165, "totalCurrentAssets": 5154395, "propertyPlantEquipment": 75756764, "otherAssets": -1, "totalAssets": 80911158, "otherCurrentLiab": 1190, "otherLiab": 20160000, "totalCurrentLiabilities": 1190, "totalLiab": 20161190, "commonStock": 102000000, "retainedEarnings": -41250032, "totalStockholderEquity": 60749968, "netTangibleAssets": 60749968}], "maxAge": 86400}, "financialData": {"maxAge": 86400, "currentPrice": 20.8, "recommendationKey": "none", "grossProfits": 37358089, "financialCurrency": "INR"}}}