{"GOYALASS.BO": {"cashflowStatementHistory": {"cashflowStatements": [{"maxAge": 1, "endDate": "2020-03-31", "netIncome": 1645820, "changeToNetincome": 304205, "changeToAccountReceivables": 33782488, "changeToLiabilities": -27754956, "changeToInventory": 5373272, "changeToOperatingActivities": -16164988, "totalCashFromOperatingActivities": -2814160, "totalCashflowsFromInvestingActivities": -2336400, "changeInCash": -5150559}, {"maxAge": 1, "endDate": "2019-03-31", "netIncome": -6284279, "changeToNetincome": -2965, "changeToAccountReceivables": -29768724, "changeToLiabilities": 3375687, "changeToInventory": 5373272, "changeToOperatingActivities": 30298112, "totalCashFromOperatingActivities": -2382170, "otherCashflowsFromInvestingActivities": 2965, "totalCashflowsFromInvestingActivities": 7271911, "changeInCash": 4889741}, {"maxAge": 1, "endDate": "2018-03-31", "netIncome": -626469, "changeToNetincome": -2965, "changeToAccountReceivables": -5722871, "changeToLiabilities": 0, "changeToInventory": -120655, "changeToOperatingActivities": -9842, "totalCashFromOperatingActivities": -6479837, "investments": 4000000, "otherCashflowsFromInvestingActivities": 2965, "totalCashflowsFromInvestingActivities": 6443633, "changeInCash": -36205}, {"maxAge": 1, "endDate": "2017-03-31", "netIncome": -325000, "changeToNetincome": -2965, "changeToAccountReceivables": -5722871, "changeToLiabilities": -10045000, "changeToInventory": -741000, "changeToOperatingActivities": -3006000, "totalCashFromOperatingActivities": -14117000, "investments": -4000000, "otherCashflowsFromInvestingActivities": 2965, "totalCashflowsFromInvestingActivities": -4000000, "changeInCash": -18117000}], "maxAge": 86400}, "institutionOwnership": {"maxAge": 1, "ownershipList": []}, "balanceSheetHistoryQuarterly": {"balanceSheetStatements": [{"maxAge": 1, "endDate": "2020-06-30", "totalStockholderEquity": 24448000, "netTangibleAssets": 24448000}, {"maxAge": 1, "endDate": "2020-03-31", "cash": 787590, "netReceivables": 1709107, "otherCurrentAssets": 16589571, "totalCurrentAssets": 24224187, "otherAssets": 2336400, "totalAssets": 26560587, "accountsPayable": 1661793, "otherCurrentLiab": 304205, "totalCurrentLiabilities": 2112496, "totalLiab": 2112496, "commonStock": 46937500, "retainedEarnings": -22489407, "totalStockholderEquity": 24448093, "netTangibleAssets": 24448093}, {"maxAge": 1, "endDate": "2019-12-31", "totalStockholderEquity": 20197000, "netTangibleAssets": 20197000}, {"maxAge": 1, "endDate": "2019-09-30", "cash": 846000, "inventory": 10887000, "otherCurrentAssets": 1199000, "totalCurrentAssets": 12932000, "otherAssets": 29586000, "totalAssets": 42518000, "accountsPayable": 22149000, "otherCurrentLiab": 172000, "totalCurrentLiabilities": 22321000, "totalLiab": 22321000, "commonStock": 46937000, "treasuryStock": -26740000, "otherStockholderEquity": -26740000, "totalStockholderEquity": 20197000, "netTangibleAssets": 20197000}], "maxAge": 86400}, "indexTrend": {"maxAge": 1, "symbol": "SP5", "peRatio": 19.7411, "pegRatio": 1.34172, "estimates": [{"period": "0q", "growth": 0.549}, {"period": "+1q", "growth": 0.431}, {"period": "0y", "growth": 0.305}, {"period": "+1y", "growth": 0.109}, {"period": "+5y", "growth": 0.120859005}, {"period": "-5y"}]}, "quoteType": {"exchange": "BSE", "quoteType": "EQUITY", "symbol": "GOYALASS.BO", "underlyingSymbol": "GOYALASS.BO", "shortName": "GOYAL ASSOCIATES LTD.", "longName": "Goyal Associates Limited", "firstTradeDateEpochUtc": "1998-12-30 09:15:00", "timeZoneFullName": "Asia/Kolkata", "timeZoneShortName": "IST", "uuid": "1bcfbc3e-d3f1-3f76-af65-1efceabbc454", "messageBoardId": null, "gmtOffSetMilliseconds": 19800000, "maxAge": 1}, "incomeStatementHistory": {"incomeStatementHistory": [{"maxAge": 1, "endDate": "2020-03-31", "totalRevenue": 36155434, "costOfRevenue": 32698846, "grossProfit": 3456588, "researchDevelopment": {}, "sellingGeneralAdministrative": 339910, "nonRecurring": {}, "otherOperatingExpenses": 1166653, "totalOperatingExpenses": 34205409, "operatingIncome": 1950025, "totalOtherIncomeExpenseNet": 0, "ebit": 1950025, "interestExpense": {}, "incomeBeforeTax": 1950025, "incomeTaxExpense": 304205, "minorityInterest": {}, "netIncomeFromContinuingOps": 1645820, "discontinuedOperations": {}, "extraordinaryItems": {}, "effectOfAccountingCharges": {}, "otherItems": {}, "netIncome": 1645820, "netIncomeApplicableToCommonShares": 1645820}, {"maxAge": 1, "endDate": "2019-03-31", "totalRevenue": 66451068, "costOfRevenue": 71127593, "grossProfit": -4676525, "researchDevelopment": {}, "sellingGeneralAdministrative": 130857, "nonRecurring": {}, "otherOperatingExpenses": 573763, "totalOperatingExpenses": 71916963, "operatingIncome": -5465895, "totalOtherIncomeExpenseNet": -798384, "ebit": -5465895, "interestExpense": {}, "incomeBeforeTax": -6284279, "incomeTaxExpense": 0, "minorityInterest": {}, "netIncomeFromContinuingOps": -6284279, "discontinuedOperations": {}, "extraordinaryItems": {}, "effectOfAccountingCharges": {}, "otherItems": {}, "netIncome": -6284279, "netIncomeApplicableToCommonShares": -6284279}, {"maxAge": 1, "endDate": "2018-03-31", "totalRevenue": 6077864, "costOfRevenue": 6004600, "grossProfit": 73264, "researchDevelopment": {}, "sellingGeneralAdministrative": 235867, "nonRecurring": {}, "otherOperatingExpenses": 463866, "totalOperatingExpenses": 6704333, "operatingIncome": -626469, "totalOtherIncomeExpenseNet": 0, "ebit": -626469, "interestExpense": {}, "incomeBeforeTax": -626469, "incomeTaxExpense": 0, "minorityInterest": {}, "netIncomeFromContinuingOps": -626469, "discontinuedOperations": {}, "extraordinaryItems": {}, "effectOfAccountingCharges": {}, "otherItems": {}, "netIncome": -626469, "netIncomeApplicableToCommonShares": -626469}, {"maxAge": 1, "endDate": "2017-03-31", "totalRevenue": 1410000, "costOfRevenue": 587000, "grossProfit": 823000, "researchDevelopment": {}, "sellingGeneralAdministrative": 1151000, "nonRecurring": {}, "otherOperatingExpenses": 463866, "totalOperatingExpenses": 1738000, "operatingIncome": -328000, "totalOtherIncomeExpenseNet": 3000, "ebit": -328000, "interestExpense": {}, "incomeBeforeTax": -325000, "incomeTaxExpense": 0, "minorityInterest": {}, "netIncomeFromContinuingOps": -325000, "discontinuedOperations": {}, "extraordinaryItems": {}, "effectOfAccountingCharges": {}, "otherItems": {}, "netIncome": -325000, "netIncomeApplicableToCommonShares": -325000}], "maxAge": 86400}, "fundOwnership": {"maxAge": 1, "ownershipList": []}, "summaryDetail": {"maxAge": 1, "priceHint": 4, "previousClose": 4.34, "open": 4.36, "dayLow": 4.34, "dayHigh": 4.41, "regularMarketPreviousClose": 4.34, "regularMarketOpen": 4.36, "regularMarketDayLow": 4.34, "regularMarketDayHigh": 4.41, "trailingPE": 125.71429, "volume": 42636, "regularMarketVolume": 42636, "averageVolume": 145661, "averageVolume10days": 295565, "averageDailyVolume10Day": 295565, "bid": 4.34, "ask": 4.39, "bidSize": 0, "askSize": 0, "marketCap": 206525008, "fiftyTwoWeekLow": 0.29, "fiftyTwoWeekHigh": 4.41, "fiftyDayAverage": 2.356, "twoHundredDayAverage": 1.400365, "currency": "INR", "fromCurrency": null, "toCurrency": null, "lastMarket": null, "algorithm": null, "tradeable": false}, "incomeStatementHistoryQuarterly": {"incomeStatementHistory": [{"maxAge": 1, "endDate": "2020-06-30", "totalRevenue": 136000, "costOfRevenue": 120000, "grossProfit": 16000, "researchDevelopment": {}, "sellingGeneralAdministrative": 30000, "nonRecurring": {}, "otherOperatingExpenses": -211000, "totalOperatingExpenses": -61000, "operatingIncome": 197000, "totalOtherIncomeExpenseNet": 0, "ebit": 197000, "interestExpense": {}, "incomeBeforeTax": 197000, "incomeTaxExpense": 0, "minorityInterest": {}, "netIncomeFromContinuingOps": 197000, "discontinuedOperations": {}, "extraordinaryItems": {}, "effectOfAccountingCharges": {}, "otherItems": {}, "netIncome": 197000, "netIncomeApplicableToCommonShares": 197000}, {"maxAge": 1, "endDate": "2020-03-31", "totalRevenue": 31626434, "costOfRevenue": 27961846, "grossProfit": 3664588, "researchDevelopment": {}, "sellingGeneralAdministrative": 252910, "nonRecurring": {}, "otherOperatingExpenses": -531347, "totalOperatingExpenses": 27683409, "operatingIncome": 3943025, "totalOtherIncomeExpenseNet": 0, "ebit": 3943025, "interestExpense": {}, "incomeBeforeTax": 3943025, "incomeTaxExpense": 207205, "minorityInterest": {}, "netIncomeFromContinuingOps": 3735820, "discontinuedOperations": {}, "extraordinaryItems": {}, "effectOfAccountingCharges": {}, "otherItems": {}, "netIncome": 3735820, "netIncomeApplicableToCommonShares": 3735820}, {"maxAge": 1, "endDate": "2019-12-31", "totalRevenue": 3211000, "costOfRevenue": 3464000, "grossProfit": -253000, "researchDevelopment": {}, "sellingGeneralAdministrative": 29000, "nonRecurring": {}, "otherOperatingExpenses": -798000, "totalOperatingExpenses": 2695000, "operatingIncome": 516000, "totalOtherIncomeExpenseNet": 0, "ebit": 516000, "interestExpense": {}, "incomeBeforeTax": 516000, "incomeTaxExpense": 0, "minorityInterest": {}, "netIncomeFromContinuingOps": 516000, "discontinuedOperations": {}, "extraordinaryItems": {}, "effectOfAccountingCharges": {}, "otherItems": {}, "netIncome": 516000, "netIncomeApplicableToCommonShares": 516000}, {"maxAge": 1, "endDate": "2019-09-30", "totalRevenue": 94000, "costOfRevenue": 121000, "grossProfit": -27000, "researchDevelopment": {}, "sellingGeneralAdministrative": 28000, "nonRecurring": {}, "otherOperatingExpenses": -427000, "totalOperatingExpenses": -278000, "operatingIncome": 372000, "totalOtherIncomeExpenseNet": 0, "ebit": 372000, "interestExpense": {}, "incomeBeforeTax": 372000, "incomeTaxExpense": 97000, "minorityInterest": {}, "netIncomeFromContinuingOps": 275000, "discontinuedOperations": {}, "extraordinaryItems": {}, "effectOfAccountingCharges": {}, "otherItems": {}, "netIncome": 275000, "netIncomeApplicableToCommonShares": 275000}], "maxAge": 86400}, "cashflowStatementHistoryQuarterly": {"cashflowStatements": [{"maxAge": 1, "endDate": "2020-06-30", "netIncome": 197000, "changeToLiabilities": 0}, {"maxAge": 1, "endDate": "2020-03-31", "netIncome": 3735820, "changeToLiabilities": 0}, {"maxAge": 1, "endDate": "2019-12-31", "netIncome": 516000, "changeToLiabilities": 0}, {"maxAge": 1, "endDate": "2019-09-30", "netIncome": 275000, "changeToLiabilities": 0}], "maxAge": 86400}, "insiderHolders": {"holders": [], "maxAge": 1}, "calendarEvents": {"maxAge": 1, "earnings": {"earningsDate": []}}, "price": {"maxAge": 1, "regularMarketChangePercent": 0.013824871, "regularMarketChange": 0.059999943, "regularMarketTime": "2021-04-30 15:15:20", "priceHint": 4, "regularMarketPrice": 4.4, "regularMarketDayHigh": 4.41, "regularMarketDayLow": 4.34, "regularMarketVolume": 42636, "averageDailyVolume10Day": 295565, "averageDailyVolume3Month": 145661, "regularMarketPreviousClose": 4.34, "regularMarketSource": "FREE_REALTIME", "regularMarketOpen": 4.36, "exchange": "BSE", "exchangeName": "BSE", "exchangeDataDelayedBy": 0, "marketState": "CLOSED", "quoteType": "EQUITY", "symbol": "GOYALASS.BO", "underlyingSymbol": null, "shortName": "GOYAL ASSOCIATES LTD.", "longName": "Goyal Associates Limited", "currency": "INR", "quoteSourceName": "Delayed Quote", "currencySymbol": "\u20b9", "fromCurrency": null, "toCurrency": null, "lastMarket": null, "marketCap": 206525008}, "balanceSheetHistory": {"balanceSheetStatements": [{"maxAge": 1, "endDate": "2020-03-31", "cash": 787590, "netReceivables": 1709107, "otherCurrentAssets": 16589571, "totalCurrentAssets": 24224187, "otherAssets": 2336400, "totalAssets": 26560587, "accountsPayable": 1661793, "otherCurrentLiab": 304205, "totalCurrentLiabilities": 2112496, "totalLiab": 2112496, "commonStock": 46937500, "retainedEarnings": -22489407, "totalStockholderEquity": 24448093, "netTangibleAssets": 24448093}, {"maxAge": 1, "endDate": "2019-03-31", "cash": 5938150, "netReceivables": 35491596, "otherCurrentAssets": 353085, "totalCurrentAssets": 52294022, "totalAssets": 52294022, "accountsPayable": 29416750, "totalCurrentLiabilities": 29491750, "totalLiab": 29491750, "commonStock": 46937500, "retainedEarnings": -24135226, "totalStockholderEquity": 22802274, "netTangibleAssets": 22802274}, {"maxAge": 1, "endDate": "2018-03-31", "cash": 1048409, "netReceivables": 6544220, "otherCurrentAssets": 381270, "totalCurrentAssets": 21860778, "otherAssets": 7268946, "totalAssets": 29129724, "otherCurrentLiab": 18172, "totalCurrentLiabilities": 43172, "totalLiab": 43172, "commonStock": 46937500, "retainedEarnings": -17850946, "totalStockholderEquity": 29086554, "netTangibleAssets": 29086554}, {"maxAge": 1, "endDate": "2017-03-31", "cash": 1085000, "netReceivables": 821000, "otherCurrentAssets": 10094000, "totalCurrentAssets": 25766000, "longTermInvestments": 4000000, "totalAssets": 29766000, "accountsPayable": -21000, "otherCurrentLiab": 24000, "totalCurrentLiabilities": 53000, "totalLiab": 53000, "commonStock": 46938000, "retainedEarnings": -17225000, "totalStockholderEquity": 29713000, "netTangibleAssets": 29713000}], "maxAge": 86400}, "financialData": {"maxAge": 86400, "currentPrice": 4.4, "recommendationKey": "none", "grossProfits": 3456588, "financialCurrency": "INR"}}}