{"GPL.BO": {"cashflowStatementHistory": {"cashflowStatements": [{"maxAge": 1, "endDate": "2020-03-31", "netIncome": 2101785, "depreciation": 2970260, "changeToNetincome": 39049696, "changeToAccountReceivables": -68396565, "changeToLiabilities": 212730609, "changeToInventory": -184325491, "changeToOperatingActivities": -121609659, "totalCashFromOperatingActivities": -117479365, "investments": -45193105, "otherCashflowsFromInvestingActivities": 80987, "totalCashflowsFromInvestingActivities": -44694670, "netBorrowings": 239883424, "otherCashflowsFromFinancingActivities": -53887039, "totalCashFromFinancingActivities": 185996385, "changeInCash": 23822349}, {"maxAge": 1, "endDate": "2019-03-31", "netIncome": 37082446, "depreciation": 3428049, "changeToNetincome": 54042011, "changeToAccountReceivables": -252015967, "changeToLiabilities": 197307546, "changeToInventory": -301313094, "changeToOperatingActivities": -46975732, "totalCashFromOperatingActivities": -308444741, "capitalExpenditures": -5240578, "investments": -336330, "otherCashflowsFromInvestingActivities": 1113002, "totalCashflowsFromInvestingActivities": -4463906, "netBorrowings": 64332608, "otherCashflowsFromFinancingActivities": -31962043, "totalCashFromFinancingActivities": 300370565, "changeInCash": -12538082, "issuanceOfStock": 268000000}, {"maxAge": 1, "endDate": "2018-03-31", "netIncome": -32591389, "depreciation": 2255398, "changeToNetincome": 28075383, "changeToAccountReceivables": -17987050, "changeToLiabilities": 44822653, "changeToInventory": -28254749, "changeToOperatingActivities": -62262609, "totalCashFromOperatingActivities": -65942363, "capitalExpenditures": -376606982, "investments": -157468032, "otherCashflowsFromInvestingActivities": 2698330, "totalCashflowsFromInvestingActivities": -531376684, "netBorrowings": 408559551, "otherCashflowsFromFinancingActivities": -16432964, "totalCashFromFinancingActivities": 417126587, "changeInCash": -180192459, "issuanceOfStock": 25000000}, {"maxAge": 1, "endDate": "2017-03-31", "netIncome": 28996, "depreciation": 26670, "changeToNetincome": -5559863, "changeToAccountReceivables": 5121112, "changeToLiabilities": 0, "changeToInventory": -28254749, "changeToOperatingActivities": -28988465, "totalCashFromOperatingActivities": -29370869, "capitalExpenditures": -898158, "investments": 2870904, "otherCashflowsFromInvestingActivities": 600233, "totalCashflowsFromInvestingActivities": 2572979, "netBorrowings": 60000000, "otherCashflowsFromFinancingActivities": -2554521, "totalCashFromFinancingActivities": 103565079, "changeInCash": 76767189, "issuanceOfStock": 46119600}], "maxAge": 86400}, "institutionOwnership": {"ownershipList": [], "maxAge": 1}, "balanceSheetHistoryQuarterly": {"balanceSheetStatements": [{"maxAge": 1, "endDate": "2020-06-30", "totalStockholderEquity": 484041128, "netTangibleAssets": -345330740}, {"maxAge": 1, "endDate": "2020-03-31", "cash": 31166824, "netReceivables": 360782788, "inventory": 634622437, "otherCurrentAssets": 26868199, "totalCurrentAssets": 1059240657, "longTermInvestments": 1948486, "propertyPlantEquipment": 9084251, "goodWill": 303107202, "intangibleAssets": 526264666, "otherAssets": 8226135, "totalAssets": 1907871397, "accountsPayable": 540102841, "otherCurrentLiab": 188711066, "longTermDebt": 143099000, "otherLiab": 37867356, "totalCurrentLiabilities": 1242863913, "totalLiab": 1423830269, "commonStock": 223119600, "retainedEarnings": 9921528, "capitalSurplus": 251000000, "totalStockholderEquity": 484041128, "netTangibleAssets": -345330740}, {"maxAge": 1, "endDate": "2019-12-31", "totalStockholderEquity": 552182000, "netTangibleAssets": -33422000}, {"maxAge": 1, "endDate": "2019-09-30", "cash": 95623000, "shortTermInvestments": 7824000, "netReceivables": 513372000, "inventory": 273613000, "otherCurrentAssets": 16684000, "totalCurrentAssets": 907116000, "longTermInvestments": 112619000, "propertyPlantEquipment": 10242000, "goodWill": 173559000, "intangibleAssets": 412045000, "otherAssets": 151438000, "deferredLongTermAssetCharges": 1693000, "totalAssets": 1767019000, "accountsPayable": 300877000, "otherCurrentLiab": 429441000, "longTermDebt": 125000000, "otherLiab": 31982000, "totalCurrentLiabilities": 1057855000, "totalLiab": 1214837000, "commonStock": 223120000, "treasuryStock": 329062000, "otherStockholderEquity": 329062000, "totalStockholderEquity": 552182000, "netTangibleAssets": -33422000}], "maxAge": 86400}, "indexTrend": {"maxAge": 1, "symbol": "SP5", "peRatio": 19.7411, "pegRatio": 1.34172, "estimates": [{"period": "0q", "growth": 0.549}, {"period": "+1q", "growth": 0.431}, {"period": "0y", "growth": 0.305}, {"period": "+1y", "growth": 0.109}, {"period": "+5y", "growth": 0.120859005}, {"period": "-5y"}]}, "insiderTransactions": {"transactions": [{"maxAge": 1, "shares": 600000, "filerUrl": "", "transactionText": "", "filerName": "Bhattacharya (Parthasarathi)", "filerRelation": "UNREPORTED", "moneyText": "", "startDate": "2019-06-01", "ownership": "D"}, {"maxAge": 1, "shares": 600000, "filerUrl": "", "transactionText": "", "filerName": "Rao (Visweswar)", "filerRelation": "Promoter", "moneyText": "", "startDate": "2019-06-01", "ownership": "D"}, {"maxAge": 1, "shares": 1255000, "filerUrl": "", "transactionText": "", "filerName": "Atluri (Suresh)", "filerRelation": "UNREPORTED", "moneyText": "", "startDate": "2019-05-23", "ownership": "D"}, {"maxAge": 1, "shares": 400000, "filerUrl": "", "transactionText": "", "filerName": "Bhattacharya (Parthasarathi)", "filerRelation": "UNREPORTED", "moneyText": "", "startDate": "2019-05-23", "ownership": "D"}, {"maxAge": 1, "shares": 889250, "filerUrl": "", "transactionText": "", "filerName": "Munnangi (Jayaram)", "filerRelation": "Promoter", "moneyText": "", "startDate": "2019-05-23", "ownership": "D"}, {"maxAge": 1, "shares": 5000, "filerUrl": "", "transactionText": "", "filerName": "Pautri (Srinivasa Rao)", "filerRelation": "UNREPORTED", "moneyText": "", "startDate": "2019-05-23", "ownership": "D"}, {"maxAge": 1, "shares": 1395750, "filerUrl": "", "transactionText": "", "filerName": "Rao (Visweswar)", "filerRelation": "Promoter", "moneyText": "", "startDate": "2019-05-23", "ownership": "D"}, {"maxAge": 1, "shares": 225000, "filerUrl": "", "transactionText": "", "filerName": "Tikoo (Surinder Kumar)", "filerRelation": "UNREPORTED", "moneyText": "", "startDate": "2019-05-23", "ownership": "D"}, {"maxAge": 1, "shares": 225000, "filerUrl": "", "transactionText": "", "filerName": "Tondapu (Satish Kumar)", "filerRelation": "UNREPORTED", "moneyText": "", "startDate": "2019-05-13", "ownership": "D"}, {"maxAge": 1, "shares": 600000, "filerUrl": "", "transactionText": "", "filerName": "Visweshwara Rao (K)", "filerRelation": "Promoter", "moneyText": "", "startDate": "2016-08-31", "ownership": "D"}], "maxAge": 1}, "quoteType": {"exchange": "BSE", "quoteType": "EQUITY", "symbol": "GPL.BO", "underlyingSymbol": "GPL.BO", "shortName": "Grandeur Products Limited", "longName": "Grandeur Products Limited", "firstTradeDateEpochUtc": "2017-02-13 09:15:00", "timeZoneFullName": "Asia/Kolkata", "timeZoneShortName": "IST", "uuid": "b70b8041-ac1b-31c3-8aed-1b4203c7743c", "gmtOffSetMilliseconds": 19800000, "maxAge": 1}, "incomeStatementHistory": {"incomeStatementHistory": [{"maxAge": 1, "endDate": "2020-03-31", "totalRevenue": 989429818, "costOfRevenue": 668198983, "grossProfit": 321230835, "researchDevelopment": {}, "sellingGeneralAdministrative": 153912912, "nonRecurring": {}, "otherOperatingExpenses": 103819410, "totalOperatingExpenses": 928901565, "operatingIncome": 60528253, "totalOtherIncomeExpenseNet": -57771628, "ebit": 60528253, "interestExpense": -53887040, "incomeBeforeTax": 2756625, "incomeTaxExpense": 654840, "minorityInterest": {}, "netIncomeFromContinuingOps": 2101785, "discontinuedOperations": {}, "extraordinaryItems": {}, "effectOfAccountingCharges": {}, "otherItems": {}, "netIncome": 2101785, "netIncomeApplicableToCommonShares": 2101785}, {"maxAge": 1, "endDate": "2019-03-31", "totalRevenue": 1063851175, "costOfRevenue": 687631080, "grossProfit": 376220095, "researchDevelopment": {}, "sellingGeneralAdministrative": 165688979, "nonRecurring": {}, "otherOperatingExpenses": 124927023, "totalOperatingExpenses": 981675131, "operatingIncome": 82176044, "totalOtherIncomeExpenseNet": -36244204, "ebit": 82176044, "interestExpense": -31962043, "incomeBeforeTax": 45931840, "incomeTaxExpense": 8849394, "minorityInterest": {}, "netIncomeFromContinuingOps": 37082446, "discontinuedOperations": {}, "extraordinaryItems": {}, "effectOfAccountingCharges": {}, "otherItems": {}, "netIncome": 37082446, "netIncomeApplicableToCommonShares": 37082446}, {"maxAge": 1, "endDate": "2018-03-31", "totalRevenue": 109093917, "costOfRevenue": 36794757, "grossProfit": 72299160, "researchDevelopment": {}, "sellingGeneralAdministrative": 45060070, "nonRecurring": {}, "otherOperatingExpenses": 56170447, "totalOperatingExpenses": 139397912, "operatingIncome": -30303995, "totalOtherIncomeExpenseNet": -4635045, "ebit": -30303995, "interestExpense": -13104676, "incomeBeforeTax": -34939040, "incomeTaxExpense": -2347651, "minorityInterest": {}, "netIncomeFromContinuingOps": -32591389, "discontinuedOperations": {}, "extraordinaryItems": {}, "effectOfAccountingCharges": {}, "otherItems": {}, "netIncome": -32591389, "netIncomeApplicableToCommonShares": -32591389}, {"maxAge": 1, "endDate": "2017-03-31", "totalRevenue": 932893, "costOfRevenue": 0, "grossProfit": 932893, "researchDevelopment": {}, "sellingGeneralAdministrative": 2038402, "nonRecurring": {}, "otherOperatingExpenses": 3744280, "totalOperatingExpenses": 5810033, "operatingIncome": -4877140, "totalOtherIncomeExpenseNet": 4937187, "ebit": -4877140, "interestExpense": -2554521, "incomeBeforeTax": 60047, "incomeTaxExpense": 31051, "minorityInterest": {}, "netIncomeFromContinuingOps": 28996, "discontinuedOperations": {}, "extraordinaryItems": {}, "effectOfAccountingCharges": {}, "otherItems": {}, "netIncome": 28996, "netIncomeApplicableToCommonShares": 28996}], "maxAge": 86400}, "fundOwnership": {"ownershipList": [], "maxAge": 1}, "summaryDetail": {"maxAge": 1, "priceHint": 2, "previousClose": 267.5, "open": 267.5, "dayLow": 267.5, "dayHigh": 267.5, "regularMarketPreviousClose": 267.5, "regularMarketOpen": 267.5, "regularMarketDayLow": 267.5, "regularMarketDayHigh": 267.5, "volume": 2, "regularMarketVolume": 2, "averageVolume": 306, "averageVolume10days": 40, "averageDailyVolume10Day": 40, "bid": 0.0, "ask": 267.5, "marketCap": 5968459776, "fiftyTwoWeekLow": 230.0, "fiftyTwoWeekHigh": 331.0, "fiftyDayAverage": 304.1924, "twoHundredDayAverage": 301.65295, "currency": "INR", "fromCurrency": null, "lastMarket": null, "algorithm": null, "tradeable": false}, "incomeStatementHistoryQuarterly": {"incomeStatementHistory": [{"maxAge": 1, "endDate": "2020-06-30", "totalRevenue": 644991000, "costOfRevenue": 405019000, "grossProfit": 239972000, "researchDevelopment": {}, "sellingGeneralAdministrative": 42541000, "nonRecurring": {}, "otherOperatingExpenses": 20294000, "totalOperatingExpenses": 468583000, "operatingIncome": 176408000, "totalOtherIncomeExpenseNet": -18876000, "ebit": 176408000, "interestExpense": -18506000, "incomeBeforeTax": 157532000, "incomeTaxExpense": 46431000, "minorityInterest": {}, "netIncomeFromContinuingOps": 111101000, "discontinuedOperations": {}, "extraordinaryItems": {}, "effectOfAccountingCharges": {}, "otherItems": {}, "netIncome": 111101000, "netIncomeApplicableToCommonShares": 111101000}, {"maxAge": 1, "endDate": "2020-03-31", "totalRevenue": 178180818, "costOfRevenue": 125683983, "grossProfit": 52496835, "researchDevelopment": {}, "sellingGeneralAdministrative": 40838912, "nonRecurring": {}, "otherOperatingExpenses": 16403410, "totalOperatingExpenses": 183619565, "operatingIncome": -5438747, "totalOtherIncomeExpenseNet": 5172372, "ebit": -5438747, "interestExpense": -15834040, "incomeBeforeTax": -266375, "incomeTaxExpense": -4239160, "minorityInterest": {}, "netIncomeFromContinuingOps": 3972785, "discontinuedOperations": {}, "extraordinaryItems": {}, "effectOfAccountingCharges": {}, "otherItems": {}, "netIncome": 3972785, "netIncomeApplicableToCommonShares": 3972785}, {"maxAge": 1, "endDate": "2019-12-31", "totalRevenue": 124238000, "costOfRevenue": 107361000, "grossProfit": 16877000, "researchDevelopment": {}, "sellingGeneralAdministrative": 36107000, "nonRecurring": {}, "otherOperatingExpenses": 9115000, "totalOperatingExpenses": 153218000, "operatingIncome": -28980000, "totalOtherIncomeExpenseNet": -35533000, "ebit": -28980000, "interestExpense": -15858000, "incomeBeforeTax": -64513000, "incomeTaxExpense": 4894000, "minorityInterest": {}, "netIncomeFromContinuingOps": -69407000, "discontinuedOperations": {}, "extraordinaryItems": {}, "effectOfAccountingCharges": {}, "otherItems": {}, "netIncome": -69407000, "netIncomeApplicableToCommonShares": -69407000}, {"maxAge": 1, "endDate": "2019-09-30", "totalRevenue": -38285000, "costOfRevenue": -23765000, "grossProfit": -14520000, "researchDevelopment": {}, "sellingGeneralAdministrative": 38295000, "nonRecurring": {}, "otherOperatingExpenses": 24583000, "totalOperatingExpenses": 39959000, "operatingIncome": -78244000, "totalOtherIncomeExpenseNet": -13588000, "ebit": -78244000, "interestExpense": -11671000, "incomeBeforeTax": -91832000, "incomeTaxExpense": 0, "minorityInterest": {}, "netIncomeFromContinuingOps": -91832000, "discontinuedOperations": {}, "extraordinaryItems": {}, "effectOfAccountingCharges": {}, "otherItems": {}, "netIncome": -91832000, "netIncomeApplicableToCommonShares": -91832000}], "maxAge": 86400}, "cashflowStatementHistoryQuarterly": {"cashflowStatements": [{"maxAge": 1, "endDate": "2020-06-30", "netIncome": 111101000, "changeToLiabilities": 0}, {"maxAge": 1, "endDate": "2020-03-31", "netIncome": 3972785, "changeToLiabilities": 0}, {"maxAge": 1, "endDate": "2019-12-31", "netIncome": -69407000, "changeToLiabilities": 0}, {"maxAge": 1, "endDate": "2019-09-30", "netIncome": -91832000, "changeToLiabilities": 0}], "maxAge": 86400}, "insiderHolders": {"holders": [{"maxAge": 1, "name": "Atluri (Suresh)", "relation": "UNREPORTED", "url": "", "transactionDescription": "Purchase", "latestTransDate": "2019-05-23", "positionDirect": 2255000, "positionDirectDate": "2019-05-23"}, {"maxAge": 1, "name": "Bhattacharya (Parthasarathi)", "relation": "UNREPORTED", "url": "", "transactionDescription": "Purchase", "latestTransDate": "2019-06-01", "positionDirect": 1000000, "positionDirectDate": "2019-06-01"}, {"maxAge": 1, "name": "Munnangi (Jayaram)", "relation": "Promoter", "url": "", "transactionDescription": "Sale", "latestTransDate": "2019-05-23", "positionDirect": 200000, "positionDirectDate": "2019-05-23"}, {"maxAge": 1, "name": "Pautri (Srinivasa Rao)", "relation": "UNREPORTED", "url": "", "transactionDescription": "Purchase", "latestTransDate": "2019-05-23", "positionDirect": 5000, "positionDirectDate": "2019-05-23"}, {"maxAge": 1, "name": "Rao (Visweswar)", "relation": "Promoter", "url": "", "transactionDescription": "Sale", "latestTransDate": "2019-06-01", "positionDirect": 10000, "positionDirectDate": "2019-06-01"}, {"maxAge": 1, "name": "Tikoo (Surinder Kumar)", "relation": "UNREPORTED", "url": "", "transactionDescription": "Purchase", "latestTransDate": "2019-05-23", "positionDirect": 225000, "positionDirectDate": "2019-05-23"}, {"maxAge": 1, "name": "Tondapu (Satish Kumar)", "relation": "UNREPORTED", "url": "", "transactionDescription": "Purchase", "latestTransDate": "2019-05-13", "positionDirect": 779590, "positionDirectDate": "2019-05-13"}, {"maxAge": 1, "name": "Visweshwara Rao (K)", "relation": "Promoter", "url": "", "transactionDescription": "Other", "latestTransDate": "2016-08-31", "positionDirect": 2005750, "positionDirectDate": "2016-08-31"}], "maxAge": 1}, "calendarEvents": {"maxAge": 1, "earnings": {"earningsDate": ["2020-09-14 05:30:S"]}}, "upgradeDowngradeHistory": {"history": [], "maxAge": 86400}, "price": {"maxAge": 1, "regularMarketChangePercent": 0.0, "regularMarketChange": 0.0, "regularMarketTime": "2021-04-30 09:55:41", "priceHint": 2, "regularMarketPrice": 267.5, "regularMarketDayHigh": 267.5, "regularMarketDayLow": 267.5, "regularMarketVolume": 2, "averageDailyVolume10Day": 40, "averageDailyVolume3Month": 306, "regularMarketPreviousClose": 267.5, "regularMarketSource": "FREE_REALTIME", "regularMarketOpen": 267.5, "exchange": "BSE", "exchangeName": "BSE", "exchangeDataDelayedBy": 0, "marketState": "CLOSED", "quoteType": "EQUITY", "symbol": "GPL.BO", "underlyingSymbol": null, "shortName": "Grandeur Products Limited", "longName": "Grandeur Products Limited", "currency": "INR", "quoteSourceName": "Delayed Quote", "currencySymbol": "\u20b9", "fromCurrency": null, "lastMarket": null, "marketCap": 5968459776}, "balanceSheetHistory": {"balanceSheetStatements": [{"maxAge": 1, "endDate": "2020-03-31", "cash": 31166824, "netReceivables": 360782788, "inventory": 634622437, "otherCurrentAssets": 26868199, "totalCurrentAssets": 1059240657, "longTermInvestments": 1948486, "propertyPlantEquipment": 9084251, "goodWill": 303107202, "intangibleAssets": 526264666, "otherAssets": 8226135, "totalAssets": 1907871397, "accountsPayable": 540102841, "otherCurrentLiab": 188711066, "longTermDebt": 143099000, "otherLiab": 37867356, "totalCurrentLiabilities": 1242863913, "totalLiab": 1423830269, "commonStock": 223119600, "retainedEarnings": 9921528, "capitalSurplus": 251000000, "totalStockholderEquity": 484041128, "netTangibleAssets": -345330740}, {"maxAge": 1, "endDate": "2019-03-31", "cash": 1419455, "netReceivables": 291675276, "inventory": 431783246, "otherCurrentAssets": 41784988, "totalCurrentAssets": 774053643, "longTermInvestments": 118276005, "propertyPlantEquipment": 11098444, "goodWill": 172525500, "intangibleAssets": 411614640, "otherAssets": 150501507, "deferredLongTermAssetCharges": 1692684, "totalAssets": 1638069739, "accountsPayable": 305887881, "otherCurrentLiab": 306116556, "longTermDebt": 125000000, "otherLiab": 28266934, "totalCurrentLiabilities": 1001381015, "totalLiab": 1154647949, "commonStock": 223119600, "retainedEarnings": 9302190, "capitalSurplus": 251000000, "totalStockholderEquity": 483421790, "netTangibleAssets": -100718350}, {"maxAge": 1, "endDate": "2018-03-31", "cash": 13947319, "netReceivables": 39572373, "inventory": 126045152, "otherCurrentAssets": 39581106, "totalCurrentAssets": 237210898, "longTermInvestments": 2500000, "propertyPlantEquipment": 9552150, "goodWill": 172525500, "intangibleAssets": 411348405, "otherAssets": 6387059, "deferredLongTermAssetCharges": 1025836, "totalAssets": 839524012, "accountsPayable": 170101336, "otherCurrentLiab": 190076071, "longTermDebt": 316642532, "otherLiab": 19363173, "totalCurrentLiabilities": 375974262, "totalLiab": 711979967, "commonStock": 126119600, "retainedEarnings": -18575555, "capitalSurplus": 20000000, "totalStockholderEquity": 127544045, "netTangibleAssets": -456329860}, {"maxAge": 1, "endDate": "2017-03-31", "cash": 138812767, "shortTermInvestments": 3913440, "netReceivables": 7612951, "otherCurrentAssets": 66772043, "totalCurrentAssets": 217111201, "propertyPlantEquipment": 836988, "intangibleAssets": 33819, "otherAssets": 1115999, "totalAssets": 219098007, "accountsPayable": 7823312, "otherCurrentLiab": 327225, "longTermDebt": 60000000, "otherLiab": 31050, "totalCurrentLiabilities": 10520131, "totalLiab": 70551181, "commonStock": 126119600, "retainedEarnings": 2427226, "capitalSurplus": 20000000, "totalStockholderEquity": 148546826, "netTangibleAssets": 148513007}], "maxAge": 86400}, "financialData": {"maxAge": 86400, "currentPrice": 267.5, "recommendationKey": "none", "grossProfits": 321230835, "financialCurrency": "INR"}}}