{"GPPL.BO": {"recommendationTrend": {"trend": [{"period": "0m", "strongBuy": 0, "buy": 0, "hold": 0, "sell": 0, "strongSell": 0}, {"period": "-1m", "strongBuy": 0, "buy": 0, "hold": 0, "sell": 0, "strongSell": 0}, {"period": "-2m", "strongBuy": 0, "buy": 0, "hold": 0, "sell": 0, "strongSell": 0}, {"period": "-3m", "strongBuy": 0, "buy": 0, "hold": 0, "sell": 0, "strongSell": 0}], "maxAge": 86400}, "cashflowStatementHistory": {"cashflowStatements": [{"maxAge": 1, "endDate": "2020-03-31", "netIncome": 3194420000, "depreciation": 1307480000, "changeToNetincome": -589560000, "changeToAccountReceivables": 8640000, "changeToLiabilities": -27050000, "changeToInventory": 6150000, "changeToOperatingActivities": -473650000, "totalCashFromOperatingActivities": 3433450000, "capitalExpenditures": -147500000, "investments": -1051360000, "otherCashflowsFromInvestingActivities": 350140000, "totalCashflowsFromInvestingActivities": -848710000, "dividendsPaid": -1883950000, "netBorrowings": -157900000, "otherCashflowsFromFinancingActivities": -461310000, "totalCashFromFinancingActivities": -2503160000, "changeInCash": 81580000}, {"maxAge": 1, "endDate": "2019-03-31", "netIncome": 2366800000, "depreciation": 1121700000, "changeToNetincome": -207570000, "changeToAccountReceivables": -293290000, "changeToLiabilities": 40840000, "changeToInventory": 39700000, "changeToOperatingActivities": -79980000, "totalCashFromOperatingActivities": 2994850000, "capitalExpenditures": -313540000, "investments": -1202220000, "otherCashflowsFromInvestingActivities": 255270000, "totalCashflowsFromInvestingActivities": -1260480000, "dividendsPaid": -1639250000, "netBorrowings": -157900000, "otherCashflowsFromFinancingActivities": -341510000, "totalCashFromFinancingActivities": -1980760000, "changeInCash": -246390000}, {"maxAge": 1, "endDate": "2018-03-31", "netIncome": 2210140000, "depreciation": 1030790000, "changeToNetincome": 91830000, "changeToAccountReceivables": -16200000, "changeToLiabilities": 28290000, "changeToInventory": 7880000, "changeToOperatingActivities": -212040000, "totalCashFromOperatingActivities": 3145540000, "capitalExpenditures": -539930000, "investments": -863790000, "otherCashflowsFromInvestingActivities": 115020000, "totalCashflowsFromInvestingActivities": -1287950000, "dividendsPaid": -1689140000, "netBorrowings": -157900000, "otherCashflowsFromFinancingActivities": -347940000, "totalCashFromFinancingActivities": -2037080000, "effectOfExchangeRate": -10000, "changeInCash": -179500000}, {"maxAge": 1, "endDate": "2017-03-31", "netIncome": 2822310000, "depreciation": 1059600000, "changeToNetincome": -148630000, "changeToAccountReceivables": 6220000, "changeToLiabilities": 117300000, "changeToInventory": -25880000, "changeToOperatingActivities": 221610000, "totalCashFromOperatingActivities": 4058080000, "capitalExpenditures": -1430430000, "investments": -1184050000, "otherCashflowsFromInvestingActivities": 167460000, "totalCashflowsFromInvestingActivities": -2446920000, "dividendsPaid": -1883980000, "netBorrowings": -157900000, "otherCashflowsFromFinancingActivities": -387850000, "totalCashFromFinancingActivities": -2271830000, "effectOfExchangeRate": -310000, "changeInCash": -660980000}], "maxAge": 86400}, "institutionOwnership": {"ownershipList": [], "maxAge": 1}, "balanceSheetHistoryQuarterly": {"balanceSheetStatements": [{"maxAge": 1, "endDate": "2020-06-30", "totalStockholderEquity": 22882590000, "netTangibleAssets": 22878640000}, {"maxAge": 1, "endDate": "2020-03-31", "cash": 189700000, "shortTermInvestments": 6299440000, "netReceivables": 487030000, "inventory": 123200000, "otherCurrentAssets": 44800000, "totalCurrentAssets": 7167780000, "longTermInvestments": 2864110000, "propertyPlantEquipment": 15878370000, "intangibleAssets": 3950000, "otherAssets": 376970000, "totalAssets": 26291180000, "accountsPayable": 298410000, "otherCurrentLiab": 611500000, "otherLiab": 1156670000, "totalCurrentLiabilities": 1856320000, "totalLiab": 3408590000, "commonStock": 4834400000, "retainedEarnings": 3759320000, "capitalSurplus": 14288870000, "totalStockholderEquity": 22882590000, "netTangibleAssets": 22878640000}, {"maxAge": 1, "endDate": "2019-12-31", "totalStockholderEquity": 22232060000, "netTangibleAssets": 22224640000}, {"maxAge": 1, "endDate": "2019-09-30", "cash": 5931980000, "shortTermInvestments": 24120000, "netReceivables": 622490000, "inventory": 74680000, "otherCurrentAssets": 341610000, "totalCurrentAssets": 6994880000, "longTermInvestments": 2665640000, "propertyPlantEquipment": 16409910000, "intangibleAssets": 7420000, "otherAssets": 200380000, "totalAssets": 26278230000, "accountsPayable": 443800000, "otherCurrentLiab": 1463890000, "otherLiab": 1461920000, "totalCurrentLiabilities": 2183420000, "totalLiab": 4046170000, "commonStock": 4834400000, "treasuryStock": 17397660000, "otherStockholderEquity": 17397660000, "totalStockholderEquity": 22232060000, "netTangibleAssets": 22224640000}], "maxAge": 86400}, "earningsHistory": {"history": [{"maxAge": 1, "epsActual": 1.15, "epsEstimate": 1.23, "epsDifference": -0.08, "surprisePercent": -0.065, "quarter": "2017-06-30", "period": "-4q"}, {"maxAge": 1, "epsActual": 0.91, "epsEstimate": 1.27, "epsDifference": -0.36, "surprisePercent": -0.283, "quarter": "2017-09-30", "period": "-3q"}, {"maxAge": 1, "epsActual": 1.03, "epsEstimate": 1.2, "epsDifference": -0.17, "surprisePercent": -0.142, "quarter": "2017-12-31", "period": "-2q"}, {"maxAge": 1, "epsActual": 1.0, "epsEstimate": 1.3, "epsDifference": -0.3, "surprisePercent": -0.231, "quarter": "2018-03-31", "period": "-1q"}], "maxAge": 86400}, "indexTrend": {"maxAge": 1, "symbol": "SP5", "peRatio": 19.7411, "pegRatio": 1.34172, "estimates": [{"period": "0q", "growth": 0.549}, {"period": "+1q", "growth": 0.431}, {"period": "0y", "growth": 0.305}, {"period": "+1y", "growth": 0.109}, {"period": "+5y", "growth": 0.120865}, {"period": "-5y"}]}, "industryTrend": {"maxAge": 1, "symbol": null, "estimates": []}, "insiderTransactions": {"transactions": [{"maxAge": 1, "shares": 4835000, "value": 5818922, "filerUrl": "", "transactionText": "Acquisition at price 1.20 per share.", "filerName": "APM Terminals Mauritius Ltd", "filerRelation": "Promoter", "moneyText": "", "startDate": "2020-06-26", "ownership": "D"}, {"maxAge": 1, "shares": 4500, "filerUrl": "", "transactionText": "", "filerName": "Tulsiani (Harsh)", "filerRelation": "UNREPORTED", "moneyText": "", "startDate": "2015-01-05", "ownership": "D"}, {"maxAge": 1, "shares": 9678418, "filerUrl": "", "transactionText": "", "filerName": "Matthews India Fund", "filerRelation": "Investment Advisor", "moneyText": "", "startDate": "2014-09-16", "ownership": "D"}, {"maxAge": 1, "shares": 1000, "filerUrl": "", "transactionText": "", "filerName": "Tulsiani (Harsh)", "filerRelation": "UNREPORTED", "moneyText": "", "startDate": "2013-06-25", "ownership": "D"}, {"maxAge": 1, "shares": 5000, "filerUrl": "", "transactionText": "", "filerName": "Tulsiani (Harsh)", "filerRelation": "UNREPORTED", "moneyText": "", "startDate": "2013-06-24", "ownership": "D"}, {"maxAge": 1, "shares": 2000, "filerUrl": "", "transactionText": "", "filerName": "Tulsiani (Harsh)", "filerRelation": "UNREPORTED", "moneyText": "", "startDate": "2013-06-13", "ownership": "D"}, {"maxAge": 1, "shares": 540000, "filerUrl": "", "transactionText": "", "filerName": "Matthews India Fund", "filerRelation": "Investment Advisor", "moneyText": "", "startDate": "2013-03-26", "ownership": "D"}, {"maxAge": 1, "shares": 5000, "filerUrl": "", "transactionText": "", "filerName": "Tulsiani (Harsh)", "filerRelation": "UNREPORTED", "moneyText": "", "startDate": "2013-02-27", "ownership": "D"}, {"maxAge": 1, "shares": 1000, "filerUrl": "", "transactionText": "", "filerName": "Tulsiani (Harsh)", "filerRelation": "UNREPORTED", "moneyText": "", "startDate": "2011-12-20", "ownership": "D"}, {"maxAge": 1, "shares": 500, "filerUrl": "", "transactionText": "", "filerName": "Tulsiani (Harsh)", "filerRelation": "UNREPORTED", "moneyText": "", "startDate": "2011-12-19", "ownership": "D"}, {"maxAge": 1, "shares": 1000, "filerUrl": "", "transactionText": "", "filerName": "Tulsiani (Harsh)", "filerRelation": "UNREPORTED", "moneyText": "", "startDate": "2011-12-09", "ownership": "D"}, {"maxAge": 1, "shares": 500, "filerUrl": "", "transactionText": "", "filerName": "Tulsiani (Harsh)", "filerRelation": "UNREPORTED", "moneyText": "", "startDate": "2011-11-23", "ownership": "D"}, {"maxAge": 1, "shares": 500, "filerUrl": "", "transactionText": "", "filerName": "Tulsiani (Harsh)", "filerRelation": "UNREPORTED", "moneyText": "", "startDate": "2011-11-18", "ownership": "D"}, {"maxAge": 1, "shares": 500, "filerUrl": "", "transactionText": "", "filerName": "Tulsiani (Harsh)", "filerRelation": "UNREPORTED", "moneyText": "", "startDate": "2011-11-17", "ownership": "D"}, {"maxAge": 1, "shares": 3400000, "filerUrl": "", "transactionText": "", "filerName": "IDFC Trustee Company Ltd A/C IDFC Infrastructure Fund 2 A/C", "filerRelation": "Private Equity", "moneyText": "", "startDate": "2011-10-13", "ownership": "D"}, {"maxAge": 1, "shares": 69875, "filerUrl": "", "transactionText": "", "filerName": "Tulsiani (Prakash)", "filerRelation": "Managing Director", "moneyText": "", "startDate": "2011-08-05", "ownership": "D"}, {"maxAge": 1, "shares": 10115915, "filerUrl": "", "transactionText": "", "filerName": "IDFC Trustee Company Ltd A/C IDFC Infrastructure Fund 2 A/C", "filerRelation": "Private Equity", "moneyText": "", "startDate": "2011-08-04", "ownership": "D"}, {"maxAge": 1, "shares": 6253709, "filerUrl": "", "transactionText": "", "filerName": "IDFC Trustee Company Ltd A/C IDFC Infrastructure Fund 2 A/C", "filerRelation": "Private Equity", "moneyText": "", "startDate": "2011-08-01", "ownership": "D"}, {"maxAge": 1, "shares": 73375, "filerUrl": "", "transactionText": "", "filerName": "Tulsiani (Prakash)", "filerRelation": "Managing Director", "moneyText": "", "startDate": "2010-12-13", "ownership": "D"}, {"maxAge": 1, "shares": 8657, "filerUrl": "", "transactionText": "", "filerName": "Tulsiani (Prakash)", "filerRelation": "Managing Director", "moneyText": "", "startDate": "2010-09-06", "ownership": "D"}, {"maxAge": 1, "shares": 282, "filerUrl": "", "transactionText": "", "filerName": "Tulsiani (Kiran)", "filerRelation": "UNREPORTED", "moneyText": "", "startDate": "2010-09-06", "ownership": "D"}], "maxAge": 1}, "quoteType": {"exchange": "BSE", "quoteType": "EQUITY", "symbol": "GPPL.BO", "underlyingSymbol": "GPPL.BO", "shortName": "GUJARAT PIPAVAV PORT LTD.", "longName": "Gujarat Pipavav Port Limited", "firstTradeDateEpochUtc": "2010-09-09 09:15:00", "timeZoneFullName": "Asia/Kolkata", "timeZoneShortName": "IST", "uuid": "a587b9bb-55d4-3e35-b331-883f2da8f829", "gmtOffSetMilliseconds": 19800000, "maxAge": 1}, "incomeStatementHistory": {"incomeStatementHistory": [{"maxAge": 1, "endDate": "2020-03-31", "totalRevenue": 7353690000, "costOfRevenue": 2171020000, "grossProfit": 5182670000, "researchDevelopment": {}, "sellingGeneralAdministrative": 51450000, "nonRecurring": {}, "otherOperatingExpenses": 634610000, "totalOperatingExpenses": 4173110000, "operatingIncome": 3180580000, "totalOtherIncomeExpenseNet": 676350000, "ebit": 3180580000, "interestExpense": -69840000, "incomeBeforeTax": 3856930000, "incomeTaxExpense": 662510000, "minorityInterest": {}, "netIncomeFromContinuingOps": 3194420000, "discontinuedOperations": {}, "extraordinaryItems": {}, "effectOfAccountingCharges": {}, "otherItems": {}, "netIncome": 3194420000, "netIncomeApplicableToCommonShares": 3194420000}, {"maxAge": 1, "endDate": "2019-03-31", "totalRevenue": 7019800000, "costOfRevenue": 2393670000, "grossProfit": 4626130000, "researchDevelopment": {}, "sellingGeneralAdministrative": 33060000, "nonRecurring": {}, "otherOperatingExpenses": 677030000, "totalOperatingExpenses": 4235140000, "operatingIncome": 2784660000, "totalOtherIncomeExpenseNet": 734960000, "ebit": 2784660000, "interestExpense": -69840000, "incomeBeforeTax": 3519620000, "incomeTaxExpense": 1152820000, "minorityInterest": {}, "netIncomeFromContinuingOps": 2366800000, "discontinuedOperations": {}, "extraordinaryItems": {}, "effectOfAccountingCharges": {}, "otherItems": {}, "netIncome": 2366800000, "netIncomeApplicableToCommonShares": 2366800000}, {"maxAge": 1, "endDate": "2018-03-31", "totalRevenue": 6489000000, "costOfRevenue": 2035680000, "grossProfit": 4453320000, "researchDevelopment": {}, "sellingGeneralAdministrative": 30720000, "nonRecurring": {}, "otherOperatingExpenses": 653160000, "totalOperatingExpenses": 3755200000, "operatingIncome": 2733800000, "totalOtherIncomeExpenseNet": 563780000, "ebit": 2733800000, "interestExpense": -3480000, "incomeBeforeTax": 3297580000, "incomeTaxExpense": 1087440000, "minorityInterest": {}, "netIncomeFromContinuingOps": 2210140000, "discontinuedOperations": {}, "extraordinaryItems": {}, "effectOfAccountingCharges": {}, "otherItems": {}, "netIncome": 2210140000, "netIncomeApplicableToCommonShares": 2210140000}, {"maxAge": 1, "endDate": "2017-03-31", "totalRevenue": 6831040000, "costOfRevenue": 1957980000, "grossProfit": 4873060000, "researchDevelopment": {}, "sellingGeneralAdministrative": 30220000, "nonRecurring": {}, "otherOperatingExpenses": 594060000, "totalOperatingExpenses": 3647410000, "operatingIncome": 3183630000, "totalOtherIncomeExpenseNet": 609870000, "ebit": 3183630000, "interestExpense": -4030000, "incomeBeforeTax": 3793500000, "incomeTaxExpense": 971190000, "minorityInterest": {}, "netIncomeFromContinuingOps": 2822310000, "discontinuedOperations": {}, "extraordinaryItems": {}, "effectOfAccountingCharges": {}, "otherItems": {}, "netIncome": 2822310000, "netIncomeApplicableToCommonShares": 2822310000}], "maxAge": 86400}, "fundOwnership": {"ownershipList": [{"maxAge": 1, "reportDate": "2020-07-31", "organization": "Vanguard Whitehall Funds-International Explorer Fund", "pctHeld": 0.0139, "position": 6724221, "value": 503980363}, {"maxAge": 1, "reportDate": "2020-07-31", "organization": "Vanguard International Stock Index-Total Intl Stock Indx", "pctHeld": 0.0066000004, "position": 3214084, "value": 240895595}, {"maxAge": 1, "reportDate": "2020-07-31", "organization": "Vanguard International Stock Index-Emerging Markets Stk", "pctHeld": 0.0062, "position": 2991738, "value": 224230763}, {"maxAge": 1, "reportDate": "2020-07-31", "organization": "iShares Core MSCI Emerging Markets ETF", "pctHeld": 0.0046, "position": 2217699, "value": 166216540}, {"maxAge": 1, "reportDate": "2020-07-31", "organization": "DFA Emerging Markets Core Equity Portfolio", "pctHeld": 0.003, "position": 1452353, "value": 108853857}, {"maxAge": 1, "reportDate": "2020-07-31", "organization": "DFA Emerging Markets Small Cap Series", "pctHeld": 0.0026, "position": 1270512, "value": 95224874}, {"maxAge": 1, "reportDate": "2020-07-31", "organization": "Vanguard Intl Equity Index Fds-FTSE All World ex U.S.Small Cap Index", "pctHeld": 0.0013, "position": 628748, "value": 47124662}, {"maxAge": 1, "reportDate": "2020-08-31", "organization": "iShares MSCI India Small Cap ETF", "pctHeld": 0.001, "position": 479360, "value": 38396736}, {"maxAge": 1, "reportDate": "2020-07-31", "organization": "DFA Investment Dimensions-DFA Emerging Mkts Value", "pctHeld": 0.0008, "position": 388699, "value": 29132990}, {"maxAge": 1, "reportDate": "2020-08-31", "organization": "SPDR (R) Idx Shares-SPDR (R) Emerging Markets Small Cap ETF", "pctHeld": 0.0008, "position": 374834, "value": 30024203}], "maxAge": 1}, "summaryDetail": {"maxAge": 1, "priceHint": 2, "previousClose": 94.0, "open": 93.95, "dayLow": 91.5, "dayHigh": 94.4, "regularMarketPreviousClose": 94.0, "regularMarketOpen": 93.95, "regularMarketDayLow": 91.5, "regularMarketDayHigh": 94.4, "trailingPE": 14.229403, "forwardPE": 14.47327, "volume": 18598, "regularMarketVolume": 18598, "averageVolume": 72317, "averageVolume10days": 26469, "averageDailyVolume10Day": 26469, "bid": 91.35, "ask": 92.55, "bidSize": 0, "askSize": 0, "marketCap": 44318117888, "fiftyTwoWeekLow": 45.5, "fiftyTwoWeekHigh": 105.85, "fiftyDayAverage": 91.65303, "twoHundredDayAverage": 86.69044, "trailingAnnualDividendRate": 5.6, "trailingAnnualDividendYield": 0.059574466, "currency": "INR", "fromCurrency": null, "lastMarket": null, "algorithm": null, "tradeable": false}, "sectorTrend": {"maxAge": 1, "symbol": null, "estimates": []}, "incomeStatementHistoryQuarterly": {"incomeStatementHistory": [{"maxAge": 1, "endDate": "2020-06-30", "totalRevenue": 1589760000, "costOfRevenue": 410730000, "grossProfit": 1179030000, "researchDevelopment": {}, "sellingGeneralAdministrative": {}, "nonRecurring": {}, "otherOperatingExpenses": 224060000, "totalOperatingExpenses": 966070000, "operatingIncome": 623690000, "totalOtherIncomeExpenseNet": 111270000, "ebit": 623690000, "interestExpense": -16960000, "incomeBeforeTax": 734960000, "incomeTaxExpense": 253390000, "minorityInterest": {}, "netIncomeFromContinuingOps": 481570000, "discontinuedOperations": {}, "extraordinaryItems": {}, "effectOfAccountingCharges": {}, "otherItems": {}, "netIncome": 481570000, "netIncomeApplicableToCommonShares": 481570000}, {"maxAge": 1, "endDate": "2020-03-31", "totalRevenue": 1619420000, "costOfRevenue": 728690000, "grossProfit": 890730000, "researchDevelopment": {}, "sellingGeneralAdministrative": 51450000, "nonRecurring": {}, "otherOperatingExpenses": -195300000, "totalOperatingExpenses": 924770000, "operatingIncome": 694650000, "totalOtherIncomeExpenseNet": 131540000, "ebit": 694650000, "interestExpense": -15670000, "incomeBeforeTax": 826190000, "incomeTaxExpense": 284820000, "minorityInterest": {}, "netIncomeFromContinuingOps": 541370000, "discontinuedOperations": {}, "extraordinaryItems": {}, "effectOfAccountingCharges": {}, "otherItems": {}, "netIncome": 541370000, "netIncomeApplicableToCommonShares": 541370000}, {"maxAge": 1, "endDate": "2019-12-31", "totalRevenue": 1965810000, "costOfRevenue": 515800000, "grossProfit": 1450010000, "researchDevelopment": {}, "sellingGeneralAdministrative": 51450000, "nonRecurring": {}, "otherOperatingExpenses": 279500000, "totalOperatingExpenses": 1128000000, "operatingIncome": 837810000, "totalOtherIncomeExpenseNet": 231110000, "ebit": 837810000, "interestExpense": -19080000, "incomeBeforeTax": 1068920000, "incomeTaxExpense": -271150000, "minorityInterest": {}, "netIncomeFromContinuingOps": 1340070000, "discontinuedOperations": {}, "extraordinaryItems": {}, "effectOfAccountingCharges": {}, "otherItems": {}, "netIncome": 1340070000, "netIncomeApplicableToCommonShares": 1340070000}, {"maxAge": 1, "endDate": "2019-09-30", "totalRevenue": 1992260000, "costOfRevenue": 471280000, "grossProfit": 1520980000, "researchDevelopment": {}, "sellingGeneralAdministrative": 51450000, "nonRecurring": {}, "otherOperatingExpenses": 253760000, "totalOperatingExpenses": 1052390000, "operatingIncome": 939870000, "totalOtherIncomeExpenseNet": 183650000, "ebit": 939870000, "interestExpense": -18060000, "incomeBeforeTax": 1123520000, "incomeTaxExpense": 360710000, "minorityInterest": {}, "netIncomeFromContinuingOps": 762810000, "discontinuedOperations": {}, "extraordinaryItems": {}, "effectOfAccountingCharges": {}, "otherItems": {}, "netIncome": 762810000, "netIncomeApplicableToCommonShares": 762810000}], "maxAge": 86400}, "cashflowStatementHistoryQuarterly": {"cashflowStatements": [{"maxAge": 1, "endDate": "2020-06-30", "netIncome": 481570000, "changeToLiabilities": 0}, {"maxAge": 1, "endDate": "2020-03-31", "netIncome": 541370000, "changeToLiabilities": 0}, {"maxAge": 1, "endDate": "2019-12-31", "netIncome": 1340070000, "changeToLiabilities": 0}, {"maxAge": 1, "endDate": "2019-09-30", "netIncome": 762810000, "changeToLiabilities": 0}], "maxAge": 86400}, "insiderHolders": {"holders": [{"maxAge": 1, "name": "APM Terminals Mauritius Ltd", "relation": "Promoter", "url": "", "transactionDescription": "Acquisition", "latestTransDate": "2020-06-26", "positionDirect": 212738931, "positionDirectDate": "2020-06-26"}, {"maxAge": 1, "name": "IDFC Trustee Company Ltd A/C IDFC Infrastructure Fund 2 A/C", "relation": "Private Equity", "url": "", "transactionDescription": "Sale", "latestTransDate": "2011-10-13", "positionDirect": 12276911, "positionDirectDate": "2011-10-13"}, {"maxAge": 1, "name": "Matthews India Fund", "relation": "Investment Advisor", "url": "", "transactionDescription": "Sale", "latestTransDate": "2014-09-16", "positionDirect": 14976207, "positionDirectDate": "2014-09-16"}, {"maxAge": 1, "name": "Tulsiani (Harsh)", "relation": "UNREPORTED", "url": "", "transactionDescription": "Sale", "latestTransDate": "2015-01-05", "positionDirect": 12500, "positionDirectDate": "2015-01-05"}, {"maxAge": 1, "name": "Tulsiani (Kiran)", "relation": "UNREPORTED", "url": "", "transactionDescription": "Acquisition", "latestTransDate": "2010-09-06", "positionDirect": 500, "positionDirectDate": "2010-09-06"}, {"maxAge": 1, "name": "Tulsiani (Prakash)", "relation": "Managing Director", "url": "", "transactionDescription": "Acquisition", "latestTransDate": "2011-08-05", "positionDirect": 22000, "positionDirectDate": "2011-08-05"}], "maxAge": 1}, "earnings": {"maxAge": 86400, "earningsChart": {"quarterly": [{"date": "2Q2017", "actual": 1.15, "estimate": 1.23}, {"date": "3Q2017", "actual": 0.91, "estimate": 1.27}, {"date": "4Q2017", "actual": 1.03, "estimate": 1.2}, {"date": "1Q2018", "actual": 1.0, "estimate": 1.3}], "currentQuarterEstimate": 1.61, "currentQuarterEstimateDate": "2Q", "currentQuarterEstimateYear": 2018, "earningsDate": ["2019-02-02 05:30:S", "2019-02-04 05:30:S"]}, "financialsChart": {"yearly": [{"date": 2017, "revenue": 6831040000, "earnings": 2822310000}, {"date": 2018, "revenue": 6489000000, "earnings": 2210140000}, {"date": 2019, "revenue": 7019800000, "earnings": 2366800000}, {"date": 2020, "revenue": 7353690000, "earnings": 3194420000}], "quarterly": [{"date": "3Q2019", "revenue": 1992260000, "earnings": 762810000}, {"date": "4Q2019", "revenue": 1965810000, "earnings": 1340070000}, {"date": "1Q2020", "revenue": 1619420000, "earnings": 541370000}, {"date": "2Q2020", "revenue": 1589760000, "earnings": 481570000}]}, "financialCurrency": "INR"}, "calendarEvents": {"maxAge": 1, "earnings": {"earningsDate": ["2019-02-02 05:30:S", "2019-02-04 05:30:S"], "earningsAverage": 1.61, "earningsLow": 1.61, "earningsHigh": 1.61, "revenueAverage": 1949380000, "revenueLow": 1949380000, "revenueHigh": 1949380000}}, "upgradeDowngradeHistory": {"history": [], "maxAge": 86400}, "price": {"maxAge": 1, "regularMarketChangePercent": -0.020744648, "regularMarketChange": -1.949997, "regularMarketTime": "2021-04-30 15:29:41", "priceHint": 2, "regularMarketPrice": 92.05, "regularMarketDayHigh": 94.4, "regularMarketDayLow": 91.5, "regularMarketVolume": 18598, "averageDailyVolume10Day": 26469, "averageDailyVolume3Month": 72317, "regularMarketPreviousClose": 94.0, "regularMarketSource": "FREE_REALTIME", "regularMarketOpen": 93.95, "exchange": "BSE", "exchangeName": "BSE", "exchangeDataDelayedBy": 0, "marketState": "CLOSED", "quoteType": "EQUITY", "symbol": "GPPL.BO", "underlyingSymbol": null, "shortName": "GUJARAT PIPAVAV PORT LTD.", "longName": "Gujarat Pipavav Port Limited", "currency": "INR", "quoteSourceName": "Delayed Quote", "currencySymbol": "\u20b9", "fromCurrency": null, "lastMarket": null, "marketCap": 44318117888}, "balanceSheetHistory": {"balanceSheetStatements": [{"maxAge": 1, "endDate": "2020-03-31", "cash": 189700000, "shortTermInvestments": 6299440000, "netReceivables": 487030000, "inventory": 123200000, "otherCurrentAssets": 44800000, "totalCurrentAssets": 7167780000, "longTermInvestments": 2864110000, "propertyPlantEquipment": 15878370000, "intangibleAssets": 3950000, "otherAssets": 376970000, "totalAssets": 26291180000, "accountsPayable": 298410000, "otherCurrentLiab": 611500000, "otherLiab": 1156670000, "totalCurrentLiabilities": 1856320000, "totalLiab": 3408590000, "commonStock": 4834400000, "retainedEarnings": 3759320000, "capitalSurplus": 14288870000, "totalStockholderEquity": 22882590000, "netTangibleAssets": 22878640000}, {"maxAge": 1, "endDate": "2019-03-31", "cash": 108120000, "shortTermInvestments": 5224570000, "netReceivables": 573320000, "inventory": 123780000, "otherCurrentAssets": 270310000, "totalCurrentAssets": 6317100000, "longTermInvestments": 2594180000, "propertyPlantEquipment": 16345280000, "intangibleAssets": 9140000, "otherAssets": 191130000, "totalAssets": 25456830000, "accountsPayable": 325470000, "otherCurrentLiab": 1013300000, "otherLiab": 1179310000, "totalCurrentLiabilities": 2303220000, "totalLiab": 3482530000, "commonStock": 4834400000, "retainedEarnings": 2851030000, "capitalSurplus": 14288870000, "totalStockholderEquity": 21974300000, "netTangibleAssets": 21965160000}, {"maxAge": 1, "endDate": "2018-03-31", "cash": 354510000, "shortTermInvestments": 3948790000, "netReceivables": 263690000, "inventory": 247340000, "otherCurrentAssets": 52780000, "totalCurrentAssets": 4875280000, "longTermInvestments": 2283870000, "propertyPlantEquipment": 17171140000, "intangibleAssets": 14880000, "otherAssets": 213460000, "totalAssets": 24558630000, "accountsPayable": 284630000, "otherCurrentLiab": 1119310000, "otherLiab": 787890000, "totalCurrentLiabilities": 2176280000, "totalLiab": 2964170000, "commonStock": 4834400000, "retainedEarnings": 2471190000, "capitalSurplus": 14288870000, "totalStockholderEquity": 21594460000, "netTangibleAssets": 21579580000}, {"maxAge": 1, "endDate": "2017-03-31", "cash": 534010000, "shortTermInvestments": 2965360000, "netReceivables": 288740000, "inventory": 222890000, "otherCurrentAssets": 40680000, "totalCurrentAssets": 4065070000, "longTermInvestments": 2058230000, "propertyPlantEquipment": 17675540000, "intangibleAssets": 8560000, "otherAssets": 926560000, "deferredLongTermAssetCharges": 416050000, "totalAssets": 24733960000, "accountsPayable": 256350000, "otherCurrentLiab": 1554920000, "otherLiab": 880290000, "totalCurrentLiabilities": 2430460000, "totalLiab": 3310750000, "commonStock": 4834400000, "retainedEarnings": 2299940000, "capitalSurplus": 14288870000, "totalStockholderEquity": 21423210000, "netTangibleAssets": 21414650000}], "maxAge": 86400}, "earningsTrend": {"trend": [{"maxAge": 1, "period": "0q", "endDate": "2018-06-30", "growth": 0.4, "earningsEstimate": {"avg": 1.61, "low": 1.61, "high": 1.61, "yearAgoEps": 1.15, "numberOfAnalysts": 1, "growth": 0.4}, "revenueEstimate": {"avg": 1949380000, "low": 1949380000, "high": 1949380000, "numberOfAnalysts": 1, "yearAgoRevenue": 1690590000, "growth": 0.153}, "epsTrend": {"current": 1.61, "7daysAgo": 1.61, "30daysAgo": 1.61, "60daysAgo": 1.74, "90daysAgo": 0.0}, "epsRevisions": {"upLast7days": 0, "upLast30days": 0, "downLast30days": 0, "downLast90days": {}}}, {"maxAge": 1, "period": "+1q", "endDate": "2018-09-30", "growth": 0.582, "earningsEstimate": {"avg": 1.44, "low": 1.44, "high": 1.44, "yearAgoEps": 0.91, "numberOfAnalysts": 1, "growth": 0.582}, "revenueEstimate": {"avg": 1748900000, "low": 1748900000, "high": 1748900000, "numberOfAnalysts": 1, "yearAgoRevenue": 1516720000, "growth": 0.153}, "epsTrend": {"current": 1.44, "7daysAgo": 1.44, "30daysAgo": 1.44, "60daysAgo": 1.56, "90daysAgo": 0.0}, "epsRevisions": {"upLast7days": 0, "upLast30days": 0, "downLast30days": 0, "downLast90days": {}}}, {"maxAge": 1, "period": "0y", "endDate": "2019-03-31", "growth": 0.393, "earningsEstimate": {"avg": 5.71, "low": 4.3, "high": 6.84, "yearAgoEps": 4.1, "numberOfAnalysts": 13, "growth": 0.393}, "revenueEstimate": {"avg": 7694500000, "low": 6825000000, "high": 8589790000, "numberOfAnalysts": 12, "yearAgoRevenue": 6489000000, "growth": 0.186}, "epsTrend": {"current": 5.71, "7daysAgo": 5.71, "30daysAgo": 5.78, "60daysAgo": 5.96, "90daysAgo": 5.96}, "epsRevisions": {"upLast7days": 0, "upLast30days": 0, "downLast30days": 0, "downLast90days": {}}}, {"maxAge": 1, "period": "+1y", "endDate": "2020-03-31", "growth": 0.189, "earningsEstimate": {"avg": 6.79, "low": 4.8, "high": 8.25, "yearAgoEps": 5.71, "numberOfAnalysts": 12, "growth": 0.189}, "revenueEstimate": {"avg": 8966740000, "low": 7504000000, "high": 9958410000, "numberOfAnalysts": 11, "yearAgoRevenue": 7694500000, "growth": 0.165}, "epsTrend": {"current": 6.79, "7daysAgo": 6.79, "30daysAgo": 6.9, "60daysAgo": 7.13, "90daysAgo": 7.13}, "epsRevisions": {"upLast7days": 0, "upLast30days": 0, "downLast30days": 0, "downLast90days": {}}}, {"maxAge": 1, "period": "+5y", "endDate": null, "growth": 0.0664, "earningsEstimate": {"avg": {}, "low": {}, "high": {}, "yearAgoEps": {}, "numberOfAnalysts": {}, "growth": {}}, "revenueEstimate": {"avg": {}, "low": {}, "high": {}, "numberOfAnalysts": {}, "yearAgoRevenue": {}, "growth": {}}, "epsTrend": {"current": {}, "7daysAgo": {}, "30daysAgo": {}, "60daysAgo": {}, "90daysAgo": {}}, "epsRevisions": {"upLast7days": {}, "upLast30days": {}, "downLast30days": {}, "downLast90days": {}}}, {"maxAge": 1, "period": "-5y", "endDate": null, "growth": 0.27066, "earningsEstimate": {"avg": {}, "low": {}, "high": {}, "yearAgoEps": {}, "numberOfAnalysts": {}, "growth": {}}, "revenueEstimate": {"avg": {}, "low": {}, "high": {}, "numberOfAnalysts": {}, "yearAgoRevenue": {}, "growth": {}}, "epsTrend": {"current": {}, "7daysAgo": {}, "30daysAgo": {}, "60daysAgo": {}, "90daysAgo": {}}, "epsRevisions": {"upLast7days": {}, "upLast30days": {}, "downLast30days": {}, "downLast90days": {}}}], "maxAge": 1}, "financialData": {"maxAge": 86400, "currentPrice": 92.05, "targetHighPrice": 203.0, "targetLowPrice": 110.0, "targetMeanPrice": 153.14, "targetMedianPrice": 150.0, "recommendationMean": 2.5, "recommendationKey": "buy", "numberOfAnalystOpinions": 21, "grossProfits": 5182670000, "financialCurrency": "INR"}}}