{"GPPL.NS": {"assetProfile": {"address1": "504, Godrej Two", "address2": "5th Floor Pirojshanagar Vikhroli East", "city": "Mumbai", "zip": "400079", "country": "India", "phone": "91 22 3001 1300", "fax": "91 22 2652 2422", "website": "http://www.pipavav.com", "industry": "Marine Shipping", "sector": "Industrials", "longBusinessSummary": "Gujarat Pipavav Port Limited engages in the construction, operation, and maintenance of port at Pipavav in Gujarat, India. It provides port services, including marine services, berth hire, wharfage, container handling, yard operations, stevedorage, and other services. The company's port handles container cargo, such as cotton, wood pulp, sesame seeds, cattle feeds, agricultural products, ceramic tiles, soda ash, auto parts, spices, capital goods, scrap, water paper, and electronics; bulk and break bulk cargo, such as coal, cement, clinker, fertilizers, steel, iron ore, and salt; and liquid cargo, including LPG, POL, chemicals, veg oil, bitumen, etc., as well as offers roll-on roll-off services. Gujarat Pipavav Port Limited was incorporated in 1992 and is based in Mumbai, India.", "fullTimeEmployees": 494, "companyOfficers": [{"maxAge": 1, "name": "Mr. Jakob Friis Sorensen", "title": "MD & Director", "fiscalYear": 2020, "totalPay": 30200000, "exercisedValue": 0, "unexercisedValue": 0}, {"maxAge": 1, "name": "Captain Padmini Kant Mishra", "title": "Head of Bulk, Liquid and RoRo business", "fiscalYear": 2020, "totalPay": 7479090, "exercisedValue": 0, "unexercisedValue": 0}, {"maxAge": 1, "name": "Mr. Santosh  Breed", "title": "GM of Fin. & Accounts and CFO", "fiscalYear": 2019, "exercisedValue": 0, "unexercisedValue": 0}, {"maxAge": 1, "name": "Ms. Harsha  Mashelkar", "title": "Head of HR, Admin. & Corp. Social Responsibility", "exercisedValue": 0, "unexercisedValue": 0}, {"maxAge": 1, "name": "Mr. Manish Rajendraprasad Agnihotri", "title": "Company Sec. & Compliance Officer", "exercisedValue": 0, "unexercisedValue": 0}, {"maxAge": 1, "name": "Mr. Jaspal Singh Bakshi", "age": 61, "title": "Head of Information Technology and Communications", "yearBorn": 1959, "exercisedValue": 0, "unexercisedValue": 0}, {"maxAge": 1, "name": "Mr. Mikito  Shirai", "title": "Head of Planning and Production Engineering", "exercisedValue": 0, "unexercisedValue": 0}, {"maxAge": 1, "name": "Captain Dinesh  Lokapure", "age": 60, "title": "Head of Bulk & Liquid Bus.", "yearBorn": 1960, "exercisedValue": 0, "unexercisedValue": 0}, {"maxAge": 1, "name": "Captain Ashok  Gole", "age": 70, "title": "Exec. of Marine Operations", "yearBorn": 1950, "exercisedValue": 0, "unexercisedValue": 0}], "compensationAsOfEpochDate": "2020-12-31 05:30:00", "maxAge": 86400}, "recommendationTrend": {"trend": [{"period": "0m", "strongBuy": 0, "buy": 0, "hold": 0, "sell": 0, "strongSell": 0}, {"period": "-1m", "strongBuy": 4, "buy": 6, "hold": 8, "sell": 4, "strongSell": 0}, {"period": "-2m", "strongBuy": 4, "buy": 6, "hold": 8, "sell": 3, "strongSell": 0}, {"period": "-3m", "strongBuy": 4, "buy": 6, "hold": 7, "sell": 4, "strongSell": 0}], "maxAge": 86400}, "cashflowStatementHistory": {"cashflowStatements": [{"maxAge": 1, "endDate": "2020-03-31", "netIncome": 3194420000, "depreciation": 1307480000, "changeToNetincome": -589560000, "changeToAccountReceivables": 8640000, "changeToLiabilities": -27050000, "changeToInventory": 6150000, "changeToOperatingActivities": -473650000, "totalCashFromOperatingActivities": 3433450000, "capitalExpenditures": -147500000, "investments": -1051360000, "otherCashflowsFromInvestingActivities": 350140000, "totalCashflowsFromInvestingActivities": -848710000, "dividendsPaid": -1883950000, "netBorrowings": -157900000, "otherCashflowsFromFinancingActivities": -461310000, "totalCashFromFinancingActivities": -2503160000, "changeInCash": 81580000}, {"maxAge": 1, "endDate": "2019-03-31", "netIncome": 2366800000, "depreciation": 1121700000, "changeToNetincome": -207570000, "changeToAccountReceivables": -293290000, "changeToLiabilities": 40840000, "changeToInventory": 39700000, "changeToOperatingActivities": -79980000, "totalCashFromOperatingActivities": 2994850000, "capitalExpenditures": -313540000, "investments": -1202220000, "otherCashflowsFromInvestingActivities": 255270000, "totalCashflowsFromInvestingActivities": -1260480000, "dividendsPaid": -1639250000, "netBorrowings": -157900000, "otherCashflowsFromFinancingActivities": -341510000, "totalCashFromFinancingActivities": -1980760000, "changeInCash": -246390000}, {"maxAge": 1, "endDate": "2018-03-31", "netIncome": 2210140000, "depreciation": 1030790000, "changeToNetincome": 91830000, "changeToAccountReceivables": -16200000, "changeToLiabilities": 28290000, "changeToInventory": 7880000, "changeToOperatingActivities": -212040000, "totalCashFromOperatingActivities": 3145540000, "capitalExpenditures": -539930000, "investments": -863790000, "otherCashflowsFromInvestingActivities": 115020000, "totalCashflowsFromInvestingActivities": -1287950000, "dividendsPaid": -1689140000, "netBorrowings": -157900000, "otherCashflowsFromFinancingActivities": -347940000, "totalCashFromFinancingActivities": -2037080000, "effectOfExchangeRate": -10000, "changeInCash": -179500000}, {"maxAge": 1, "endDate": "2017-03-31", "netIncome": 2822310000, "depreciation": 1059600000, "changeToNetincome": -148630000, "changeToAccountReceivables": 6220000, "changeToLiabilities": 117300000, "changeToInventory": -25880000, "changeToOperatingActivities": 221610000, "totalCashFromOperatingActivities": 4058080000, "capitalExpenditures": -1430430000, "investments": -1184050000, "otherCashflowsFromInvestingActivities": 167460000, "totalCashflowsFromInvestingActivities": -2446920000, "dividendsPaid": -1883980000, "netBorrowings": -157900000, "otherCashflowsFromFinancingActivities": -387850000, "totalCashFromFinancingActivities": -2271830000, "effectOfExchangeRate": -310000, "changeInCash": -660980000}], "maxAge": 86400}, "indexTrend": {"maxAge": 1, "symbol": "SP5", "peRatio": 19.7411, "pegRatio": 1.34172, "estimates": [{"period": "0q", "growth": 0.549}, {"period": "+1q", "growth": 0.431}, {"period": "0y", "growth": 0.305}, {"period": "+1y", "growth": 0.109}, {"period": "+5y", "growth": 0.120865}, {"period": "-5y"}]}, "defaultKeyStatistics": {"maxAge": 1, "priceHint": 2, "enterpriseValue": 39675461632, "profitMargins": 0.30015, "floatShares": 266010014, "sharesOutstanding": 483440000, "heldPercentInsiders": 0.45264, "heldPercentInstitutions": 0.41296002, "beta": 0.615806, "category": null, "bookValue": 45.95, "priceToBook": 2.0065289, "fundFamily": null, "legalType": null, "lastFiscalYearEnd": "2020-03-31 05:30:00", "nextFiscalYearEnd": "2022-03-31 05:30:00", "mostRecentQuarter": "2020-12-31 05:30:00", "earningsQuarterlyGrowth": -0.562, "netIncomeToCommon": 2107000064, "trailingEps": 4.359, "forwardEps": 6.36, "lastSplitFactor": null, "enterpriseToRevenue": 5.652, "enterpriseToEbitda": 10.23}, "industryTrend": {"maxAge": 1, "symbol": null, "estimates": []}, "quoteType": {"exchange": "NSI", "quoteType": "EQUITY", "symbol": "GPPL.NS", "underlyingSymbol": "GPPL.NS", "shortName": "GUJARAT PIPAVAV PO", "longName": "Gujarat Pipavav Port Limited", "firstTradeDateEpochUtc": "2010-09-09 09:15:00", "timeZoneFullName": "Asia/Kolkata", "timeZoneShortName": "IST", "uuid": "3a062e30-81f7-31f7-870f-262dbbb0cf6f", "gmtOffSetMilliseconds": 19800000, "maxAge": 1}, "incomeStatementHistory": {"incomeStatementHistory": [{"maxAge": 1, "endDate": "2020-03-31", "totalRevenue": 7353690000, "costOfRevenue": 2171020000, "grossProfit": 5182670000, "researchDevelopment": {}, "sellingGeneralAdministrative": 51450000, "nonRecurring": {}, "otherOperatingExpenses": 634610000, "totalOperatingExpenses": 4173110000, "operatingIncome": 3180580000, "totalOtherIncomeExpenseNet": 676350000, "ebit": 3180580000, "interestExpense": -69840000, "incomeBeforeTax": 3856930000, "incomeTaxExpense": 662510000, "minorityInterest": {}, "netIncomeFromContinuingOps": 3194420000, "discontinuedOperations": {}, "extraordinaryItems": {}, "effectOfAccountingCharges": {}, "otherItems": {}, "netIncome": 3194420000, "netIncomeApplicableToCommonShares": 3194420000}, {"maxAge": 1, "endDate": "2019-03-31", "totalRevenue": 7019800000, "costOfRevenue": 2393670000, "grossProfit": 4626130000, "researchDevelopment": {}, "sellingGeneralAdministrative": 33060000, "nonRecurring": {}, "otherOperatingExpenses": 677030000, "totalOperatingExpenses": 4235140000, "operatingIncome": 2784660000, "totalOtherIncomeExpenseNet": 734960000, "ebit": 2784660000, "interestExpense": -69840000, "incomeBeforeTax": 3519620000, "incomeTaxExpense": 1152820000, "minorityInterest": {}, "netIncomeFromContinuingOps": 2366800000, "discontinuedOperations": {}, "extraordinaryItems": {}, "effectOfAccountingCharges": {}, "otherItems": {}, "netIncome": 2366800000, "netIncomeApplicableToCommonShares": 2366800000}, {"maxAge": 1, "endDate": "2018-03-31", "totalRevenue": 6489000000, "costOfRevenue": 2035680000, "grossProfit": 4453320000, "researchDevelopment": {}, "sellingGeneralAdministrative": 30720000, "nonRecurring": {}, "otherOperatingExpenses": 653160000, "totalOperatingExpenses": 3755200000, "operatingIncome": 2733800000, "totalOtherIncomeExpenseNet": 563780000, "ebit": 2733800000, "interestExpense": -3480000, "incomeBeforeTax": 3297580000, "incomeTaxExpense": 1087440000, "minorityInterest": {}, "netIncomeFromContinuingOps": 2210140000, "discontinuedOperations": {}, "extraordinaryItems": {}, "effectOfAccountingCharges": {}, "otherItems": {}, "netIncome": 2210140000, "netIncomeApplicableToCommonShares": 2210140000}, {"maxAge": 1, "endDate": "2017-03-31", "totalRevenue": 6831040000, "costOfRevenue": 1957980000, "grossProfit": 4873060000, "researchDevelopment": {}, "sellingGeneralAdministrative": 30220000, "nonRecurring": {}, "otherOperatingExpenses": 594060000, "totalOperatingExpenses": 3647410000, "operatingIncome": 3183630000, "totalOtherIncomeExpenseNet": 609870000, "ebit": 3183630000, "interestExpense": -4030000, "incomeBeforeTax": 3793500000, "incomeTaxExpense": 971190000, "minorityInterest": {}, "netIncomeFromContinuingOps": 2822310000, "discontinuedOperations": {}, "extraordinaryItems": {}, "effectOfAccountingCharges": {}, "otherItems": {}, "netIncome": 2822310000, "netIncomeApplicableToCommonShares": 2822310000}], "maxAge": 86400}, "fundOwnership": {"ownershipList": [{"maxAge": 1, "reportDate": "2021-01-31", "organization": "Vanguard Whitehall Funds-International Explorer Fund", "pctHeld": 0.0139, "position": 6724221, "value": 581645116}, {"maxAge": 1, "reportDate": "2021-01-31", "organization": "Vanguard International Stock Index-Emerging Markets Stk", "pctHeld": 0.0068, "position": 3299292, "value": 285388758}, {"maxAge": 1, "reportDate": "2021-03-31", "organization": "iShares Core MSCI Emerging Markets ETF", "pctHeld": 0.0058999998, "position": 2861062, "value": 277666067}, {"maxAge": 1, "reportDate": "2021-01-31", "organization": "Vanguard International Stock Index-Total Intl Stock Indx", "pctHeld": 0.0050999997, "position": 2476654, "value": 214230571}, {"maxAge": 1, "reportDate": "2021-01-31", "organization": "DFA Emerging Markets Core Equity Portfolio", "pctHeld": 0.003, "position": 1452353, "value": 125628534}, {"maxAge": 1, "reportDate": "2021-01-31", "organization": "DFA Emerging Markets Small Cap Series", "pctHeld": 0.0023999999, "position": 1156346, "value": 100023929}, {"maxAge": 1, "reportDate": "2021-01-31", "organization": "Vanguard Intl Equity Index Fds-FTSE All World ex U.S.Small Cap Index", "pctHeld": 0.0013, "position": 640636, "value": 55415014}, {"maxAge": 1, "reportDate": "2021-03-31", "organization": "iShares MSCI India Small Cap ETF", "pctHeld": 0.0011, "position": 542997, "value": 52697858}, {"maxAge": 1, "reportDate": "2021-02-28", "organization": "WisdomTree Tr-WisdomTree India Earnings Fd", "pctHeld": 0.001, "position": 462879, "value": 45778733}, {"maxAge": 1, "reportDate": "2021-01-31", "organization": "DFA Investment Dimensions-DFA Emerging Mkts Value", "pctHeld": 0.0008, "position": 388699, "value": 33622463}], "maxAge": 1}, "summaryDetail": {"maxAge": 1, "priceHint": 2, "previousClose": 94.05, "open": 93.9, "dayLow": 91.35, "dayHigh": 94.6, "regularMarketPreviousClose": 94.05, "regularMarketOpen": 93.9, "regularMarketDayLow": 91.35, "regularMarketDayHigh": 94.6, "dividendRate": 4.2, "dividendYield": 0.044699997, "exDividendDate": "2020-11-24 05:30:00", "payoutRatio": 1.2844, "beta": 0.615806, "trailingPE": 21.151638, "forwardPE": 14.496855, "volume": 379661, "regularMarketVolume": 379661, "averageVolume": 859684, "averageVolume10days": 268646, "averageDailyVolume10Day": 268646, "bid": 0.0, "ask": 0.0, "bidSize": 0, "askSize": 0, "marketCap": 44549472256, "fiftyTwoWeekLow": 52.8, "fiftyTwoWeekHigh": 117.9, "priceToSalesTrailing12Months": 6.346277, "fiftyDayAverage": 99.805885, "twoHundredDayAverage": 92.65958, "trailingAnnualDividendRate": 5.6, "trailingAnnualDividendYield": 0.059542794, "currency": "INR", "fromCurrency": null, "lastMarket": null, "algorithm": null, "tradeable": false}, "insiderHolders": {"holders": [{"maxAge": 1, "name": "APM Terminals Mauritius Ltd", "relation": "Promoter", "url": "", "transactionDescription": "Acquisition", "latestTransDate": "2020-06-26", "positionDirect": 212738931, "positionDirectDate": "2020-06-26"}, {"maxAge": 1, "name": "IDFC Trustee Company Ltd A/C IDFC Infrastructure Fund 2 A/C", "relation": "Private Equity", "url": "", "transactionDescription": "Sale", "latestTransDate": "2011-10-13", "positionDirect": 12276911, "positionDirectDate": "2011-10-13"}, {"maxAge": 1, "name": "Matthews India Fund", "relation": "Investment Advisor", "url": "", "transactionDescription": "Sale", "latestTransDate": "2014-09-16", "positionDirect": 14976207, "positionDirectDate": "2014-09-16"}, {"maxAge": 1, "name": "Tulsiani (Harsh)", "relation": "UNREPORTED", "url": "", "transactionDescription": "Sale", "latestTransDate": "2015-01-05", "positionDirect": 12500, "positionDirectDate": "2015-01-05"}, {"maxAge": 1, "name": "Tulsiani (Kiran)", "relation": "UNREPORTED", "url": "", "transactionDescription": "Acquisition", "latestTransDate": "2010-09-06", "positionDirect": 500, "positionDirectDate": "2010-09-06"}, {"maxAge": 1, "name": "Tulsiani (Prakash)", "relation": "Managing Director", "url": "", "transactionDescription": "Acquisition", "latestTransDate": "2011-08-05", "positionDirect": 22000, "positionDirectDate": "2011-08-05"}], "maxAge": 1}, "calendarEvents": {"maxAge": 1, "earnings": {"earningsDate": ["2021-02-12 05:30:S"], "revenueAverage": 1835270000, "revenueLow": 1835270000, "revenueHigh": 1835270000}, "exDividendDate": "2020-11-24 05:30:00"}, "upgradeDowngradeHistory": {"history": [], "maxAge": 86400}, "price": {"maxAge": 1, "regularMarketChangePercent": -0.019670453, "regularMarketChange": -1.8500061, "regularMarketTime": "2021-04-30 15:30:01", "priceHint": 2, "regularMarketPrice": 92.2, "regularMarketDayHigh": 94.6, "regularMarketDayLow": 91.35, "regularMarketVolume": 379661, "averageDailyVolume10Day": 268646, "averageDailyVolume3Month": 859684, "regularMarketPreviousClose": 94.05, "regularMarketSource": "FREE_REALTIME", "regularMarketOpen": 93.9, "exchange": "NSI", "exchangeName": "NSE", "exchangeDataDelayedBy": 15, "marketState": "CLOSED", "quoteType": "EQUITY", "symbol": "GPPL.NS", "underlyingSymbol": null, "shortName": "GUJARAT PIPAVAV PO", "longName": "Gujarat Pipavav Port Limited", "currency": "INR", "quoteSourceName": "Delayed Quote", "currencySymbol": "\u20b9", "fromCurrency": null, "lastMarket": null, "marketCap": 44549472256}, "balanceSheetHistory": {"balanceSheetStatements": [{"maxAge": 1, "endDate": "2020-03-31", "cash": 189700000, "shortTermInvestments": 6299440000, "netReceivables": 487030000, "inventory": 123200000, "otherCurrentAssets": 44800000, "totalCurrentAssets": 7167780000, "longTermInvestments": 2864110000, "propertyPlantEquipment": 15878370000, "intangibleAssets": 3950000, "otherAssets": 376970000, "totalAssets": 26291180000, "accountsPayable": 298410000, "otherCurrentLiab": 611500000, "otherLiab": 1156670000, "totalCurrentLiabilities": 1856320000, "totalLiab": 3408590000, "commonStock": 4834400000, "retainedEarnings": 3759320000, "capitalSurplus": 14288870000, "totalStockholderEquity": 22882590000, "netTangibleAssets": 22878640000}, {"maxAge": 1, "endDate": "2019-03-31", "cash": 108120000, "shortTermInvestments": 5224570000, "netReceivables": 573320000, "inventory": 123780000, "otherCurrentAssets": 270310000, "totalCurrentAssets": 6317100000, "longTermInvestments": 2594180000, "propertyPlantEquipment": 16345280000, "intangibleAssets": 9140000, "otherAssets": 191130000, "totalAssets": 25456830000, "accountsPayable": 325470000, "otherCurrentLiab": 1013300000, "otherLiab": 1179310000, "totalCurrentLiabilities": 2303220000, "totalLiab": 3482530000, "commonStock": 4834400000, "retainedEarnings": 2851030000, "capitalSurplus": 14288870000, "totalStockholderEquity": 21974300000, "netTangibleAssets": 21965160000}, {"maxAge": 1, "endDate": "2018-03-31", "cash": 354510000, "shortTermInvestments": 3948790000, "netReceivables": 263690000, "inventory": 247340000, "otherCurrentAssets": 52780000, "totalCurrentAssets": 4875280000, "longTermInvestments": 2283870000, "propertyPlantEquipment": 17171140000, "intangibleAssets": 14880000, "otherAssets": 213460000, "totalAssets": 24558630000, "accountsPayable": 284630000, "otherCurrentLiab": 1119310000, "otherLiab": 787890000, "totalCurrentLiabilities": 2176280000, "totalLiab": 2964170000, "commonStock": 4834400000, "retainedEarnings": 2471190000, "capitalSurplus": 14288870000, "totalStockholderEquity": 21594460000, "netTangibleAssets": 21579580000}, {"maxAge": 1, "endDate": "2017-03-31", "cash": 534010000, "shortTermInvestments": 2965360000, "netReceivables": 288740000, "inventory": 222890000, "otherCurrentAssets": 40680000, "totalCurrentAssets": 4065070000, "longTermInvestments": 2058230000, "propertyPlantEquipment": 17675540000, "intangibleAssets": 8560000, "otherAssets": 926560000, "deferredLongTermAssetCharges": 416050000, "totalAssets": 24733960000, "accountsPayable": 256350000, "otherCurrentLiab": 1554920000, "otherLiab": 880290000, "totalCurrentLiabilities": 2430460000, "totalLiab": 3310750000, "commonStock": 4834400000, "retainedEarnings": 2299940000, "capitalSurplus": 14288870000, "totalStockholderEquity": 21423210000, "netTangibleAssets": 21414650000}], "maxAge": 86400}, "earningsTrend": {"trend": [{"maxAge": 1, "period": "0q", "endDate": "2018-12-31", "growth": {}, "earningsEstimate": {"avg": 0.0, "low": 0.0, "high": 0.0, "yearAgoEps": 1.03, "numberOfAnalysts": 0, "growth": {}}, "revenueEstimate": {"avg": 1835270000, "low": 1835270000, "high": 1835270000, "numberOfAnalysts": 1, "yearAgoRevenue": 1626840000, "growth": 0.128}, "epsTrend": {"current": 0.0, "7daysAgo": 1.22, "30daysAgo": 1.22, "60daysAgo": 1.22, "90daysAgo": 1.22}, "epsRevisions": {"upLast7days": 0, "upLast30days": 0, "downLast30days": 0, "downLast90days": {}}}, {"maxAge": 1, "period": "+1q", "endDate": "2019-03-31", "growth": {}, "earningsEstimate": {"avg": 0.0, "low": 0.0, "high": 0.0, "yearAgoEps": 1.0, "numberOfAnalysts": 0, "growth": {}}, "revenueEstimate": {"avg": 1839920000, "low": 1839920000, "high": 1839920000, "numberOfAnalysts": 1, "yearAgoRevenue": 1654850000, "growth": 0.111999996}, "epsTrend": {"current": 0.0, "7daysAgo": 1.25, "30daysAgo": 1.25, "60daysAgo": 1.25, "90daysAgo": 1.25}, "epsRevisions": {"upLast7days": 0, "upLast30days": 0, "downLast30days": 0, "downLast90days": {}}}, {"maxAge": 1, "period": "0y", "endDate": "2019-03-31", "growth": {}, "earningsEstimate": {"avg": 0.0, "low": 0.0, "high": 0.0, "yearAgoEps": {}, "numberOfAnalysts": 0, "growth": {}}, "revenueEstimate": {"avg": 7191110000, "low": 6440000000, "high": 8589790000, "numberOfAnalysts": 14, "yearAgoRevenue": 6489000000, "growth": 0.108}, "epsTrend": {"current": 0.0, "7daysAgo": 4.86, "30daysAgo": 4.86, "60daysAgo": 4.86, "90daysAgo": 4.86}, "epsRevisions": {"upLast7days": 0, "upLast30days": 0, "downLast30days": 0, "downLast90days": {}}}, {"maxAge": 1, "period": "+1y", "endDate": "2020-03-31", "growth": {}, "earningsEstimate": {"avg": 0.0, "low": 0.0, "high": 0.0, "yearAgoEps": {}, "numberOfAnalysts": 0, "growth": {}}, "revenueEstimate": {"avg": 8180170000, "low": 7419000000, "high": 9958410000, "numberOfAnalysts": 14, "yearAgoRevenue": 7191110000, "growth": 0.138}, "epsTrend": {"current": 0.0, "7daysAgo": 5.85, "30daysAgo": 5.85, "60daysAgo": 5.85, "90daysAgo": 5.85}, "epsRevisions": {"upLast7days": 0, "upLast30days": 0, "downLast30days": 0, "downLast90days": {}}}, {"maxAge": 1, "period": "+5y", "endDate": null, "growth": 0.0636, "earningsEstimate": {"avg": {}, "low": {}, "high": {}, "yearAgoEps": {}, "numberOfAnalysts": {}, "growth": {}}, "revenueEstimate": {"avg": {}, "low": {}, "high": {}, "numberOfAnalysts": {}, "yearAgoRevenue": {}, "growth": {}}, "epsTrend": {"current": {}, "7daysAgo": {}, "30daysAgo": {}, "60daysAgo": {}, "90daysAgo": {}}, "epsRevisions": {"upLast7days": {}, "upLast30days": {}, "downLast30days": {}, "downLast90days": {}}}, {"maxAge": 1, "period": "-5y", "endDate": null, "growth": {}, "earningsEstimate": {"avg": {}, "low": {}, "high": {}, "yearAgoEps": {}, "numberOfAnalysts": {}, "growth": {}}, "revenueEstimate": {"avg": {}, "low": {}, "high": {}, "numberOfAnalysts": {}, "yearAgoRevenue": {}, "growth": {}}, "epsTrend": {"current": {}, "7daysAgo": {}, "30daysAgo": {}, "60daysAgo": {}, "90daysAgo": {}}, "epsRevisions": {"upLast7days": {}, "upLast30days": {}, "downLast30days": {}, "downLast90days": {}}}], "maxAge": 1}, "institutionOwnership": {"ownershipList": [], "maxAge": 1}, "majorHoldersBreakdown": {"maxAge": 1, "insidersPercentHeld": 0.45264, "institutionsPercentHeld": 0.41296002, "institutionsFloatPercentHeld": 0.75447, "institutionsCount": 43}, "balanceSheetHistoryQuarterly": {"balanceSheetStatements": [{"maxAge": 1, "endDate": "2020-12-31", "totalStockholderEquity": 22164110000, "netTangibleAssets": 22162460000}, {"maxAge": 1, "endDate": "2020-09-30", "cash": 6408250000, "shortTermInvestments": 69410000, "netReceivables": 610320000, "inventory": 102340000, "otherCurrentAssets": 72290000, "totalCurrentAssets": 7262610000, "longTermInvestments": 2853920000, "propertyPlantEquipment": 15444240000, "intangibleAssets": 1650000, "otherAssets": 404380000, "totalAssets": 25966800000, "accountsPayable": 403560000, "otherCurrentLiab": 1389720000, "otherLiab": 1408980000, "totalCurrentLiabilities": 2094700000, "totalLiab": 3802690000, "commonStock": 4834400000, "treasuryStock": 17329710000, "otherStockholderEquity": 17329710000, "totalStockholderEquity": 22164110000, "netTangibleAssets": 22162460000}, {"maxAge": 1, "endDate": "2020-06-30", "totalStockholderEquity": 22882590000, "netTangibleAssets": 22878640000}, {"maxAge": 1, "endDate": "2020-03-31", "cash": 189700000, "shortTermInvestments": 6299440000, "netReceivables": 487030000, "inventory": 123200000, "otherCurrentAssets": 44800000, "totalCurrentAssets": 7167780000, "longTermInvestments": 2864110000, "propertyPlantEquipment": 15878370000, "intangibleAssets": 3950000, "otherAssets": 376970000, "totalAssets": 26291180000, "accountsPayable": 298410000, "otherCurrentLiab": 611500000, "otherLiab": 1156670000, "totalCurrentLiabilities": 1856320000, "totalLiab": 3408590000, "commonStock": 4834400000, "retainedEarnings": 3759320000, "capitalSurplus": 14288870000, "totalStockholderEquity": 22882590000, "netTangibleAssets": 22878640000}], "maxAge": 86400}, "earningsHistory": {"history": [{"maxAge": 1, "epsActual": 1.03, "epsEstimate": 1.2, "epsDifference": -0.17, "surprisePercent": -0.142, "quarter": "2017-12-31", "period": "-4q"}, {"maxAge": 1, "epsActual": 1.0, "epsEstimate": 1.3, "epsDifference": -0.3, "surprisePercent": -0.231, "quarter": "2018-03-31", "period": "-3q"}, {"maxAge": 1, "epsActual": 0.97, "epsEstimate": 1.18, "epsDifference": -0.21, "surprisePercent": -0.17799999, "quarter": "2018-06-30", "period": "-2q"}, {"maxAge": 1, "epsActual": 1.14, "epsEstimate": 1.13, "epsDifference": 0.01, "surprisePercent": 0.009, "quarter": "2018-09-30", "period": "-1q"}], "maxAge": 86400}, "summaryProfile": {"address1": "504, Godrej Two", "address2": "5th Floor Pirojshanagar Vikhroli East", "city": "Mumbai", "zip": "400079", "country": "India", "phone": "91 22 3001 1300", "fax": "91 22 2652 2422", "website": "http://www.pipavav.com", "industry": "Marine Shipping", "sector": "Industrials", "longBusinessSummary": "Gujarat Pipavav Port Limited engages in the construction, operation, and maintenance of port at Pipavav in Gujarat, India. It provides port services, including marine services, berth hire, wharfage, container handling, yard operations, stevedorage, and other services. The company's port handles container cargo, such as cotton, wood pulp, sesame seeds, cattle feeds, agricultural products, ceramic tiles, soda ash, auto parts, spices, capital goods, scrap, water paper, and electronics; bulk and break bulk cargo, such as coal, cement, clinker, fertilizers, steel, iron ore, and salt; and liquid cargo, including LPG, POL, chemicals, veg oil, bitumen, etc., as well as offers roll-on roll-off services. Gujarat Pipavav Port Limited was incorporated in 1992 and is based in Mumbai, India.", "fullTimeEmployees": 494, "companyOfficers": [], "maxAge": 86400}, "netSharePurchaseActivity": {"maxAge": 1, "period": "6m", "buyInfoCount": 0, "buyInfoShares": 0, "sellInfoCount": 0, "netInfoCount": 0, "netInfoShares": 0, "netPercentInsiderShares": 0.0, "totalInsiderShares": 219676288}, "insiderTransactions": {"transactions": [{"maxAge": 1, "shares": 4835000, "value": 5818922, "filerUrl": "", "transactionText": "Acquisition at price 1.20 per share.", "filerName": "APM Terminals Mauritius Ltd", "filerRelation": "Promoter", "moneyText": "", "startDate": "2020-06-26", "ownership": "D"}, {"maxAge": 1, "shares": 4500, "filerUrl": "", "transactionText": "", "filerName": "Tulsiani (Harsh)", "filerRelation": "UNREPORTED", "moneyText": "", "startDate": "2015-01-05", "ownership": "D"}, {"maxAge": 1, "shares": 9678418, "filerUrl": "", "transactionText": "", "filerName": "Matthews India Fund", "filerRelation": "Investment Advisor", "moneyText": "", "startDate": "2014-09-16", "ownership": "D"}, {"maxAge": 1, "shares": 1000, "filerUrl": "", "transactionText": "", "filerName": "Tulsiani (Harsh)", "filerRelation": "UNREPORTED", "moneyText": "", "startDate": "2013-06-25", "ownership": "D"}, {"maxAge": 1, "shares": 5000, "filerUrl": "", "transactionText": "", "filerName": "Tulsiani (Harsh)", "filerRelation": "UNREPORTED", "moneyText": "", "startDate": "2013-06-24", "ownership": "D"}, {"maxAge": 1, "shares": 2000, "filerUrl": "", "transactionText": "", "filerName": "Tulsiani (Harsh)", "filerRelation": "UNREPORTED", "moneyText": "", "startDate": "2013-06-13", "ownership": "D"}, {"maxAge": 1, "shares": 540000, "filerUrl": "", "transactionText": "", "filerName": "Matthews India Fund", "filerRelation": "Investment Advisor", "moneyText": "", "startDate": "2013-03-26", "ownership": "D"}, {"maxAge": 1, "shares": 5000, "filerUrl": "", "transactionText": "", "filerName": "Tulsiani (Harsh)", "filerRelation": "UNREPORTED", "moneyText": "", "startDate": "2013-02-27", "ownership": "D"}, {"maxAge": 1, "shares": 1000, "filerUrl": "", "transactionText": "", "filerName": "Tulsiani (Harsh)", "filerRelation": "UNREPORTED", "moneyText": "", "startDate": "2011-12-20", "ownership": "D"}, {"maxAge": 1, "shares": 500, "filerUrl": "", "transactionText": "", "filerName": "Tulsiani (Harsh)", "filerRelation": "UNREPORTED", "moneyText": "", "startDate": "2011-12-19", "ownership": "D"}, {"maxAge": 1, "shares": 1000, "filerUrl": "", "transactionText": "", "filerName": "Tulsiani (Harsh)", "filerRelation": "UNREPORTED", "moneyText": "", "startDate": "2011-12-09", "ownership": "D"}, {"maxAge": 1, "shares": 500, "filerUrl": "", "transactionText": "", "filerName": "Tulsiani (Harsh)", "filerRelation": "UNREPORTED", "moneyText": "", "startDate": "2011-11-23", "ownership": "D"}, {"maxAge": 1, "shares": 500, "filerUrl": "", "transactionText": "", "filerName": "Tulsiani (Harsh)", "filerRelation": "UNREPORTED", "moneyText": "", "startDate": "2011-11-18", "ownership": "D"}, {"maxAge": 1, "shares": 500, "filerUrl": "", "transactionText": "", "filerName": "Tulsiani (Harsh)", "filerRelation": "UNREPORTED", "moneyText": "", "startDate": "2011-11-17", "ownership": "D"}, {"maxAge": 1, "shares": 3400000, "filerUrl": "", "transactionText": "", "filerName": "IDFC Trustee Company Ltd A/C IDFC Infrastructure Fund 2 A/C", "filerRelation": "Private Equity", "moneyText": "", "startDate": "2011-10-13", "ownership": "D"}, {"maxAge": 1, "shares": 69875, "filerUrl": "", "transactionText": "", "filerName": "Tulsiani (Prakash)", "filerRelation": "Managing Director", "moneyText": "", "startDate": "2011-08-05", "ownership": "D"}, {"maxAge": 1, "shares": 10115915, "filerUrl": "", "transactionText": "", "filerName": "IDFC Trustee Company Ltd A/C IDFC Infrastructure Fund 2 A/C", "filerRelation": "Private Equity", "moneyText": "", "startDate": "2011-08-04", "ownership": "D"}, {"maxAge": 1, "shares": 6253709, "filerUrl": "", "transactionText": "", "filerName": "IDFC Trustee Company Ltd A/C IDFC Infrastructure Fund 2 A/C", "filerRelation": "Private Equity", "moneyText": "", "startDate": "2011-08-01", "ownership": "D"}, {"maxAge": 1, "shares": 73375, "filerUrl": "", "transactionText": "", "filerName": "Tulsiani (Prakash)", "filerRelation": "Managing Director", "moneyText": "", "startDate": "2010-12-13", "ownership": "D"}, {"maxAge": 1, "shares": 282, "filerUrl": "", "transactionText": "", "filerName": "Tulsiani (Kiran)", "filerRelation": "UNREPORTED", "moneyText": "", "startDate": "2010-09-06", "ownership": "D"}, {"maxAge": 1, "shares": 8657, "filerUrl": "", "transactionText": "", "filerName": "Tulsiani (Prakash)", "filerRelation": "Managing Director", "moneyText": "", "startDate": "2010-09-06", "ownership": "D"}], "maxAge": 1}, "sectorTrend": {"maxAge": 1, "symbol": null, "estimates": []}, "incomeStatementHistoryQuarterly": {"incomeStatementHistory": [{"maxAge": 1, "endDate": "2020-12-31", "totalRevenue": 1984000000, "costOfRevenue": 572440000, "grossProfit": 1411560000, "researchDevelopment": {}, "sellingGeneralAdministrative": {}, "nonRecurring": {}, "otherOperatingExpenses": 311350000, "totalOperatingExpenses": 1216500000, "operatingIncome": 767500000, "totalOtherIncomeExpenseNet": 113680000, "ebit": 767500000, "interestExpense": -14630000, "incomeBeforeTax": 881180000, "incomeTaxExpense": 293940000, "minorityInterest": {}, "netIncomeFromContinuingOps": 587240000, "discontinuedOperations": {}, "extraordinaryItems": {}, "effectOfAccountingCharges": {}, "otherItems": {}, "netIncome": 587240000, "netIncomeApplicableToCommonShares": 587240000}, {"maxAge": 1, "endDate": "2020-09-30", "totalRevenue": 1826600000, "costOfRevenue": 562430000, "grossProfit": 1264170000, "researchDevelopment": {}, "sellingGeneralAdministrative": {}, "nonRecurring": {}, "otherOperatingExpenses": 235090000, "totalOperatingExpenses": 1133400000, "operatingIncome": 693200000, "totalOtherIncomeExpenseNet": 89900000, "ebit": 693200000, "interestExpense": -16460000, "incomeBeforeTax": 783100000, "incomeTaxExpense": 286280000, "minorityInterest": {}, "netIncomeFromContinuingOps": 496820000, "discontinuedOperations": {}, "extraordinaryItems": {}, "effectOfAccountingCharges": {}, "otherItems": {}, "netIncome": 496820000, "netIncomeApplicableToCommonShares": 496820000}, {"maxAge": 1, "endDate": "2020-06-30", "totalRevenue": 1589760000, "costOfRevenue": 410730000, "grossProfit": 1179030000, "researchDevelopment": {}, "sellingGeneralAdministrative": {}, "nonRecurring": {}, "otherOperatingExpenses": 224060000, "totalOperatingExpenses": 966070000, "operatingIncome": 623690000, "totalOtherIncomeExpenseNet": 111270000, "ebit": 623690000, "interestExpense": -16960000, "incomeBeforeTax": 734960000, "incomeTaxExpense": 253390000, "minorityInterest": {}, "netIncomeFromContinuingOps": 481570000, "discontinuedOperations": {}, "extraordinaryItems": {}, "effectOfAccountingCharges": {}, "otherItems": {}, "netIncome": 481570000, "netIncomeApplicableToCommonShares": 481570000}, {"maxAge": 1, "endDate": "2020-03-31", "totalRevenue": 1619420000, "costOfRevenue": 728690000, "grossProfit": 890730000, "researchDevelopment": {}, "sellingGeneralAdministrative": 51450000, "nonRecurring": {}, "otherOperatingExpenses": -195300000, "totalOperatingExpenses": 924770000, "operatingIncome": 694650000, "totalOtherIncomeExpenseNet": 131540000, "ebit": 694650000, "interestExpense": -15670000, "incomeBeforeTax": 826190000, "incomeTaxExpense": 284820000, "minorityInterest": {}, "netIncomeFromContinuingOps": 541370000, "discontinuedOperations": {}, "extraordinaryItems": {}, "effectOfAccountingCharges": {}, "otherItems": {}, "netIncome": 541370000, "netIncomeApplicableToCommonShares": 541370000}], "maxAge": 86400}, "cashflowStatementHistoryQuarterly": {"cashflowStatements": [{"maxAge": 1, "endDate": "2020-12-31", "netIncome": 587240000, "changeToLiabilities": 0}, {"maxAge": 1, "endDate": "2020-09-30", "netIncome": 496820000, "changeToLiabilities": 0}, {"maxAge": 1, "endDate": "2020-06-30", "netIncome": 481570000, "changeToLiabilities": 0}, {"maxAge": 1, "endDate": "2020-03-31", "netIncome": 541370000, "changeToLiabilities": 0}], "maxAge": 86400}, "earnings": {"maxAge": 86400, "earningsChart": {"quarterly": [{"date": "4Q2017", "actual": 1.03, "estimate": 1.2}, {"date": "1Q2018", "actual": 1.0, "estimate": 1.3}, {"date": "2Q2018", "actual": 0.97, "estimate": 1.18}, {"date": "3Q2018", "actual": 1.14, "estimate": 1.13}], "currentQuarterEstimateDate": "4Q", "currentQuarterEstimateYear": 2018, "earningsDate": ["2021-02-12 05:30:S"]}, "financialsChart": {"yearly": [{"date": 2017, "revenue": 6831040000, "earnings": 2822310000}, {"date": 2018, "revenue": 6489000000, "earnings": 2210140000}, {"date": 2019, "revenue": 7019800000, "earnings": 2366800000}, {"date": 2020, "revenue": 7353690000, "earnings": 3194420000}], "quarterly": [{"date": "1Q2020", "revenue": 1619420000, "earnings": 541370000}, {"date": "2Q2020", "revenue": 1589760000, "earnings": 481570000}, {"date": "3Q2020", "revenue": 1826600000, "earnings": 496820000}, {"date": "4Q2020", "revenue": 1984000000, "earnings": 587240000}]}, "financialCurrency": "INR"}, "financialData": {"maxAge": 86400, "currentPrice": 92.2, "targetHighPrice": 164.0, "targetLowPrice": 105.0, "targetMeanPrice": 130.11, "targetMedianPrice": 125.0, "recommendationKey": "none", "numberOfAnalystOpinions": 19, "totalCash": 6477660160, "totalCashPerShare": 13.347, "ebitda": 3878532608, "totalDebt": 508560000, "totalRevenue": 7019780096, "debtToEquity": 2.295, "revenuePerShare": 14.521, "grossProfits": 5182670000, "earningsGrowth": -0.563, "revenueGrowth": 0.009, "grossMargins": 0.67601997, "ebitdaMargins": 0.55251, "operatingMargins": 0.39589, "profitMargins": 0.30015, "financialCurrency": "INR"}}}