{"GPTINFRA.NS": {"assetProfile": {"address1": "GPT Centre", "address2": "JC-25, Sector-III Salt Lake", "city": "Kolkata", "zip": "700 106", "country": "India", "phone": "91 33 4050 7000", "fax": "91 33 4050 7999", "website": "http://www.gptinfra.in", "industry": "Engineering & Construction", "sector": "Industrials", "longBusinessSummary": "GPT Infraprojects Limited, together with its subsidiaries, engages in the execution of civil infrastructure projects in India and internationally. It operates in two segments, Infrastructure and Concrete Sleepers. The company constructs roads, bridges, airports, and irrigation and railway systems, as well as power, urban transit, industrial, and civil aviation infrastructure. It also manufactures and sells monoblock and PSC sleepers for various track applications, including monoblock sleepers for broad, cape, and dual gauges, as well as line sleepers, bridge deck sleepers, and level crossing and switch expansion joints. GPT Infraprojects Limited was incorporated in 1980 and is headquartered in Kolkata, India.", "fullTimeEmployees": 926, "companyOfficers": [{"maxAge": 1, "name": "Mr. Shree Gopal Tantia", "age": 56, "title": "MD, CEO & Exec. Director", "yearBorn": 1964, "fiscalYear": 2020, "totalPay": 10264000, "exercisedValue": 0, "unexercisedValue": 0}, {"maxAge": 1, "name": "Mr. Atul  Tantia", "title": "CFO & Exec. Director", "fiscalYear": 2020, "totalPay": 8179000, "exercisedValue": 0, "unexercisedValue": 0}, {"maxAge": 1, "name": "Mr. Anatha Bandhaba Chakrabartty", "title": "Company Sec. & Compliance Officer", "fiscalYear": 2020, "totalPay": 1334000, "exercisedValue": 0, "unexercisedValue": 0}, {"maxAge": 1, "name": "Mr. Vaibhav  Tantia", "age": 39, "title": "COO & Whole-Time Director", "yearBorn": 1981, "fiscalYear": 2019, "exercisedValue": 0, "unexercisedValue": 0}, {"maxAge": 1, "name": "Niraj  Sinha", "title": "Head of Africa Operations", "exercisedValue": 0, "unexercisedValue": 0}], "compensationAsOfEpochDate": "2020-12-31 05:30:00", "maxAge": 86400}, "cashflowStatementHistory": {"cashflowStatements": [{"maxAge": 1, "endDate": "2020-03-31", "netIncome": 150365000, "depreciation": 235475000, "changeToNetincome": 397467000, "changeToAccountReceivables": -418591000, "changeToLiabilities": 306324000, "changeToInventory": -85074000, "changeToOperatingActivities": 60113000, "totalCashFromOperatingActivities": 647617000, "capitalExpenditures": -152012000, "otherCashflowsFromInvestingActivities": 23439000, "totalCashflowsFromInvestingActivities": -124773000, "netBorrowings": -166469000, "otherCashflowsFromFinancingActivities": -394867000, "totalCashFromFinancingActivities": -561336000, "changeInCash": -38492000}, {"maxAge": 1, "endDate": "2019-03-31", "netIncome": 117626000, "depreciation": 232287000, "changeToNetincome": 224006000, "changeToAccountReceivables": 55229000, "changeToLiabilities": -44895000, "changeToInventory": -22314000, "changeToOperatingActivities": 56009000, "totalCashFromOperatingActivities": 619228000, "capitalExpenditures": -120238000, "investments": 18927000, "otherCashflowsFromInvestingActivities": 21550000, "totalCashflowsFromInvestingActivities": -77892000, "dividendsPaid": -58140000, "netBorrowings": -24095000, "otherCashflowsFromFinancingActivities": -426312000, "totalCashFromFinancingActivities": -508547000, "effectOfExchangeRate": 22000, "changeInCash": 32811000}, {"maxAge": 1, "endDate": "2018-03-31", "netIncome": 199658000, "depreciation": 219364000, "changeToNetincome": 384202000, "changeToAccountReceivables": 39618000, "changeToLiabilities": 281032000, "changeToInventory": -113235000, "changeToOperatingActivities": -546916000, "totalCashFromOperatingActivities": 464804000, "capitalExpenditures": -270956000, "investments": -1080000, "otherCashflowsFromInvestingActivities": 4014000, "totalCashflowsFromInvestingActivities": -260620000, "dividendsPaid": -79993000, "netBorrowings": 271880000, "otherCashflowsFromFinancingActivities": -399644000, "totalCashFromFinancingActivities": -207757000, "effectOfExchangeRate": 19000, "changeInCash": -3554000}, {"maxAge": 1, "endDate": "2017-03-31", "netIncome": 177750000, "depreciation": 170973000, "changeToNetincome": 384754000, "changeToAccountReceivables": -87680000, "changeToLiabilities": 42413000, "changeToInventory": 32555000, "changeToOperatingActivities": 121634000, "totalCashFromOperatingActivities": 843286000, "capitalExpenditures": -484863000, "investments": -41628000, "otherCashflowsFromInvestingActivities": 118476000, "totalCashflowsFromInvestingActivities": -394700000, "dividendsPaid": -14546000, "netBorrowings": -53509000, "otherCashflowsFromFinancingActivities": -373645000, "totalCashFromFinancingActivities": -441700000, "effectOfExchangeRate": -53000, "changeInCash": 6833000}], "maxAge": 86400}, "institutionOwnership": {"ownershipList": [], "maxAge": 1}, "majorHoldersBreakdown": {"maxAge": 1, "insidersPercentHeld": 0.74998003, "institutionsPercentHeld": 0.10569, "institutionsFloatPercentHeld": 0.42272, "institutionsCount": 2}, "balanceSheetHistoryQuarterly": {"balanceSheetStatements": [{"maxAge": 1, "endDate": "2020-12-31", "totalStockholderEquity": 2299824000, "netTangibleAssets": 2239094000}, {"maxAge": 1, "endDate": "2020-09-30", "cash": 247484000, "shortTermInvestments": 263146000, "netReceivables": 2878303000, "inventory": 1068392000, "otherCurrentAssets": 492967000, "totalCurrentAssets": 4950292000, "longTermInvestments": 280316000, "propertyPlantEquipment": 1059825000, "goodWill": 58821000, "intangibleAssets": 1909000, "otherAssets": 582121000, "deferredLongTermAssetCharges": 40820000, "totalAssets": 6933284000, "accountsPayable": 1330462000, "otherCurrentLiab": 612654000, "longTermDebt": 67930000, "otherLiab": 276041000, "minorityInterest": 26266000, "totalCurrentLiabilities": 4201554000, "totalLiab": 4607194000, "commonStock": 290860000, "treasuryStock": 2008964000, "otherStockholderEquity": 2008964000, "totalStockholderEquity": 2299824000, "netTangibleAssets": 2239094000}, {"maxAge": 1, "endDate": "2020-06-30", "totalStockholderEquity": 2246951000, "netTangibleAssets": 2184881000}, {"maxAge": 1, "endDate": "2020-03-31", "cash": 17676000, "shortTermInvestments": 60562000, "netReceivables": 3534721000, "inventory": 911917000, "otherCurrentAssets": 730883000, "totalCurrentAssets": 5278650000, "longTermInvestments": 271356000, "propertyPlantEquipment": 1150928000, "goodWill": 59494000, "intangibleAssets": 2576000, "otherAssets": 554073000, "deferredLongTermAssetCharges": 49231000, "totalAssets": 7317077000, "accountsPayable": 1790056000, "shortLongTermDebt": 107875000, "otherCurrentLiab": 266301000, "longTermDebt": 39685000, "otherLiab": 326411000, "minorityInterest": 20223000, "totalCurrentLiabilities": 4626846000, "totalLiab": 5049903000, "commonStock": 290860000, "retainedEarnings": 1447424000, "treasuryStock": -7693000, "capitalSurplus": 516360000, "otherStockholderEquity": -7693000, "totalStockholderEquity": 2246951000, "netTangibleAssets": 2184881000}], "maxAge": 86400}, "indexTrend": {"maxAge": 1, "symbol": "SP5", "peRatio": 19.7411, "pegRatio": 1.34172, "estimates": [{"period": "0q", "growth": 0.549}, {"period": "+1q", "growth": 0.431}, {"period": "0y", "growth": 0.305}, {"period": "+1y", "growth": 0.109}, {"period": "+5y", "growth": 0.120865}, {"period": "-5y"}]}, "defaultKeyStatistics": {"maxAge": 1, "priceHint": 2, "enterpriseValue": 3023678208, "profitMargins": 0.02187, "floatShares": 4139675, "sharesOutstanding": 29086000, "heldPercentInsiders": 0.74998003, "heldPercentInstitutions": 0.10569, "beta": 2.366377, "category": null, "bookValue": 79.058, "priceToBook": 0.4971034, "fundFamily": null, "legalType": null, "lastFiscalYearEnd": "2020-03-31 05:30:00", "nextFiscalYearEnd": "2022-03-31 05:30:00", "mostRecentQuarter": "2020-12-31 05:30:00", "earningsQuarterlyGrowth": -0.214, "netIncomeToCommon": 127745000, "trailingEps": 4.398, "lastSplitFactor": "2:1", "lastSplitDate": "2017-07-13 05:30:00", "enterpriseToRevenue": 0.518, "enterpriseToEbitda": 4.034}, "summaryProfile": {"address1": "GPT Centre", "address2": "JC-25, Sector-III Salt Lake", "city": "Kolkata", "zip": "700 106", "country": "India", "phone": "91 33 4050 7000", "fax": "91 33 4050 7999", "website": "http://www.gptinfra.in", "industry": "Engineering & Construction", "sector": "Industrials", "longBusinessSummary": "GPT Infraprojects Limited, together with its subsidiaries, engages in the execution of civil infrastructure projects in India and internationally. It operates in two segments, Infrastructure and Concrete Sleepers. The company constructs roads, bridges, airports, and irrigation and railway systems, as well as power, urban transit, industrial, and civil aviation infrastructure. It also manufactures and sells monoblock and PSC sleepers for various track applications, including monoblock sleepers for broad, cape, and dual gauges, as well as line sleepers, bridge deck sleepers, and level crossing and switch expansion joints. GPT Infraprojects Limited was incorporated in 1980 and is headquartered in Kolkata, India.", "fullTimeEmployees": 926, "companyOfficers": [], "maxAge": 86400}, "netSharePurchaseActivity": {"maxAge": 1, "period": "6m", "buyInfoCount": 0, "buyInfoShares": 0, "sellInfoCount": 0, "netInfoCount": 0, "netInfoShares": 0, "netPercentInsiderShares": 0.0, "totalInsiderShares": 21791772}, "insiderTransactions": {"transactions": [{"maxAge": 1, "shares": 5690352, "filerUrl": "", "transactionText": "", "filerName": "GPT Sons Pvt Ltd", "filerRelation": "Promoter", "moneyText": "", "startDate": "2018-09-24", "ownership": "D"}, {"maxAge": 1, "shares": 613454, "filerUrl": "", "transactionText": "", "filerName": "GPT Sons Pvt Ltd", "filerRelation": "Promoter", "moneyText": "", "startDate": "2017-06-22", "ownership": "D"}, {"maxAge": 1, "shares": 96428, "filerUrl": "", "transactionText": "", "filerName": "Tantia (Om Prakash) HUF", "filerRelation": "Promoter", "moneyText": "", "startDate": "2017-06-22", "ownership": "D"}, {"maxAge": 1, "shares": 156654, "filerUrl": "", "transactionText": "", "filerName": "Tantia (Shree Gopal) HUF", "filerRelation": "Promoter", "moneyText": "", "startDate": "2017-06-22", "ownership": "D"}, {"maxAge": 1, "shares": 120926, "filerUrl": "", "transactionText": "", "filerName": "Tantia (Dwarika Prasad) HUF", "filerRelation": "Promoter", "moneyText": "", "startDate": "2017-06-21", "ownership": "D"}, {"maxAge": 1, "shares": 200000, "filerUrl": "", "transactionText": "", "filerName": "Tantia (Amrit Jyoti)", "filerRelation": "Promoter", "moneyText": "", "startDate": "2017-03-24", "ownership": "D"}, {"maxAge": 1, "shares": 400000, "filerUrl": "", "transactionText": "", "filerName": "GPT Sons Pvt Ltd", "filerRelation": "Promoter", "moneyText": "", "startDate": "2017-03-24", "ownership": "D"}, {"maxAge": 1, "shares": 3610398, "filerUrl": "", "transactionText": "", "filerName": "GPT Ventures Pvt Ltd", "filerRelation": "Promoter", "moneyText": "", "startDate": "2012-07-17", "ownership": "D"}, {"maxAge": 1, "shares": 3610398, "filerUrl": "", "transactionText": "", "filerName": "GPT Sons Pvt Ltd", "filerRelation": "Promoter", "moneyText": "", "startDate": "2012-07-17", "ownership": "D"}], "maxAge": 1}, "quoteType": {"exchange": "NSI", "quoteType": "EQUITY", "symbol": "GPTINFRA.NS", "underlyingSymbol": "GPTINFRA.NS", "shortName": "GPT INFRAPROJECTS", "longName": "GPT Infraprojects Limited", "firstTradeDateEpochUtc": "2016-07-11 09:15:00", "timeZoneFullName": "Asia/Kolkata", "timeZoneShortName": "IST", "uuid": "a1c905a3-d7a0-3777-8e59-89b2a8b851f3", "gmtOffSetMilliseconds": 19800000, "maxAge": 1}, "incomeStatementHistory": {"incomeStatementHistory": [{"maxAge": 1, "endDate": "2020-03-31", "totalRevenue": 6180145000, "costOfRevenue": 4221044000, "grossProfit": 1959101000, "researchDevelopment": {}, "sellingGeneralAdministrative": 458760000, "nonRecurring": {}, "otherOperatingExpenses": 651057000, "totalOperatingExpenses": 5609496000, "operatingIncome": 570649000, "totalOtherIncomeExpenseNet": -383933000, "ebit": 570649000, "interestExpense": -365490000, "incomeBeforeTax": 186716000, "incomeTaxExpense": 58450000, "minorityInterest": 20223000, "netIncomeFromContinuingOps": 128266000, "discontinuedOperations": {}, "extraordinaryItems": {}, "effectOfAccountingCharges": {}, "otherItems": {}, "netIncome": 150365000, "netIncomeApplicableToCommonShares": 150365000}, {"maxAge": 1, "endDate": "2019-03-31", "totalRevenue": 5775991000, "costOfRevenue": 4112074000, "grossProfit": 1663917000, "researchDevelopment": {}, "sellingGeneralAdministrative": 539091000, "nonRecurring": {}, "otherOperatingExpenses": 491357000, "totalOperatingExpenses": 5376089000, "operatingIncome": 399902000, "totalOtherIncomeExpenseNet": -250402000, "ebit": 399902000, "interestExpense": -371748000, "incomeBeforeTax": 149500000, "incomeTaxExpense": 22947000, "minorityInterest": 48378000, "netIncomeFromContinuingOps": 126553000, "discontinuedOperations": {}, "extraordinaryItems": {}, "effectOfAccountingCharges": {}, "otherItems": {}, "netIncome": 117626000, "netIncomeApplicableToCommonShares": 117626000}, {"maxAge": 1, "endDate": "2018-03-31", "totalRevenue": 5201630000, "costOfRevenue": 3266488000, "grossProfit": 1935142000, "researchDevelopment": {}, "sellingGeneralAdministrative": 534275000, "nonRecurring": {}, "otherOperatingExpenses": 677064000, "totalOperatingExpenses": 4698272000, "operatingIncome": 503358000, "totalOtherIncomeExpenseNet": -248532000, "ebit": 503358000, "interestExpense": -347228000, "incomeBeforeTax": 254826000, "incomeTaxExpense": 49226000, "minorityInterest": 50936000, "netIncomeFromContinuingOps": 205600000, "discontinuedOperations": {}, "extraordinaryItems": {}, "effectOfAccountingCharges": {}, "otherItems": {}, "netIncome": 199658000, "netIncomeApplicableToCommonShares": 199658000}, {"maxAge": 1, "endDate": "2017-03-31", "totalRevenue": 5017528000, "costOfRevenue": 1889720000, "grossProfit": 3127808000, "researchDevelopment": {}, "sellingGeneralAdministrative": 464083000, "nonRecurring": {}, "otherOperatingExpenses": 2008699000, "totalOperatingExpenses": 4534362000, "operatingIncome": 483166000, "totalOtherIncomeExpenseNet": -244676000, "ebit": 483166000, "interestExpense": -331694000, "incomeBeforeTax": 238490000, "incomeTaxExpense": 56918000, "minorityInterest": 48471000, "netIncomeFromContinuingOps": 181572000, "discontinuedOperations": {}, "extraordinaryItems": {}, "effectOfAccountingCharges": {}, "otherItems": {}, "netIncome": 177750000, "netIncomeApplicableToCommonShares": 177750000}], "maxAge": 86400}, "fundOwnership": {"ownershipList": [], "maxAge": 1}, "summaryDetail": {"maxAge": 1, "priceHint": 2, "previousClose": 40.7, "open": 41.0, "dayLow": 38.9, "dayHigh": 41.0, "regularMarketPreviousClose": 40.7, "regularMarketOpen": 41.0, "regularMarketDayLow": 38.9, "regularMarketDayHigh": 41.0, "dividendRate": 3.0, "dividendYield": 0.0817, "exDividendDate": "2021-02-16 05:30:00", "payoutRatio": 0.3409, "beta": 2.366377, "trailingPE": 8.935881, "volume": 36504, "regularMarketVolume": 36504, "averageVolume": 44460, "averageVolume10days": 13439, "averageDailyVolume10Day": 13439, "bid": 0.0, "ask": 0.0, "bidSize": 0, "askSize": 0, "marketCap": 1133250816, "fiftyTwoWeekLow": 13.45, "fiftyTwoWeekHigh": 51.65, "priceToSalesTrailing12Months": 0.19397184, "fiftyDayAverage": 40.729412, "twoHundredDayAverage": 36.295746, "trailingAnnualDividendRate": 1.5, "trailingAnnualDividendYield": 0.036855035, "currency": "INR", "fromCurrency": null, "lastMarket": null, "algorithm": null, "tradeable": false}, "incomeStatementHistoryQuarterly": {"incomeStatementHistory": [{"maxAge": 1, "endDate": "2020-12-31", "totalRevenue": 1706090000, "costOfRevenue": 1210578000, "grossProfit": 495512000, "researchDevelopment": {}, "sellingGeneralAdministrative": 92297000, "nonRecurring": {}, "otherOperatingExpenses": 181720000, "totalOperatingExpenses": 1539974000, "operatingIncome": 166116000, "totalOtherIncomeExpenseNet": -86656000, "ebit": 166116000, "interestExpense": -95658000, "incomeBeforeTax": 79460000, "incomeTaxExpense": 28615000, "minorityInterest": {}, "netIncomeFromContinuingOps": 50845000, "discontinuedOperations": {}, "extraordinaryItems": {}, "effectOfAccountingCharges": {}, "otherItems": {}, "netIncome": 49396000, "netIncomeApplicableToCommonShares": 49396000}, {"maxAge": 1, "endDate": "2020-09-30", "totalRevenue": 1432502000, "costOfRevenue": 941076000, "grossProfit": 491426000, "researchDevelopment": {}, "sellingGeneralAdministrative": 85612000, "nonRecurring": {}, "otherOperatingExpenses": 185309000, "totalOperatingExpenses": 1269519000, "operatingIncome": 162983000, "totalOtherIncomeExpenseNet": -84200000, "ebit": 162983000, "interestExpense": -113197000, "incomeBeforeTax": 78783000, "incomeTaxExpense": 23519000, "minorityInterest": 26266000, "netIncomeFromContinuingOps": 55264000, "discontinuedOperations": {}, "extraordinaryItems": {}, "effectOfAccountingCharges": {}, "otherItems": {}, "netIncome": 52072000, "netIncomeApplicableToCommonShares": 52072000}, {"maxAge": 1, "endDate": "2020-06-30", "totalRevenue": 809103000, "costOfRevenue": 497581000, "grossProfit": 311522000, "researchDevelopment": {}, "sellingGeneralAdministrative": 68773000, "nonRecurring": {}, "otherOperatingExpenses": 94080000, "totalOperatingExpenses": 717855000, "operatingIncome": 91248000, "totalOtherIncomeExpenseNet": -69439000, "ebit": 91248000, "interestExpense": -97177000, "incomeBeforeTax": 21809000, "incomeTaxExpense": 4419000, "minorityInterest": 26266000, "netIncomeFromContinuingOps": 17390000, "discontinuedOperations": {}, "extraordinaryItems": {}, "effectOfAccountingCharges": {}, "otherItems": {}, "netIncome": 16784000, "netIncomeApplicableToCommonShares": 16784000}, {"maxAge": 1, "endDate": "2020-03-31", "totalRevenue": 1872565000, "costOfRevenue": 1379033000, "grossProfit": 493532000, "researchDevelopment": {}, "sellingGeneralAdministrative": 170843000, "nonRecurring": {}, "otherOperatingExpenses": 108425000, "totalOperatingExpenses": 1768095000, "operatingIncome": 104470000, "totalOtherIncomeExpenseNet": -104267000, "ebit": 104470000, "interestExpense": -43113000, "incomeBeforeTax": 203000, "incomeTaxExpense": 10035000, "minorityInterest": 20223000, "netIncomeFromContinuingOps": -9832000, "discontinuedOperations": {}, "extraordinaryItems": {}, "effectOfAccountingCharges": {}, "otherItems": {}, "netIncome": 9493000, "netIncomeApplicableToCommonShares": 9493000}], "maxAge": 86400}, "cashflowStatementHistoryQuarterly": {"cashflowStatements": [{"maxAge": 1, "endDate": "2020-12-31", "netIncome": 49396000, "changeToLiabilities": 0}, {"maxAge": 1, "endDate": "2020-09-30", "netIncome": 52072000, "changeToLiabilities": 0}, {"maxAge": 1, "endDate": "2020-06-30", "netIncome": 16784000, "changeToLiabilities": 0}, {"maxAge": 1, "endDate": "2020-03-31", "netIncome": 9493000, "changeToLiabilities": 0}], "maxAge": 86400}, "insiderHolders": {"holders": [{"maxAge": 1, "name": "GPT Sons Pvt Ltd", "relation": "Promoter", "url": "", "transactionDescription": "Acquisition", "latestTransDate": "2018-09-24", "positionDirect": 11314204, "positionDirectDate": "2018-09-24"}, {"maxAge": 1, "name": "GPT Ventures Pvt Ltd", "relation": "Promoter", "url": "", "transactionDescription": "Sale", "latestTransDate": "2012-07-17", "positionDirect": 0, "positionDirectDate": "2012-07-17"}, {"maxAge": 1, "name": "Tantia (Amrit Jyoti)", "relation": "Promoter", "url": "", "transactionDescription": "Other", "latestTransDate": "2017-03-24", "positionDirect": 473840, "positionDirectDate": "2017-03-24"}, {"maxAge": 1, "name": "Tantia (Dwarika Prasad) HUF", "relation": "Promoter", "url": "", "transactionDescription": "Other", "latestTransDate": "2017-06-21", "positionDirect": 0, "positionDirectDate": "2017-06-21"}, {"maxAge": 1, "name": "Tantia (Om Prakash) HUF", "relation": "Promoter", "url": "", "transactionDescription": "Other", "latestTransDate": "2017-06-22", "positionDirect": 0, "positionDirectDate": "2017-06-22"}, {"maxAge": 1, "name": "Tantia (Shree Gopal) HUF", "relation": "Promoter", "url": "", "transactionDescription": "Other", "latestTransDate": "2017-06-22", "positionDirect": 0, "positionDirectDate": "2017-06-22"}], "maxAge": 1}, "calendarEvents": {"maxAge": 1, "earnings": {"earningsDate": []}, "exDividendDate": "2021-02-16 05:30:00"}, "upgradeDowngradeHistory": {"history": [], "maxAge": 86400}, "price": {"maxAge": 1, "regularMarketChangePercent": -0.03439807, "regularMarketChange": -1.4000015, "regularMarketTime": "2021-04-30 15:29:47", "priceHint": 2, "regularMarketPrice": 39.3, "regularMarketDayHigh": 41.0, "regularMarketDayLow": 38.9, "regularMarketVolume": 36504, "averageDailyVolume10Day": 13439, "averageDailyVolume3Month": 44460, "regularMarketPreviousClose": 40.7, "regularMarketSource": "FREE_REALTIME", "regularMarketOpen": 41.0, "exchange": "NSI", "exchangeName": "NSE", "exchangeDataDelayedBy": 15, "marketState": "CLOSED", "quoteType": "EQUITY", "symbol": "GPTINFRA.NS", "underlyingSymbol": null, "shortName": "GPT INFRAPROJECTS", "longName": "GPT Infraprojects Limited", "currency": "INR", "quoteSourceName": "Delayed Quote", "currencySymbol": "\u20b9", "fromCurrency": null, "lastMarket": null, "marketCap": 1133250816}, "balanceSheetHistory": {"balanceSheetStatements": [{"maxAge": 1, "endDate": "2020-03-31", "cash": 17676000, "shortTermInvestments": 60562000, "netReceivables": 3534721000, "inventory": 911917000, "otherCurrentAssets": 730883000, "totalCurrentAssets": 5278650000, "longTermInvestments": 271356000, "propertyPlantEquipment": 1150928000, "goodWill": 59494000, "intangibleAssets": 2576000, "otherAssets": 554073000, "deferredLongTermAssetCharges": 49231000, "totalAssets": 7317077000, "accountsPayable": 1790056000, "shortLongTermDebt": 107875000, "otherCurrentLiab": 266301000, "longTermDebt": 39685000, "otherLiab": 326411000, "minorityInterest": 20223000, "totalCurrentLiabilities": 4626846000, "totalLiab": 5049903000, "commonStock": 290860000, "retainedEarnings": 1447424000, "treasuryStock": -7693000, "capitalSurplus": 516360000, "otherStockholderEquity": -7693000, "totalStockholderEquity": 2246951000, "netTangibleAssets": 2184881000}, {"maxAge": 1, "endDate": "2019-03-31", "cash": 56168000, "shortTermInvestments": 63122000, "netReceivables": 3034155000, "inventory": 826843000, "otherCurrentAssets": 571676000, "totalCurrentAssets": 4583665000, "longTermInvestments": 340993000, "propertyPlantEquipment": 1290184000, "goodWill": 53369000, "intangibleAssets": 1684000, "otherAssets": 749587000, "deferredLongTermAssetCharges": 13276000, "totalAssets": 7019482000, "accountsPayable": 1519859000, "shortLongTermDebt": 51187000, "otherCurrentLiab": 415765000, "longTermDebt": 166211000, "otherLiab": 158075000, "minorityInterest": 48378000, "totalCurrentLiabilities": 4520452000, "totalLiab": 4844738000, "commonStock": 290860000, "retainedEarnings": 1287338000, "treasuryStock": 31808000, "capitalSurplus": 516360000, "otherStockholderEquity": 31808000, "totalStockholderEquity": 2126366000, "netTangibleAssets": 2071313000}, {"maxAge": 1, "endDate": "2018-03-31", "cash": 23357000, "shortTermInvestments": 51750000, "netReceivables": 2974447000, "inventory": 804529000, "otherCurrentAssets": 496173000, "totalCurrentAssets": 4381521000, "longTermInvestments": 395166000, "propertyPlantEquipment": 1476488000, "goodWill": 49685000, "intangibleAssets": 2201000, "otherAssets": 819245000, "deferredLongTermAssetCharges": 14260000, "totalAssets": 7124306000, "accountsPayable": 1325986000, "shortLongTermDebt": 58189000, "otherCurrentLiab": 603563000, "longTermDebt": 104428000, "otherLiab": 303287000, "minorityInterest": 50936000, "totalCurrentLiabilities": 4551485000, "totalLiab": 4959200000, "commonStock": 290860000, "retainedEarnings": 1341803000, "treasuryStock": -34853000, "capitalSurplus": 516360000, "otherStockholderEquity": -34853000, "totalStockholderEquity": 2114170000, "netTangibleAssets": 2062284000}, {"maxAge": 1, "endDate": "2017-03-31", "cash": 26911000, "netReceivables": 2216316000, "inventory": 691294000, "otherCurrentAssets": 615411000, "totalCurrentAssets": 3583225000, "longTermInvestments": 291083000, "propertyPlantEquipment": 1396857000, "goodWill": 49871000, "intangibleAssets": 3282000, "otherAssets": 1068504000, "totalAssets": 6392822000, "accountsPayable": 1216241000, "shortLongTermDebt": 17192000, "otherCurrentLiab": 395937000, "longTermDebt": 132036000, "otherLiab": 303165000, "minorityInterest": 48471000, "totalCurrentLiabilities": 3975791000, "totalLiab": 4410992000, "commonStock": 145430000, "retainedEarnings": 1160992000, "treasuryStock": -34853000, "capitalSurplus": 661790000, "otherStockholderEquity": -34853000, "totalStockholderEquity": 1933359000, "netTangibleAssets": 1880206000}], "maxAge": 86400}, "financialData": {"maxAge": 86400, "currentPrice": 39.3, "recommendationKey": "none", "totalCash": 510630016, "totalCashPerShare": 17.574, "ebitda": 749609024, "totalDebt": 2366123008, "totalRevenue": 5842347008, "debtToEquity": 101.721, "revenuePerShare": 201.13, "grossProfits": 1959101000, "earningsGrowth": -0.213, "revenueGrowth": 0.081, "grossMargins": 0.3105, "ebitdaMargins": 0.12831001, "operatingMargins": 0.09361, "profitMargins": 0.02187, "financialCurrency": "INR"}}}