{"GPTINFRA.BO": {"recommendationTrend": {"trend": [{"period": "0m", "strongBuy": 0, "buy": 0, "hold": 0, "sell": 0, "strongSell": 0}, {"period": "-1m", "strongBuy": 0, "buy": 0, "hold": 0, "sell": 0, "strongSell": 0}, {"period": "-2m", "strongBuy": 0, "buy": 0, "hold": 0, "sell": 0, "strongSell": 0}, {"period": "-3m", "strongBuy": 0, "buy": 0, "hold": 0, "sell": 0, "strongSell": 0}], "maxAge": 86400}, "cashflowStatementHistory": {"cashflowStatements": [{"maxAge": 1, "endDate": "2020-03-31", "netIncome": 150365000, "depreciation": 235475000, "changeToNetincome": 397467000, "changeToAccountReceivables": -418591000, "changeToLiabilities": 306324000, "changeToInventory": -85074000, "changeToOperatingActivities": 60113000, "totalCashFromOperatingActivities": 647617000, "capitalExpenditures": -152012000, "otherCashflowsFromInvestingActivities": 23439000, "totalCashflowsFromInvestingActivities": -124773000, "netBorrowings": -166469000, "otherCashflowsFromFinancingActivities": -394867000, "totalCashFromFinancingActivities": -561336000, "changeInCash": -38492000}, {"maxAge": 1, "endDate": "2019-03-31", "netIncome": 117626000, "depreciation": 232287000, "changeToNetincome": 224006000, "changeToAccountReceivables": 55229000, "changeToLiabilities": -44895000, "changeToInventory": -22314000, "changeToOperatingActivities": 56009000, "totalCashFromOperatingActivities": 619228000, "capitalExpenditures": -120238000, "investments": 18927000, "otherCashflowsFromInvestingActivities": 21550000, "totalCashflowsFromInvestingActivities": -77892000, "dividendsPaid": -58140000, "netBorrowings": -24095000, "otherCashflowsFromFinancingActivities": -426312000, "totalCashFromFinancingActivities": -508547000, "effectOfExchangeRate": 22000, "changeInCash": 32811000}, {"maxAge": 1, "endDate": "2018-03-31", "netIncome": 199658000, "depreciation": 219364000, "changeToNetincome": 384202000, "changeToAccountReceivables": 39618000, "changeToLiabilities": 281032000, "changeToInventory": -113235000, "changeToOperatingActivities": -546916000, "totalCashFromOperatingActivities": 464804000, "capitalExpenditures": -270956000, "investments": -1080000, "otherCashflowsFromInvestingActivities": 4014000, "totalCashflowsFromInvestingActivities": -260620000, "dividendsPaid": -79993000, "netBorrowings": 271880000, "otherCashflowsFromFinancingActivities": -399644000, "totalCashFromFinancingActivities": -207757000, "effectOfExchangeRate": 19000, "changeInCash": -3554000}, {"maxAge": 1, "endDate": "2017-03-31", "netIncome": 177750000, "depreciation": 170973000, "changeToNetincome": 384754000, "changeToAccountReceivables": -87680000, "changeToLiabilities": 42413000, "changeToInventory": 32555000, "changeToOperatingActivities": 121634000, "totalCashFromOperatingActivities": 843286000, "capitalExpenditures": -484863000, "investments": -41628000, "otherCashflowsFromInvestingActivities": 118476000, "totalCashflowsFromInvestingActivities": -394700000, "dividendsPaid": -14546000, "netBorrowings": -53509000, "otherCashflowsFromFinancingActivities": -373645000, "totalCashFromFinancingActivities": -441700000, "effectOfExchangeRate": -53000, "changeInCash": 6833000}], "maxAge": 86400}, "institutionOwnership": {"ownershipList": [], "maxAge": 1}, "balanceSheetHistoryQuarterly": {"balanceSheetStatements": [{"maxAge": 1, "endDate": "2020-06-30", "totalStockholderEquity": 2246951000, "netTangibleAssets": 2184881000}, {"maxAge": 1, "endDate": "2020-03-31", "cash": 17676000, "shortTermInvestments": 60562000, "netReceivables": 3534721000, "inventory": 911917000, "otherCurrentAssets": 730883000, "totalCurrentAssets": 5278650000, "longTermInvestments": 271356000, "propertyPlantEquipment": 1150928000, "goodWill": 59494000, "intangibleAssets": 2576000, "otherAssets": 554073000, "deferredLongTermAssetCharges": 49231000, "totalAssets": 7317077000, "accountsPayable": 1790056000, "shortLongTermDebt": 107875000, "otherCurrentLiab": 266301000, "longTermDebt": 39685000, "otherLiab": 326411000, "minorityInterest": 20223000, "totalCurrentLiabilities": 4626846000, "totalLiab": 5049903000, "commonStock": 290860000, "retainedEarnings": 1447424000, "treasuryStock": -7693000, "capitalSurplus": 516360000, "otherStockholderEquity": -7693000, "totalStockholderEquity": 2246951000, "netTangibleAssets": 2184881000}, {"maxAge": 1, "endDate": "2019-12-31", "totalStockholderEquity": 2218233000, "netTangibleAssets": 2159869000}, {"maxAge": 1, "endDate": "2019-09-30", "cash": 297351000, "shortTermInvestments": 209513000, "netReceivables": 2955560000, "inventory": 796903000, "otherCurrentAssets": 374706000, "totalCurrentAssets": 4634033000, "longTermInvestments": 320113000, "propertyPlantEquipment": 1266128000, "goodWill": 55123000, "intangibleAssets": 3241000, "otherAssets": 681522000, "deferredLongTermAssetCharges": 48963000, "totalAssets": 6960160000, "accountsPayable": 1367226000, "otherCurrentLiab": 493341000, "longTermDebt": 146521000, "otherLiab": 330627000, "minorityInterest": 39720000, "totalCurrentLiabilities": 4225059000, "totalLiab": 4702207000, "commonStock": 290860000, "treasuryStock": 1927373000, "otherStockholderEquity": 1927373000, "totalStockholderEquity": 2218233000, "netTangibleAssets": 2159869000}], "maxAge": 86400}, "earningsHistory": {"history": [{"maxAge": 1, "epsActual": {}, "epsEstimate": {}, "epsDifference": {}, "surprisePercent": {}, "quarter": {}, "period": "-4q"}, {"maxAge": 1, "epsActual": 1.04, "epsEstimate": 1.33, "epsDifference": -0.29, "surprisePercent": -0.218, "quarter": "2016-12-31", "period": "-3q"}, {"maxAge": 1, "epsActual": 1.42, "epsEstimate": 3.96, "epsDifference": -2.54, "surprisePercent": -0.641, "quarter": "2017-09-30", "period": "-2q"}, {"maxAge": 1, "epsActual": 2.12, "epsEstimate": 1.69, "epsDifference": 0.43, "surprisePercent": 0.254, "quarter": "2017-12-31", "period": "-1q"}], "maxAge": 86400}, "indexTrend": {"maxAge": 1, "symbol": "SP5", "peRatio": 19.7411, "pegRatio": 1.34172, "estimates": [{"period": "0q", "growth": 0.549}, {"period": "+1q", "growth": 0.431}, {"period": "0y", "growth": 0.305}, {"period": "+1y", "growth": 0.109}, {"period": "+5y", "growth": 0.120865}, {"period": "-5y"}]}, "industryTrend": {"maxAge": 1, "symbol": null, "estimates": []}, "insiderTransactions": {"transactions": [{"maxAge": 1, "shares": 5690352, "filerUrl": "", "transactionText": "", "filerName": "GPT Sons Pvt Ltd", "filerRelation": "Promoter", "moneyText": "", "startDate": "2018-09-24", "ownership": "D"}, {"maxAge": 1, "shares": 156654, "filerUrl": "", "transactionText": "", "filerName": "Tantia (Shree Gopal) HUF", "filerRelation": "Promoter", "moneyText": "", "startDate": "2017-06-22", "ownership": "D"}, {"maxAge": 1, "shares": 96428, "filerUrl": "", "transactionText": "", "filerName": "Tantia (Om Prakash) HUF", "filerRelation": "Promoter", "moneyText": "", "startDate": "2017-06-22", "ownership": "D"}, {"maxAge": 1, "shares": 613454, "filerUrl": "", "transactionText": "", "filerName": "GPT Sons Pvt Ltd", "filerRelation": "Promoter", "moneyText": "", "startDate": "2017-06-22", "ownership": "D"}, {"maxAge": 1, "shares": 120926, "filerUrl": "", "transactionText": "", "filerName": "Tantia (Dwarika Prasad) HUF", "filerRelation": "Promoter", "moneyText": "", "startDate": "2017-06-21", "ownership": "D"}, {"maxAge": 1, "shares": 400000, "filerUrl": "", "transactionText": "", "filerName": "GPT Sons Pvt Ltd", "filerRelation": "Promoter", "moneyText": "", "startDate": "2017-03-24", "ownership": "D"}, {"maxAge": 1, "shares": 200000, "filerUrl": "", "transactionText": "", "filerName": "Tantia (Amrit Jyoti)", "filerRelation": "Promoter", "moneyText": "", "startDate": "2017-03-24", "ownership": "D"}, {"maxAge": 1, "shares": 3610398, "filerUrl": "", "transactionText": "", "filerName": "GPT Ventures Pvt Ltd", "filerRelation": "Promoter", "moneyText": "", "startDate": "2012-07-17", "ownership": "D"}, {"maxAge": 1, "shares": 3610398, "filerUrl": "", "transactionText": "", "filerName": "GPT Sons Pvt Ltd", "filerRelation": "Promoter", "moneyText": "", "startDate": "2012-07-17", "ownership": "D"}], "maxAge": 1}, "quoteType": {"exchange": "BSE", "quoteType": "EQUITY", "symbol": "GPTINFRA.BO", "underlyingSymbol": "GPTINFRA.BO", "shortName": "GPT INFRAPROJECTS LTD.", "longName": "GPT Infraprojects Limited", "firstTradeDateEpochUtc": "2011-12-05 09:15:00", "timeZoneFullName": "Asia/Kolkata", "timeZoneShortName": "IST", "uuid": "5f6bd2a6-d205-30bb-af38-02beb5bbc028", "gmtOffSetMilliseconds": 19800000, "maxAge": 1}, "incomeStatementHistory": {"incomeStatementHistory": [{"maxAge": 1, "endDate": "2020-03-31", "totalRevenue": 6180145000, "costOfRevenue": 4221044000, "grossProfit": 1959101000, "researchDevelopment": {}, "sellingGeneralAdministrative": 458760000, "nonRecurring": {}, "otherOperatingExpenses": 651057000, "totalOperatingExpenses": 5609496000, "operatingIncome": 570649000, "totalOtherIncomeExpenseNet": -383933000, "ebit": 570649000, "interestExpense": -365490000, "incomeBeforeTax": 186716000, "incomeTaxExpense": 58450000, "minorityInterest": 20223000, "netIncomeFromContinuingOps": 128266000, "discontinuedOperations": {}, "extraordinaryItems": {}, "effectOfAccountingCharges": {}, "otherItems": {}, "netIncome": 150365000, "netIncomeApplicableToCommonShares": 150365000}, {"maxAge": 1, "endDate": "2019-03-31", "totalRevenue": 5775991000, "costOfRevenue": 4112074000, "grossProfit": 1663917000, "researchDevelopment": {}, "sellingGeneralAdministrative": 539091000, "nonRecurring": {}, "otherOperatingExpenses": 491357000, "totalOperatingExpenses": 5376089000, "operatingIncome": 399902000, "totalOtherIncomeExpenseNet": -250402000, "ebit": 399902000, "interestExpense": -371748000, "incomeBeforeTax": 149500000, "incomeTaxExpense": 22947000, "minorityInterest": 48378000, "netIncomeFromContinuingOps": 126553000, "discontinuedOperations": {}, "extraordinaryItems": {}, "effectOfAccountingCharges": {}, "otherItems": {}, "netIncome": 117626000, "netIncomeApplicableToCommonShares": 117626000}, {"maxAge": 1, "endDate": "2018-03-31", "totalRevenue": 5201630000, "costOfRevenue": 3266488000, "grossProfit": 1935142000, "researchDevelopment": {}, "sellingGeneralAdministrative": 534275000, "nonRecurring": {}, "otherOperatingExpenses": 677064000, "totalOperatingExpenses": 4698272000, "operatingIncome": 503358000, "totalOtherIncomeExpenseNet": -248532000, "ebit": 503358000, "interestExpense": -347228000, "incomeBeforeTax": 254826000, "incomeTaxExpense": 49226000, "minorityInterest": 50936000, "netIncomeFromContinuingOps": 205600000, "discontinuedOperations": {}, "extraordinaryItems": {}, "effectOfAccountingCharges": {}, "otherItems": {}, "netIncome": 199658000, "netIncomeApplicableToCommonShares": 199658000}, {"maxAge": 1, "endDate": "2017-03-31", "totalRevenue": 5017528000, "costOfRevenue": 1889720000, "grossProfit": 3127808000, "researchDevelopment": {}, "sellingGeneralAdministrative": 464083000, "nonRecurring": {}, "otherOperatingExpenses": 2008699000, "totalOperatingExpenses": 4534362000, "operatingIncome": 483166000, "totalOtherIncomeExpenseNet": -244676000, "ebit": 483166000, "interestExpense": -331694000, "incomeBeforeTax": 238490000, "incomeTaxExpense": 56918000, "minorityInterest": 48471000, "netIncomeFromContinuingOps": 181572000, "discontinuedOperations": {}, "extraordinaryItems": {}, "effectOfAccountingCharges": {}, "otherItems": {}, "netIncome": 177750000, "netIncomeApplicableToCommonShares": 177750000}], "maxAge": 86400}, "fundOwnership": {"ownershipList": [], "maxAge": 1}, "summaryDetail": {"maxAge": 1, "priceHint": 2, "previousClose": 40.35, "open": 40.35, "dayLow": 38.35, "dayHigh": 40.6, "regularMarketPreviousClose": 40.35, "regularMarketOpen": 40.35, "regularMarketDayLow": 38.35, "regularMarketDayHigh": 40.6, "trailingPE": 9.023159, "forwardPE": 2.8147354, "volume": 3635, "regularMarketVolume": 3635, "averageVolume": 16350, "averageVolume10days": 3691, "averageDailyVolume10Day": 3691, "bid": 39.35, "ask": 40.3, "bidSize": 0, "askSize": 0, "marketCap": 1144534016, "fiftyTwoWeekLow": 13.0, "fiftyTwoWeekHigh": 51.45, "fiftyDayAverage": 41.728786, "twoHundredDayAverage": 32.815075, "trailingAnnualDividendRate": 1.5, "trailingAnnualDividendYield": 0.037174724, "currency": "INR", "fromCurrency": null, "lastMarket": null, "algorithm": null, "tradeable": false}, "sectorTrend": {"maxAge": 1, "symbol": null, "estimates": []}, "incomeStatementHistoryQuarterly": {"incomeStatementHistory": [{"maxAge": 1, "endDate": "2020-06-30", "totalRevenue": 809103000, "costOfRevenue": 497581000, "grossProfit": 311522000, "researchDevelopment": {}, "sellingGeneralAdministrative": 68773000, "nonRecurring": {}, "otherOperatingExpenses": 94080000, "totalOperatingExpenses": 717855000, "operatingIncome": 91248000, "totalOtherIncomeExpenseNet": -69439000, "ebit": 91248000, "interestExpense": -97177000, "incomeBeforeTax": 21809000, "incomeTaxExpense": 4419000, "minorityInterest": {}, "netIncomeFromContinuingOps": 17390000, "discontinuedOperations": {}, "extraordinaryItems": {}, "effectOfAccountingCharges": {}, "otherItems": {}, "netIncome": 16784000, "netIncomeApplicableToCommonShares": 16784000}, {"maxAge": 1, "endDate": "2020-03-31", "totalRevenue": 1872565000, "costOfRevenue": 1379033000, "grossProfit": 493532000, "researchDevelopment": {}, "sellingGeneralAdministrative": 170843000, "nonRecurring": {}, "otherOperatingExpenses": 108425000, "totalOperatingExpenses": 1768095000, "operatingIncome": 104470000, "totalOtherIncomeExpenseNet": -104267000, "ebit": 104470000, "interestExpense": -43113000, "incomeBeforeTax": 203000, "incomeTaxExpense": 10035000, "minorityInterest": 20223000, "netIncomeFromContinuingOps": -9832000, "discontinuedOperations": {}, "extraordinaryItems": {}, "effectOfAccountingCharges": {}, "otherItems": {}, "netIncome": 9493000, "netIncomeApplicableToCommonShares": 9493000}, {"maxAge": 1, "endDate": "2019-12-31", "totalRevenue": 1578569000, "costOfRevenue": 1064306000, "grossProfit": 514263000, "researchDevelopment": {}, "sellingGeneralAdministrative": 84375000, "nonRecurring": {}, "otherOperatingExpenses": 204636000, "totalOperatingExpenses": 1405353000, "operatingIncome": 173216000, "totalOtherIncomeExpenseNet": -88515000, "ebit": 173216000, "interestExpense": -103804000, "incomeBeforeTax": 84701000, "incomeTaxExpense": 17924000, "minorityInterest": 20223000, "netIncomeFromContinuingOps": 66777000, "discontinuedOperations": {}, "extraordinaryItems": {}, "effectOfAccountingCharges": {}, "otherItems": {}, "netIncome": 62841000, "netIncomeApplicableToCommonShares": 62841000}, {"maxAge": 1, "endDate": "2019-09-30", "totalRevenue": 1313459000, "costOfRevenue": 848300000, "grossProfit": 465159000, "researchDevelopment": {}, "sellingGeneralAdministrative": 91386000, "nonRecurring": {}, "otherOperatingExpenses": 177427000, "totalOperatingExpenses": 1174035000, "operatingIncome": 139424000, "totalOtherIncomeExpenseNet": -90511000, "ebit": 139424000, "interestExpense": -106537000, "incomeBeforeTax": 48913000, "incomeTaxExpense": 15791000, "minorityInterest": 39720000, "netIncomeFromContinuingOps": 33122000, "discontinuedOperations": {}, "extraordinaryItems": {}, "effectOfAccountingCharges": {}, "otherItems": {}, "netIncome": 37466000, "netIncomeApplicableToCommonShares": 37466000}], "maxAge": 86400}, "cashflowStatementHistoryQuarterly": {"cashflowStatements": [{"maxAge": 1, "endDate": "2020-06-30", "netIncome": 16784000, "changeToLiabilities": 0}, {"maxAge": 1, "endDate": "2020-03-31", "netIncome": 9493000, "changeToLiabilities": 0}, {"maxAge": 1, "endDate": "2019-12-31", "netIncome": 62841000, "changeToLiabilities": 0}, {"maxAge": 1, "endDate": "2019-09-30", "netIncome": 37466000, "changeToLiabilities": 0}], "maxAge": 86400}, "insiderHolders": {"holders": [{"maxAge": 1, "name": "GPT Sons Pvt Ltd", "relation": "Promoter", "url": "", "transactionDescription": "Acquisition", "latestTransDate": "2018-09-24", "positionDirect": 11314204, "positionDirectDate": "2018-09-24"}, {"maxAge": 1, "name": "GPT Ventures Pvt Ltd", "relation": "Promoter", "url": "", "transactionDescription": "Sale", "latestTransDate": "2012-07-17", "positionDirect": 0, "positionDirectDate": "2012-07-17"}, {"maxAge": 1, "name": "Tantia (Amrit Jyoti)", "relation": "Promoter", "url": "", "transactionDescription": "Other", "latestTransDate": "2017-03-24", "positionDirect": 473840, "positionDirectDate": "2017-03-24"}, {"maxAge": 1, "name": "Tantia (Dwarika Prasad) HUF", "relation": "Promoter", "url": "", "transactionDescription": "Other", "latestTransDate": "2017-06-21", "positionDirect": 0, "positionDirectDate": "2017-06-21"}, {"maxAge": 1, "name": "Tantia (Om Prakash) HUF", "relation": "Promoter", "url": "", "transactionDescription": "Other", "latestTransDate": "2017-06-22", "positionDirect": 0, "positionDirectDate": "2017-06-22"}, {"maxAge": 1, "name": "Tantia (Shree Gopal) HUF", "relation": "Promoter", "url": "", "transactionDescription": "Other", "latestTransDate": "2017-06-22", "positionDirect": 0, "positionDirectDate": "2017-06-22"}], "maxAge": 1}, "earnings": {"maxAge": 86400, "earningsChart": {"quarterly": [{"date": "4Q2016", "actual": 1.04, "estimate": 1.33}, {"date": "3Q2017", "actual": 1.42, "estimate": 3.96}, {"date": "4Q2017", "actual": 2.12, "estimate": 1.69}], "currentQuarterEstimateDate": "1Q", "currentQuarterEstimateYear": 2018, "earningsDate": []}, "financialsChart": {"yearly": [{"date": 2017, "revenue": 5017528000, "earnings": 177750000}, {"date": 2018, "revenue": 5201630000, "earnings": 199658000}, {"date": 2019, "revenue": 5775991000, "earnings": 117626000}, {"date": 2020, "revenue": 6180145000, "earnings": 150365000}], "quarterly": [{"date": "3Q2019", "revenue": 1313459000, "earnings": 37466000}, {"date": "4Q2019", "revenue": 1578569000, "earnings": 62841000}, {"date": "1Q2020", "revenue": 1872565000, "earnings": 9493000}, {"date": "2Q2020", "revenue": 809103000, "earnings": 16784000}]}, "financialCurrency": "INR"}, "calendarEvents": {"maxAge": 1, "earnings": {"earningsDate": []}}, "upgradeDowngradeHistory": {"history": [], "maxAge": 86400}, "price": {"maxAge": 1, "regularMarketChangePercent": -0.024783146, "regularMarketChange": -1.0, "regularMarketTime": "2021-04-30 15:24:57", "priceHint": 2, "regularMarketPrice": 39.35, "regularMarketDayHigh": 40.6, "regularMarketDayLow": 38.35, "regularMarketVolume": 3635, "averageDailyVolume10Day": 3691, "averageDailyVolume3Month": 16350, "regularMarketPreviousClose": 40.35, "regularMarketSource": "FREE_REALTIME", "regularMarketOpen": 40.35, "exchange": "BSE", "exchangeName": "BSE", "exchangeDataDelayedBy": 0, "marketState": "CLOSED", "quoteType": "EQUITY", "symbol": "GPTINFRA.BO", "underlyingSymbol": null, "shortName": "GPT INFRAPROJECTS LTD.", "longName": "GPT Infraprojects Limited", "currency": "INR", "quoteSourceName": "Delayed Quote", "currencySymbol": "\u20b9", "fromCurrency": null, "lastMarket": null, "marketCap": 1144534016}, "balanceSheetHistory": {"balanceSheetStatements": [{"maxAge": 1, "endDate": "2020-03-31", "cash": 17676000, "shortTermInvestments": 60562000, "netReceivables": 3534721000, "inventory": 911917000, "otherCurrentAssets": 730883000, "totalCurrentAssets": 5278650000, "longTermInvestments": 271356000, "propertyPlantEquipment": 1150928000, "goodWill": 59494000, "intangibleAssets": 2576000, "otherAssets": 554073000, "deferredLongTermAssetCharges": 49231000, "totalAssets": 7317077000, "accountsPayable": 1790056000, "shortLongTermDebt": 107875000, "otherCurrentLiab": 266301000, "longTermDebt": 39685000, "otherLiab": 326411000, "minorityInterest": 20223000, "totalCurrentLiabilities": 4626846000, "totalLiab": 5049903000, "commonStock": 290860000, "retainedEarnings": 1447424000, "treasuryStock": -7693000, "capitalSurplus": 516360000, "otherStockholderEquity": -7693000, "totalStockholderEquity": 2246951000, "netTangibleAssets": 2184881000}, {"maxAge": 1, "endDate": "2019-03-31", "cash": 56168000, "shortTermInvestments": 63122000, "netReceivables": 3034155000, "inventory": 826843000, "otherCurrentAssets": 571676000, "totalCurrentAssets": 4583665000, "longTermInvestments": 340993000, "propertyPlantEquipment": 1290184000, "goodWill": 53369000, "intangibleAssets": 1684000, "otherAssets": 749587000, "deferredLongTermAssetCharges": 13276000, "totalAssets": 7019482000, "accountsPayable": 1519859000, "shortLongTermDebt": 51187000, "otherCurrentLiab": 415765000, "longTermDebt": 166211000, "otherLiab": 158075000, "minorityInterest": 48378000, "totalCurrentLiabilities": 4520452000, "totalLiab": 4844738000, "commonStock": 290860000, "retainedEarnings": 1287338000, "treasuryStock": 31808000, "capitalSurplus": 516360000, "otherStockholderEquity": 31808000, "totalStockholderEquity": 2126366000, "netTangibleAssets": 2071313000}, {"maxAge": 1, "endDate": "2018-03-31", "cash": 23357000, "shortTermInvestments": 51750000, "netReceivables": 2974447000, "inventory": 804529000, "otherCurrentAssets": 496173000, "totalCurrentAssets": 4381521000, "longTermInvestments": 395166000, "propertyPlantEquipment": 1476488000, "goodWill": 49685000, "intangibleAssets": 2201000, "otherAssets": 819245000, "deferredLongTermAssetCharges": 14260000, "totalAssets": 7124306000, "accountsPayable": 1325986000, "shortLongTermDebt": 58189000, "otherCurrentLiab": 603563000, "longTermDebt": 104428000, "otherLiab": 303287000, "minorityInterest": 50936000, "totalCurrentLiabilities": 4551485000, "totalLiab": 4959200000, "commonStock": 290860000, "retainedEarnings": 1341803000, "treasuryStock": -34853000, "capitalSurplus": 516360000, "otherStockholderEquity": -34853000, "totalStockholderEquity": 2114170000, "netTangibleAssets": 2062284000}, {"maxAge": 1, "endDate": "2017-03-31", "cash": 26911000, "netReceivables": 2216316000, "inventory": 691294000, "otherCurrentAssets": 615411000, "totalCurrentAssets": 3583225000, "longTermInvestments": 291083000, "propertyPlantEquipment": 1396857000, "goodWill": 49871000, "intangibleAssets": 3282000, "otherAssets": 1068504000, "totalAssets": 6392822000, "accountsPayable": 1216241000, "shortLongTermDebt": 17192000, "otherCurrentLiab": 395937000, "longTermDebt": 132036000, "otherLiab": 303165000, "minorityInterest": 48471000, "totalCurrentLiabilities": 3975791000, "totalLiab": 4410992000, "commonStock": 145430000, "retainedEarnings": 1160992000, "treasuryStock": -34853000, "capitalSurplus": 661790000, "otherStockholderEquity": -34853000, "totalStockholderEquity": 1933359000, "netTangibleAssets": 1880206000}], "maxAge": 86400}, "earningsTrend": {"trend": [{"maxAge": 1, "period": "0q", "endDate": "2018-03-31", "growth": {}, "earningsEstimate": {"avg": 0.0, "low": 0.0, "high": 0.0, "yearAgoEps": {}, "numberOfAnalysts": 0, "growth": {}}, "revenueEstimate": {"avg": 0, "low": 0, "high": 0, "numberOfAnalysts": 0, "yearAgoRevenue": {}, "growth": {}}, "epsTrend": {"current": 0.0, "7daysAgo": 0.0, "30daysAgo": 0.0, "60daysAgo": 0.0, "90daysAgo": 0.0}, "epsRevisions": {"upLast7days": 0, "upLast30days": 0, "downLast30days": 0, "downLast90days": {}}}, {"maxAge": 1, "period": "+1q", "endDate": "2018-06-30", "growth": {}, "earningsEstimate": {"avg": 0.0, "low": 0.0, "high": 0.0, "yearAgoEps": 1.04, "numberOfAnalysts": 0, "growth": {}}, "revenueEstimate": {"avg": 0, "low": 0, "high": 0, "numberOfAnalysts": 0, "yearAgoRevenue": {}, "growth": {}}, "epsTrend": {"current": 0.0, "7daysAgo": 0.0, "30daysAgo": 0.0, "60daysAgo": 0.0, "90daysAgo": 0.0}, "epsRevisions": {"upLast7days": 0, "upLast30days": 0, "downLast30days": 0, "downLast90days": {}}}, {"maxAge": 1, "period": "0y", "endDate": "2018-03-31", "growth": {}, "earningsEstimate": {"avg": 0.0, "low": 0.0, "high": 0.0, "yearAgoEps": {}, "numberOfAnalysts": 0, "growth": {}}, "revenueEstimate": {"avg": 5208620000, "low": 5485290000, "high": 5485290000, "numberOfAnalysts": 1, "yearAgoRevenue": 5111210000, "growth": 0.019}, "epsTrend": {"current": 0.0, "7daysAgo": 7.21, "30daysAgo": 7.21, "60daysAgo": 7.21, "90daysAgo": 7.21}, "epsRevisions": {"upLast7days": 0, "upLast30days": 0, "downLast30days": 0, "downLast90days": {}}}, {"maxAge": 1, "period": "+1y", "endDate": "2019-03-31", "growth": {}, "earningsEstimate": {"avg": 0.0, "low": 0.0, "high": 0.0, "yearAgoEps": {}, "numberOfAnalysts": 0, "growth": {}}, "revenueEstimate": {"avg": 6143520000, "low": 6143520000, "high": 6143520000, "numberOfAnalysts": 1, "yearAgoRevenue": 5208620000, "growth": 0.17899999}, "epsTrend": {"current": 0.0, "7daysAgo": 8.79, "30daysAgo": 8.79, "60daysAgo": 8.79, "90daysAgo": 8.79}, "epsRevisions": {"upLast7days": 0, "upLast30days": 0, "downLast30days": 0, "downLast90days": {}}}, {"maxAge": 1, "period": "+5y", "endDate": null, "growth": {}, "earningsEstimate": {"avg": {}, "low": {}, "high": {}, "yearAgoEps": {}, "numberOfAnalysts": {}, "growth": {}}, "revenueEstimate": {"avg": {}, "low": {}, "high": {}, "numberOfAnalysts": {}, "yearAgoRevenue": {}, "growth": {}}, "epsTrend": {"current": {}, "7daysAgo": {}, "30daysAgo": {}, "60daysAgo": {}, "90daysAgo": {}}, "epsRevisions": {"upLast7days": {}, "upLast30days": {}, "downLast30days": {}, "downLast90days": {}}}, {"maxAge": 1, "period": "-5y", "endDate": null, "growth": {}, "earningsEstimate": {"avg": {}, "low": {}, "high": {}, "yearAgoEps": {}, "numberOfAnalysts": {}, "growth": {}}, "revenueEstimate": {"avg": {}, "low": {}, "high": {}, "numberOfAnalysts": {}, "yearAgoRevenue": {}, "growth": {}}, "epsTrend": {"current": {}, "7daysAgo": {}, "30daysAgo": {}, "60daysAgo": {}, "90daysAgo": {}}, "epsRevisions": {"upLast7days": {}, "upLast30days": {}, "downLast30days": {}, "downLast90days": {}}}], "maxAge": 1}, "financialData": {"maxAge": 86400, "currentPrice": 39.35, "targetHighPrice": 135.0, "targetLowPrice": 135.0, "targetMeanPrice": 135.0, "targetMedianPrice": 135.0, "recommendationKey": "none", "numberOfAnalystOpinions": 1, "grossProfits": 1959101000, "financialCurrency": "INR"}}}