{"GRATEXI.BO": {"cashflowStatementHistory": {"cashflowStatements": [{"maxAge": 1, "endDate": "2020-03-31", "netIncome": 1612649, "depreciation": 1334362, "changeToNetincome": 603424, "changeToAccountReceivables": 699520, "changeToLiabilities": -47946, "changeToInventory": -2387628, "changeToOperatingActivities": -774392, "totalCashFromOperatingActivities": 1039988, "capitalExpenditures": -401621, "totalCashflowsFromInvestingActivities": -401621, "netBorrowings": -401345, "otherCashflowsFromFinancingActivities": -200418, "totalCashFromFinancingActivities": -601763, "changeInCash": 36604}, {"maxAge": 1, "endDate": "2019-03-31", "netIncome": 748715, "depreciation": 1622540, "changeToNetincome": -161686, "changeToAccountReceivables": -14534, "changeToLiabilities": -177173, "changeToInventory": 2004085, "changeToOperatingActivities": 732688, "totalCashFromOperatingActivities": 4754633, "capitalExpenditures": -1045780, "totalCashflowsFromInvestingActivities": -1045780, "netBorrowings": -3080517, "otherCashflowsFromFinancingActivities": -401814, "totalCashFromFinancingActivities": -3482331, "changeInCash": 226522}, {"maxAge": 1, "endDate": "2018-03-31", "netIncome": 2235000, "depreciation": 963000, "changeToNetincome": 23000, "changeToAccountReceivables": -355000, "changeToLiabilities": 1337000, "changeToInventory": -3790000, "changeToOperatingActivities": 318000, "totalCashFromOperatingActivities": 731000, "capitalExpenditures": -4994000, "totalCashflowsFromInvestingActivities": -4994000, "netBorrowings": 3984000, "otherCashflowsFromFinancingActivities": -401814, "totalCashFromFinancingActivities": 3984000, "changeInCash": -279000}, {"maxAge": 1, "endDate": "2017-03-31", "netIncome": 1910000, "depreciation": 1020000, "changeToNetincome": -47000, "changeToAccountReceivables": -4509000, "changeToLiabilities": -46000, "changeToInventory": 894000, "changeToOperatingActivities": 953000, "totalCashFromOperatingActivities": 175000, "capitalExpenditures": -595000, "totalCashflowsFromInvestingActivities": -595000, "netBorrowings": 243000, "otherCashflowsFromFinancingActivities": -401814, "totalCashFromFinancingActivities": 243000, "changeInCash": -176000}], "maxAge": 86400}, "institutionOwnership": {"ownershipList": [], "maxAge": 1}, "balanceSheetHistoryQuarterly": {"balanceSheetStatements": [{"maxAge": 1, "endDate": "2020-06-30", "totalStockholderEquity": 30893000, "netTangibleAssets": 30893000}, {"maxAge": 1, "endDate": "2020-03-31", "cash": -61676, "netReceivables": 15473605, "inventory": 8264815, "otherCurrentAssets": 715245, "totalCurrentAssets": 24412136, "propertyPlantEquipment": 10842925, "otherAssets": 180958, "totalAssets": 35436019, "accountsPayable": 1306808, "shortLongTermDebt": 199605, "otherCurrentLiab": 540000, "longTermDebt": 945769, "otherLiab": 656499, "totalCurrentLiabilities": 2940463, "totalLiab": 4542731, "commonStock": 30348000, "retainedEarnings": -500737, "treasuryStock": 1046026, "otherStockholderEquity": 1046026, "totalStockholderEquity": 30893289, "netTangibleAssets": 30893289}, {"maxAge": 1, "endDate": "2019-12-31", "totalStockholderEquity": 30060000, "netTangibleAssets": 30060000}, {"maxAge": 1, "endDate": "2019-09-30", "cash": -355000, "shortTermInvestments": 672000, "netReceivables": 11039000, "inventory": 5123000, "totalCurrentAssets": 16479000, "propertyPlantEquipment": 11224000, "otherAssets": 6193000, "totalAssets": 33896000, "accountsPayable": 1279000, "shortLongTermDebt": 312000, "otherCurrentLiab": 352000, "longTermDebt": 984000, "otherLiab": 843000, "totalCurrentLiabilities": 2009000, "totalLiab": 3836000, "commonStock": 30348000, "treasuryStock": -288000, "otherStockholderEquity": -288000, "totalStockholderEquity": 30060000, "netTangibleAssets": 30060000}], "maxAge": 86400}, "indexTrend": {"maxAge": 1, "symbol": "SP5", "peRatio": 19.7411, "pegRatio": 1.34172, "estimates": [{"period": "0q", "growth": 0.549}, {"period": "+1q", "growth": 0.431}, {"period": "0y", "growth": 0.305}, {"period": "+1y", "growth": 0.109}, {"period": "+5y", "growth": 0.120859005}, {"period": "-5y"}]}, "quoteType": {"exchange": "BSE", "quoteType": "EQUITY", "symbol": "GRATEXI.BO", "underlyingSymbol": "GRATEXI.BO", "shortName": "GRATEX INDUSTRIES LTD.", "longName": "Gratex Industries Limited", "firstTradeDateEpochUtc": "2000-01-04 09:15:00", "timeZoneFullName": "Asia/Kolkata", "timeZoneShortName": "IST", "uuid": "3d9ae044-17c2-3f70-ae6f-f0ca525184c5", "gmtOffSetMilliseconds": 19800000, "maxAge": 1}, "incomeStatementHistory": {"incomeStatementHistory": [{"maxAge": 1, "endDate": "2020-03-31", "totalRevenue": 34656685, "costOfRevenue": 13957134, "grossProfit": 20699551, "researchDevelopment": {}, "sellingGeneralAdministrative": 9809396, "nonRecurring": {}, "otherOperatingExpenses": 7127812, "totalOperatingExpenses": 32228704, "operatingIncome": 2427981, "totalOtherIncomeExpenseNet": -200418, "ebit": 2427981, "interestExpense": -173248, "incomeBeforeTax": 2227563, "incomeTaxExpense": 614914, "minorityInterest": {}, "netIncomeFromContinuingOps": 1612649, "discontinuedOperations": {}, "extraordinaryItems": {}, "effectOfAccountingCharges": {}, "otherItems": {}, "netIncome": 1612649, "netIncomeApplicableToCommonShares": 1612649}, {"maxAge": 1, "endDate": "2019-03-31", "totalRevenue": 33461104, "costOfRevenue": 14494980, "grossProfit": 18966124, "researchDevelopment": {}, "sellingGeneralAdministrative": 10595080, "nonRecurring": {}, "otherOperatingExpenses": 5648216, "totalOperatingExpenses": 32360816, "operatingIncome": 1100288, "totalOtherIncomeExpenseNet": -401570, "ebit": 1100288, "interestExpense": -372889, "incomeBeforeTax": 698718, "incomeTaxExpense": -49997, "minorityInterest": {}, "netIncomeFromContinuingOps": 748715, "discontinuedOperations": {}, "extraordinaryItems": {}, "effectOfAccountingCharges": {}, "otherItems": {}, "netIncome": 748715, "netIncomeApplicableToCommonShares": 748715}, {"maxAge": 1, "endDate": "2018-03-31", "totalRevenue": 19899000, "costOfRevenue": 6160000, "grossProfit": 13739000, "researchDevelopment": {}, "sellingGeneralAdministrative": 5520000, "nonRecurring": {}, "otherOperatingExpenses": 4307000, "totalOperatingExpenses": 16950000, "operatingIncome": 2949000, "totalOtherIncomeExpenseNet": 21000, "ebit": 2949000, "interestExpense": -58000, "incomeBeforeTax": 2970000, "incomeTaxExpense": 735000, "minorityInterest": {}, "netIncomeFromContinuingOps": 2235000, "discontinuedOperations": {}, "extraordinaryItems": {}, "effectOfAccountingCharges": {}, "otherItems": {}, "netIncome": 2235000, "netIncomeApplicableToCommonShares": 2235000}, {"maxAge": 1, "endDate": "2017-03-31", "totalRevenue": 12106000, "costOfRevenue": 1211000, "grossProfit": 10895000, "researchDevelopment": {}, "sellingGeneralAdministrative": 5010000, "nonRecurring": {}, "otherOperatingExpenses": 2987000, "totalOperatingExpenses": 10228000, "operatingIncome": 1878000, "totalOtherIncomeExpenseNet": -15000, "ebit": 1878000, "interestExpense": -71000, "incomeBeforeTax": 1863000, "incomeTaxExpense": -47000, "minorityInterest": {}, "netIncomeFromContinuingOps": 1910000, "discontinuedOperations": {}, "extraordinaryItems": {}, "effectOfAccountingCharges": {}, "otherItems": {}, "netIncome": 1910000, "netIncomeApplicableToCommonShares": 1910000}], "maxAge": 86400}, "fundOwnership": {"ownershipList": [], "maxAge": 1}, "summaryDetail": {"maxAge": 1, "priceHint": 2, "previousClose": 11.6, "open": 11.6, "dayLow": 11.6, "dayHigh": 11.6, "regularMarketPreviousClose": 11.6, "regularMarketOpen": 11.6, "regularMarketDayLow": 11.6, "regularMarketDayHigh": 11.6, "trailingPE": 21.886795, "volume": 17, "regularMarketVolume": 17, "averageVolume": 41, "averageVolume10days": 9, "averageDailyVolume10Day": 9, "bid": 12.0, "ask": 11.6, "bidSize": 0, "askSize": 0, "marketCap": 35203680, "fiftyTwoWeekLow": 8.5, "fiftyTwoWeekHigh": 13.3, "fiftyDayAverage": 9.511818, "twoHundredDayAverage": 9.473235, "currency": "INR", "fromCurrency": null, "lastMarket": null, "algorithm": null, "tradeable": false}, "incomeStatementHistoryQuarterly": {"incomeStatementHistory": [{"maxAge": 1, "endDate": "2020-06-30", "totalRevenue": 1663000, "costOfRevenue": 115000, "grossProfit": 1548000, "researchDevelopment": {}, "sellingGeneralAdministrative": 814000, "nonRecurring": {}, "otherOperatingExpenses": 447000, "totalOperatingExpenses": 1652000, "operatingIncome": 11000, "totalOtherIncomeExpenseNet": -1000, "ebit": 11000, "interestExpense": -1000, "incomeBeforeTax": 10000, "incomeTaxExpense": 0, "minorityInterest": {}, "netIncomeFromContinuingOps": 10000, "discontinuedOperations": {}, "extraordinaryItems": {}, "effectOfAccountingCharges": {}, "otherItems": {}, "netIncome": 10000, "netIncomeApplicableToCommonShares": 10000}, {"maxAge": 1, "endDate": "2020-03-31", "totalRevenue": 9294685, "costOfRevenue": 5951134, "grossProfit": 3343551, "researchDevelopment": {}, "sellingGeneralAdministrative": 2591396, "nonRecurring": {}, "otherOperatingExpenses": 691812, "totalOperatingExpenses": 9570704, "operatingIncome": -276019, "totalOtherIncomeExpenseNet": -49418, "ebit": -276019, "interestExpense": -22248, "incomeBeforeTax": -325437, "incomeTaxExpense": 104914, "minorityInterest": {}, "netIncomeFromContinuingOps": -430351, "discontinuedOperations": {}, "extraordinaryItems": {}, "effectOfAccountingCharges": {}, "otherItems": {}, "netIncome": -430351, "netIncomeApplicableToCommonShares": -430351}, {"maxAge": 1, "endDate": "2019-12-31", "totalRevenue": 9813000, "costOfRevenue": 2952000, "grossProfit": 6861000, "researchDevelopment": {}, "sellingGeneralAdministrative": 2882000, "nonRecurring": {}, "otherOperatingExpenses": 2040000, "totalOperatingExpenses": 8211000, "operatingIncome": 1602000, "totalOtherIncomeExpenseNet": -49000, "ebit": 1602000, "interestExpense": -49000, "incomeBeforeTax": 1553000, "incomeTaxExpense": 300000, "minorityInterest": {}, "netIncomeFromContinuingOps": 1253000, "discontinuedOperations": {}, "extraordinaryItems": {}, "effectOfAccountingCharges": {}, "otherItems": {}, "netIncome": 1253000, "netIncomeApplicableToCommonShares": 1253000}, {"maxAge": 1, "endDate": "2019-09-30", "totalRevenue": 8065000, "costOfRevenue": 2443000, "grossProfit": 5622000, "researchDevelopment": {}, "sellingGeneralAdministrative": 2421000, "nonRecurring": {}, "otherOperatingExpenses": 2187000, "totalOperatingExpenses": 7384000, "operatingIncome": 681000, "totalOtherIncomeExpenseNet": -51000, "ebit": 681000, "interestExpense": -51000, "incomeBeforeTax": 630000, "incomeTaxExpense": 210000, "minorityInterest": {}, "netIncomeFromContinuingOps": 420000, "discontinuedOperations": {}, "extraordinaryItems": {}, "effectOfAccountingCharges": {}, "otherItems": {}, "netIncome": 420000, "netIncomeApplicableToCommonShares": 420000}], "maxAge": 86400}, "cashflowStatementHistoryQuarterly": {"cashflowStatements": [{"maxAge": 1, "endDate": "2020-06-30", "netIncome": 10000, "changeToLiabilities": 0}, {"maxAge": 1, "endDate": "2020-03-31", "netIncome": -430351, "changeToLiabilities": 0}, {"maxAge": 1, "endDate": "2019-12-31", "netIncome": 1253000, "changeToLiabilities": 0}, {"maxAge": 1, "endDate": "2019-09-30", "netIncome": 420000, "changeToLiabilities": 0}], "maxAge": 86400}, "insiderHolders": {"holders": [], "maxAge": 1}, "calendarEvents": {"maxAge": 1, "earnings": {"earningsDate": ["2020-02-13 05:30:S", "2020-02-14 05:30:S"]}}, "upgradeDowngradeHistory": {"history": [], "maxAge": 86400}, "price": {"maxAge": 1, "regularMarketChangePercent": 0.0, "regularMarketChange": 0.0, "regularMarketTime": "2021-04-30 14:33:59", "priceHint": 2, "regularMarketPrice": 11.6, "regularMarketDayHigh": 11.6, "regularMarketDayLow": 11.6, "regularMarketVolume": 17, "averageDailyVolume10Day": 9, "averageDailyVolume3Month": 41, "regularMarketPreviousClose": 11.6, "regularMarketSource": "FREE_REALTIME", "regularMarketOpen": 11.6, "exchange": "BSE", "exchangeName": "BSE", "exchangeDataDelayedBy": 0, "marketState": "CLOSED", "quoteType": "EQUITY", "symbol": "GRATEXI.BO", "underlyingSymbol": null, "shortName": "GRATEX INDUSTRIES LTD.", "longName": "Gratex Industries Limited", "currency": "INR", "quoteSourceName": "Delayed Quote", "currencySymbol": "\u20b9", "fromCurrency": null, "lastMarket": null, "marketCap": 35203680}, "balanceSheetHistory": {"balanceSheetStatements": [{"maxAge": 1, "endDate": "2020-03-31", "cash": -61676, "netReceivables": 15473605, "inventory": 8264815, "otherCurrentAssets": 715245, "totalCurrentAssets": 24412136, "propertyPlantEquipment": 10842925, "otherAssets": 180958, "totalAssets": 35436019, "accountsPayable": 1306808, "shortLongTermDebt": 199605, "otherCurrentLiab": 540000, "longTermDebt": 945769, "otherLiab": 656499, "totalCurrentLiabilities": 2940463, "totalLiab": 4542731, "commonStock": 30348000, "retainedEarnings": -500737, "treasuryStock": 1046026, "otherStockholderEquity": 1046026, "totalStockholderEquity": 30893289, "netTangibleAssets": 30893289}, {"maxAge": 1, "endDate": "2019-03-31", "cash": -98280, "netReceivables": 15914595, "inventory": 5877187, "otherCurrentAssets": 499696, "totalCurrentAssets": 22233653, "propertyPlantEquipment": 11775666, "otherAssets": 180958, "totalAssets": 34190277, "accountsPayable": 1387342, "shortLongTermDebt": 402359, "otherCurrentLiab": 399725, "longTermDebt": 1144360, "otherLiab": 430502, "totalCurrentLiabilities": 3345281, "totalLiab": 4920143, "commonStock": 30348000, "retainedEarnings": -2123892, "treasuryStock": 1046026, "otherStockholderEquity": 1046026, "totalStockholderEquity": 29270134, "netTangibleAssets": 29270134}, {"maxAge": 1, "endDate": "2018-03-31", "cash": -325000, "netReceivables": 16100000, "inventory": 7881000, "otherCurrentAssets": 603000, "totalCurrentAssets": 24335000, "propertyPlantEquipment": 12352000, "otherAssets": 181000, "totalAssets": 36868000, "accountsPayable": 1367000, "shortLongTermDebt": 4505000, "otherCurrentLiab": 868000, "otherLiab": 250000, "totalCurrentLiabilities": 7405000, "totalLiab": 7655000, "commonStock": 30348000, "retainedEarnings": -2181000, "treasuryStock": 1046000, "otherStockholderEquity": 1046000, "totalStockholderEquity": 29213000, "netTangibleAssets": 29213000}, {"maxAge": 1, "endDate": "2017-03-31", "cash": -46000, "netReceivables": 15545000, "inventory": 4091000, "otherCurrentAssets": 306000, "totalCurrentAssets": 20006000, "propertyPlantEquipment": 8321000, "otherAssets": 181000, "totalAssets": 28508000, "accountsPayable": 30000, "otherCurrentLiab": 22000, "otherLiab": 227000, "totalCurrentLiabilities": 1303000, "totalLiab": 1530000, "commonStock": 30348000, "retainedEarnings": -4416000, "treasuryStock": 1046000, "otherStockholderEquity": 1046000, "totalStockholderEquity": 26978000, "netTangibleAssets": 26978000}], "maxAge": 86400}, "financialData": {"maxAge": 86400, "currentPrice": 11.6, "recommendationKey": "none", "grossProfits": 20699551, "financialCurrency": "INR"}}}