{"GRAUWEIL.BO": {"recommendationTrend": {"trend": [{"period": "0m", "strongBuy": 0, "buy": 0, "hold": 0, "sell": 0, "strongSell": 0}, {"period": "-1m", "strongBuy": 0, "buy": 0, "hold": 0, "sell": 0, "strongSell": 0}, {"period": "-2m", "strongBuy": 0, "buy": 0, "hold": 0, "sell": 0, "strongSell": 0}, {"period": "-3m", "strongBuy": 0, "buy": 0, "hold": 0, "sell": 0, "strongSell": 0}], "maxAge": 86400}, "cashflowStatementHistory": {"cashflowStatements": [{"maxAge": 1, "endDate": "2020-03-31", "netIncome": 758408000, "depreciation": 184688000, "changeToNetincome": -77551000, "changeToAccountReceivables": -35448000, "changeToLiabilities": 216458000, "changeToInventory": -153758000, "changeToOperatingActivities": -18743000, "totalCashFromOperatingActivities": 879464000, "capitalExpenditures": -227526000, "investments": -422253000, "otherCashflowsFromInvestingActivities": 76118000, "totalCashflowsFromInvestingActivities": -566774000, "dividendsPaid": -300141000, "netBorrowings": -38155000, "otherCashflowsFromFinancingActivities": -26734000, "totalCashFromFinancingActivities": -365030000, "changeInCash": -52340000}, {"maxAge": 1, "endDate": "2019-03-31", "netIncome": 638721000, "depreciation": 150357000, "changeToNetincome": -13127000, "changeToAccountReceivables": -263741000, "changeToLiabilities": 43732000, "changeToInventory": -286084000, "changeToOperatingActivities": 50720000, "totalCashFromOperatingActivities": 325078000, "capitalExpenditures": -450765000, "investments": 254150000, "otherCashflowsFromInvestingActivities": 61708000, "totalCashflowsFromInvestingActivities": -131422000, "dividendsPaid": -162963000, "netBorrowings": 139367000, "otherCashflowsFromFinancingActivities": 1121000, "totalCashFromFinancingActivities": -22475000, "changeInCash": 171181000}, {"maxAge": 1, "endDate": "2018-03-31", "netIncome": 637787000, "depreciation": 145779000, "changeToNetincome": 57040000, "changeToAccountReceivables": -173827000, "changeToLiabilities": 88981000, "changeToInventory": -5570000, "changeToOperatingActivities": -39625000, "totalCashFromOperatingActivities": 714543000, "capitalExpenditures": -94349000, "investments": -575647000, "otherCashflowsFromInvestingActivities": 55285000, "totalCashflowsFromInvestingActivities": -612105000, "dividendsPaid": -108087000, "netBorrowings": -128798000, "otherCashflowsFromFinancingActivities": -8812000, "totalCashFromFinancingActivities": -245697000, "changeInCash": -143259000}, {"maxAge": 1, "endDate": "2017-03-31", "netIncome": 541985000, "depreciation": 134668000, "changeToNetincome": -10435000, "changeToAccountReceivables": 24138000, "changeToLiabilities": 94773000, "changeToInventory": -43453000, "changeToOperatingActivities": 128331000, "totalCashFromOperatingActivities": 874194000, "capitalExpenditures": -159227000, "investments": -406776000, "otherCashflowsFromInvestingActivities": 18168000, "totalCashflowsFromInvestingActivities": -544485000, "dividendsPaid": -20818000, "netBorrowings": -70653000, "otherCashflowsFromFinancingActivities": -11897000, "totalCashFromFinancingActivities": -103368000, "changeInCash": 226341000}], "maxAge": 86400}, "institutionOwnership": {"maxAge": 1, "ownershipList": []}, "balanceSheetHistoryQuarterly": {"balanceSheetStatements": [{"maxAge": 1, "endDate": "2020-06-30", "totalStockholderEquity": 4448055000, "netTangibleAssets": 4437689000}, {"maxAge": 1, "endDate": "2020-03-31", "cash": 334508000, "shortTermInvestments": 1064451000, "netReceivables": 1258861000, "inventory": 1084008000, "otherCurrentAssets": 59759000, "totalCurrentAssets": 3804441000, "longTermInvestments": 112138000, "propertyPlantEquipment": 2412031000, "intangibleAssets": 10366000, "otherAssets": 80433000, "totalAssets": 6419409000, "accountsPayable": 815532000, "otherCurrentLiab": 197650000, "otherLiab": 456496000, "totalCurrentLiabilities": 1490976000, "totalLiab": 1971354000, "commonStock": 226706000, "retainedEarnings": 4282170000, "treasuryStock": -60821000, "otherStockholderEquity": -60821000, "totalStockholderEquity": 4448055000, "netTangibleAssets": 4437689000}, {"maxAge": 1, "endDate": "2019-12-31", "totalStockholderEquity": 4188200000, "netTangibleAssets": 4175300000}, {"maxAge": 1, "endDate": "2019-09-30", "cash": 1070000000, "shortTermInvestments": 7800000, "netReceivables": 886400000, "inventory": 979000000, "otherCurrentAssets": 274600000, "totalCurrentAssets": 3217800000, "longTermInvestments": 154700000, "propertyPlantEquipment": 2399200000, "intangibleAssets": 12900000, "otherAssets": 48200000, "totalAssets": 5832800000, "accountsPayable": 528400000, "otherCurrentLiab": 519700000, "otherLiab": 518100000, "totalCurrentLiabilities": 1123000000, "totalLiab": 1644600000, "commonStock": 226700000, "treasuryStock": 3961500000, "otherStockholderEquity": 3961500000, "totalStockholderEquity": 4188200000, "netTangibleAssets": 4175300000}], "maxAge": 86400}, "earningsHistory": {"history": [{"maxAge": 1, "epsActual": {}, "epsEstimate": {}, "epsDifference": {}, "surprisePercent": {}, "quarter": {}, "period": "-4q"}, {"maxAge": 1, "epsActual": {}, "epsEstimate": {}, "epsDifference": {}, "surprisePercent": {}, "quarter": {}, "period": "-3q"}, {"maxAge": 1, "epsActual": {}, "epsEstimate": {}, "epsDifference": {}, "surprisePercent": {}, "quarter": {}, "period": "-2q"}, {"maxAge": 1, "epsActual": {}, "epsEstimate": {}, "epsDifference": {}, "surprisePercent": {}, "quarter": {}, "period": "-1q"}], "maxAge": 86400}, "indexTrend": {"maxAge": 1, "symbol": "SP5", "peRatio": 19.7411, "pegRatio": 1.34172, "estimates": [{"period": "0q", "growth": 0.549}, {"period": "+1q", "growth": 0.431}, {"period": "0y", "growth": 0.305}, {"period": "+1y", "growth": 0.109}, {"period": "+5y", "growth": 0.120859005}, {"period": "-5y"}]}, "industryTrend": {"maxAge": 1, "symbol": null, "estimates": []}, "insiderTransactions": {"transactions": [{"maxAge": 1, "shares": 26000, "filerUrl": "", "transactionText": "", "filerName": "More (Yash)", "filerRelation": "UNREPORTED", "moneyText": "", "startDate": "2020-03-31", "ownership": "D"}, {"maxAge": 1, "shares": 52530, "filerUrl": "", "transactionText": "", "filerName": "Suresh Pareek HUF", "filerRelation": "Promoter", "moneyText": "", "startDate": "2020-03-30", "ownership": "D"}, {"maxAge": 1, "shares": 19578, "filerUrl": "", "transactionText": "", "filerName": "Poona Bottling Company Pvt Ltd", "filerRelation": "Promoter", "moneyText": "", "startDate": "2020-03-30", "ownership": "D"}, {"maxAge": 1, "shares": 70143, "filerUrl": "", "transactionText": "", "filerName": "Poona Bottling Company Pvt Ltd", "filerRelation": "Promoter", "moneyText": "", "startDate": "2020-03-23", "ownership": "D"}, {"maxAge": 1, "shares": 25500, "filerUrl": "", "transactionText": "", "filerName": "Rajgarhia (Shivani)", "filerRelation": "Promoter", "moneyText": "", "startDate": "2019-10-30", "ownership": "D"}, {"maxAge": 1, "shares": 296380, "filerUrl": "", "transactionText": "", "filerName": "Waluj Beverages Pvt Ltd", "filerRelation": "Promoter", "moneyText": "", "startDate": "2019-09-16", "ownership": "D"}, {"maxAge": 1, "shares": 296380, "filerUrl": "", "transactionText": "", "filerName": "Poona Bottling Company Pvt Ltd", "filerRelation": "Promoter", "moneyText": "", "startDate": "2019-09-16", "ownership": "D"}], "maxAge": 1}, "quoteType": {"exchange": "BSE", "quoteType": "EQUITY", "symbol": "GRAUWEIL.BO", "underlyingSymbol": "GRAUWEIL.BO", "shortName": "GRAUER & WEIL (INDIA) LTD.", "longName": "Grauer & Weil (India) Limited", "firstTradeDateEpochUtc": "2002-01-04 09:15:00", "timeZoneFullName": "Asia/Kolkata", "timeZoneShortName": "IST", "uuid": "b1bd0a6e-fbac-3e52-ace0-cf093d0043ed", "messageBoardId": null, "gmtOffSetMilliseconds": 19800000, "maxAge": 1}, "incomeStatementHistory": {"incomeStatementHistory": [{"maxAge": 1, "endDate": "2020-03-31", "totalRevenue": 6202305000, "costOfRevenue": 3247169000, "grossProfit": 2955136000, "researchDevelopment": {}, "sellingGeneralAdministrative": 776316000, "nonRecurring": {}, "otherOperatingExpenses": 1186045000, "totalOperatingExpenses": 5415705000, "operatingIncome": 786600000, "totalOtherIncomeExpenseNet": 167495000, "ebit": 786600000, "interestExpense": -26087000, "incomeBeforeTax": 954095000, "incomeTaxExpense": 195687000, "minorityInterest": {}, "netIncomeFromContinuingOps": 758408000, "discontinuedOperations": {}, "extraordinaryItems": {}, "effectOfAccountingCharges": {}, "otherItems": {}, "netIncome": 758408000, "netIncomeApplicableToCommonShares": 758408000}, {"maxAge": 1, "endDate": "2019-03-31", "totalRevenue": 6018756000, "costOfRevenue": 3342262000, "grossProfit": 2676494000, "researchDevelopment": {}, "sellingGeneralAdministrative": 735463000, "nonRecurring": {}, "otherOperatingExpenses": 861874000, "totalOperatingExpenses": 5115120000, "operatingIncome": 903636000, "totalOtherIncomeExpenseNet": 37598000, "ebit": 903636000, "interestExpense": -7963000, "incomeBeforeTax": 941234000, "incomeTaxExpense": 302513000, "minorityInterest": {}, "netIncomeFromContinuingOps": 638721000, "discontinuedOperations": {}, "extraordinaryItems": {}, "effectOfAccountingCharges": {}, "otherItems": {}, "netIncome": 638721000, "netIncomeApplicableToCommonShares": 638721000}, {"maxAge": 1, "endDate": "2018-03-31", "totalRevenue": 4984858000, "costOfRevenue": 2611806000, "grossProfit": 2373052000, "researchDevelopment": {}, "sellingGeneralAdministrative": 628720000, "nonRecurring": {}, "otherOperatingExpenses": 728675000, "totalOperatingExpenses": 4149098000, "operatingIncome": 835760000, "totalOtherIncomeExpenseNet": 70820000, "ebit": 835760000, "interestExpense": -18149000, "incomeBeforeTax": 906580000, "incomeTaxExpense": 268793000, "minorityInterest": {}, "netIncomeFromContinuingOps": 637787000, "discontinuedOperations": {}, "extraordinaryItems": {}, "effectOfAccountingCharges": {}, "otherItems": {}, "netIncome": 637787000, "netIncomeApplicableToCommonShares": 637787000}, {"maxAge": 1, "endDate": "2017-03-31", "totalRevenue": 4315413000, "costOfRevenue": 2191168000, "grossProfit": 2124245000, "researchDevelopment": {}, "sellingGeneralAdministrative": 558680000, "nonRecurring": {}, "otherOperatingExpenses": 692616000, "totalOperatingExpenses": 3601104000, "operatingIncome": 714309000, "totalOtherIncomeExpenseNet": 13960000, "ebit": 714309000, "interestExpense": -16528000, "incomeBeforeTax": 728269000, "incomeTaxExpense": 186284000, "minorityInterest": {}, "netIncomeFromContinuingOps": 541985000, "discontinuedOperations": {}, "extraordinaryItems": {}, "effectOfAccountingCharges": {}, "otherItems": {}, "netIncome": 541985000, "netIncomeApplicableToCommonShares": 541985000}], "maxAge": 86400}, "fundOwnership": {"maxAge": 1, "ownershipList": []}, "summaryDetail": {"maxAge": 1, "priceHint": 2, "previousClose": 42.85, "open": 42.4, "dayLow": 41.8, "dayHigh": 45.0, "regularMarketPreviousClose": 42.85, "regularMarketOpen": 42.4, "regularMarketDayLow": 41.8, "regularMarketDayHigh": 45.0, "trailingPE": 16.317144, "forwardPE": 17.811245, "volume": 1443704, "regularMarketVolume": 1443704, "averageVolume": 329854, "averageVolume10days": 205251, "averageDailyVolume10Day": 205251, "bid": 0.0, "ask": 0.0, "bidSize": 0, "askSize": 0, "marketCap": 10054411264, "fiftyTwoWeekLow": 27.5, "fiftyTwoWeekHigh": 51.35, "fiftyDayAverage": 42.934284, "twoHundredDayAverage": 40.00584, "trailingAnnualDividendRate": 0.5, "trailingAnnualDividendYield": 0.011668612, "currency": "INR", "fromCurrency": null, "toCurrency": null, "lastMarket": null, "algorithm": null, "tradeable": false}, "sectorTrend": {"maxAge": 1, "symbol": null, "estimates": []}, "incomeStatementHistoryQuarterly": {"incomeStatementHistory": [{"maxAge": 1, "endDate": "2020-06-30", "totalRevenue": 631800000, "costOfRevenue": 256200000, "grossProfit": 375600000, "researchDevelopment": {}, "sellingGeneralAdministrative": 125300000, "nonRecurring": {}, "otherOperatingExpenses": 208300000, "totalOperatingExpenses": 637600000, "operatingIncome": -5800000, "totalOtherIncomeExpenseNet": 25400000, "ebit": -5800000, "interestExpense": -2700000, "incomeBeforeTax": 19600000, "incomeTaxExpense": 8500000, "minorityInterest": {}, "netIncomeFromContinuingOps": 11100000, "discontinuedOperations": {}, "extraordinaryItems": {}, "effectOfAccountingCharges": {}, "otherItems": {}, "netIncome": 11100000, "netIncomeApplicableToCommonShares": 11100000}, {"maxAge": 1, "endDate": "2020-03-31", "totalRevenue": 1751605000, "costOfRevenue": 1001469000, "grossProfit": 750136000, "researchDevelopment": {}, "sellingGeneralAdministrative": 213416000, "nonRecurring": {}, "otherOperatingExpenses": 235345000, "totalOperatingExpenses": 1515805000, "operatingIncome": 235800000, "totalOtherIncomeExpenseNet": 36595000, "ebit": 235800000, "interestExpense": -16687000, "incomeBeforeTax": 272395000, "incomeTaxExpense": 51387000, "minorityInterest": {}, "netIncomeFromContinuingOps": 221008000, "discontinuedOperations": {}, "extraordinaryItems": {}, "effectOfAccountingCharges": {}, "otherItems": {}, "netIncome": 221008000, "netIncomeApplicableToCommonShares": 221008000}, {"maxAge": 1, "endDate": "2019-12-31", "totalRevenue": 1620000000, "costOfRevenue": 800800000, "grossProfit": 819200000, "researchDevelopment": {}, "sellingGeneralAdministrative": 186900000, "nonRecurring": {}, "otherOperatingExpenses": 379800000, "totalOperatingExpenses": 1418200000, "operatingIncome": 201800000, "totalOtherIncomeExpenseNet": 49500000, "ebit": 201800000, "interestExpense": -2800000, "incomeBeforeTax": 251300000, "incomeTaxExpense": 71100000, "minorityInterest": {}, "netIncomeFromContinuingOps": 180200000, "discontinuedOperations": {}, "extraordinaryItems": {}, "effectOfAccountingCharges": {}, "otherItems": {}, "netIncome": 180200000, "netIncomeApplicableToCommonShares": 180200000}, {"maxAge": 1, "endDate": "2019-09-30", "totalRevenue": 1509800000, "costOfRevenue": 804500000, "grossProfit": 705300000, "researchDevelopment": {}, "sellingGeneralAdministrative": 194500000, "nonRecurring": {}, "otherOperatingExpenses": 284500000, "totalOperatingExpenses": 1328900000, "operatingIncome": 180900000, "totalOtherIncomeExpenseNet": 24400000, "ebit": 180900000, "interestExpense": -3300000, "incomeBeforeTax": 205300000, "incomeTaxExpense": 4700000, "minorityInterest": {}, "netIncomeFromContinuingOps": 200600000, "discontinuedOperations": {}, "extraordinaryItems": {}, "effectOfAccountingCharges": {}, "otherItems": {}, "netIncome": 200600000, "netIncomeApplicableToCommonShares": 200600000}], "maxAge": 86400}, "cashflowStatementHistoryQuarterly": {"cashflowStatements": [{"maxAge": 1, "endDate": "2020-06-30", "netIncome": 11100000, "changeToLiabilities": 0}, {"maxAge": 1, "endDate": "2020-03-31", "netIncome": 221008000, "changeToLiabilities": 0}, {"maxAge": 1, "endDate": "2019-12-31", "netIncome": 180200000, "changeToLiabilities": 0}, {"maxAge": 1, "endDate": "2019-09-30", "netIncome": 200600000, "changeToLiabilities": 0}], "maxAge": 86400}, "insiderHolders": {"holders": [{"maxAge": 1, "name": "More (Yash)", "relation": "UNREPORTED", "url": "", "transactionDescription": "Acquisition", "latestTransDate": "2020-03-31", "positionDirect": 4861620, "positionDirectDate": "2020-03-31"}, {"maxAge": 1, "name": "Poona Bottling Company Pvt Ltd", "relation": "Promoter", "url": "", "transactionDescription": "Acquisition", "latestTransDate": "2020-03-30", "positionDirect": 42886151, "positionDirectDate": "2020-03-30"}, {"maxAge": 1, "name": "Rajgarhia (Shivani)", "relation": "Promoter", "url": "", "transactionDescription": "Purchase", "latestTransDate": "2019-10-30", "positionDirect": 720500, "positionDirectDate": "2019-10-30"}, {"maxAge": 1, "name": "Suresh Pareek HUF", "relation": "Promoter", "url": "", "transactionDescription": "Acquisition", "latestTransDate": "2020-03-30", "positionDirect": 52540, "positionDirectDate": "2020-03-30"}, {"maxAge": 1, "name": "Waluj Beverages Pvt Ltd", "relation": "Promoter", "url": "", "transactionDescription": "Sale", "latestTransDate": "2019-09-16", "positionDirect": 0, "positionDirectDate": "2019-09-16"}], "maxAge": 1}, "earnings": {"maxAge": 86400, "earningsChart": {"quarterly": [], "earningsDate": []}, "financialsChart": {"yearly": [{"date": 2017, "revenue": 4315413000, "earnings": 541985000}, {"date": 2018, "revenue": 4984858000, "earnings": 637787000}, {"date": 2019, "revenue": 6018756000, "earnings": 638721000}, {"date": 2020, "revenue": 6202305000, "earnings": 758408000}], "quarterly": [{"date": "3Q2019", "revenue": 1509800000, "earnings": 200600000}, {"date": "4Q2019", "revenue": 1620000000, "earnings": 180200000}, {"date": "1Q2020", "revenue": 1751605000, "earnings": 221008000}, {"date": "2Q2020", "revenue": 631800000, "earnings": 11100000}]}, "financialCurrency": "INR"}, "calendarEvents": {"maxAge": 1, "earnings": {"earningsDate": [], "revenueLow": 4700000000, "revenueHigh": 4700000000}}, "price": {"maxAge": 1, "regularMarketChangePercent": 0.035005834, "regularMarketChange": 1.5, "regularMarketTime": "2021-04-30 15:55:39", "priceHint": 2, "regularMarketPrice": 44.35, "regularMarketDayHigh": 45.0, "regularMarketDayLow": 41.8, "regularMarketVolume": 1443704, "averageDailyVolume10Day": 205251, "averageDailyVolume3Month": 329854, "regularMarketPreviousClose": 42.85, "regularMarketSource": "FREE_REALTIME", "regularMarketOpen": 42.4, "exchange": "BSE", "exchangeName": "BSE", "exchangeDataDelayedBy": 0, "marketState": "CLOSED", "quoteType": "EQUITY", "symbol": "GRAUWEIL.BO", "underlyingSymbol": null, "shortName": "GRAUER & WEIL (INDIA) LTD.", "longName": "Grauer & Weil (India) Limited", "currency": "INR", "quoteSourceName": "Delayed Quote", "currencySymbol": "\u20b9", "fromCurrency": null, "toCurrency": null, "lastMarket": null, "marketCap": 10054411264}, "balanceSheetHistory": {"balanceSheetStatements": [{"maxAge": 1, "endDate": "2020-03-31", "cash": 334508000, "shortTermInvestments": 1064451000, "netReceivables": 1258861000, "inventory": 1084008000, "otherCurrentAssets": 59759000, "totalCurrentAssets": 3804441000, "longTermInvestments": 112138000, "propertyPlantEquipment": 2412031000, "intangibleAssets": 10366000, "otherAssets": 80433000, "totalAssets": 6419409000, "accountsPayable": 815532000, "otherCurrentLiab": 197650000, "otherLiab": 456496000, "totalCurrentLiabilities": 1490976000, "totalLiab": 1971354000, "commonStock": 226706000, "retainedEarnings": 4282170000, "treasuryStock": -60821000, "otherStockholderEquity": -60821000, "totalStockholderEquity": 4448055000, "netTangibleAssets": 4437689000}, {"maxAge": 1, "endDate": "2019-03-31", "cash": 386848000, "shortTermInvestments": 648111000, "netReceivables": 1210039000, "inventory": 930250000, "otherCurrentAssets": 74934000, "totalCurrentAssets": 3258188000, "longTermInvestments": 117326000, "propertyPlantEquipment": 2333245000, "intangibleAssets": 11348000, "otherAssets": 91935000, "totalAssets": 5812042000, "accountsPayable": 599325000, "otherCurrentLiab": 202774000, "longTermDebt": 6300000, "otherLiab": 486289000, "totalCurrentLiabilities": 1306947000, "totalLiab": 1799581000, "commonStock": 226706000, "retainedEarnings": 3837890000, "treasuryStock": -52135000, "otherStockholderEquity": -52135000, "totalStockholderEquity": 4012461000, "netTangibleAssets": 4001113000}, {"maxAge": 1, "endDate": "2018-03-31", "cash": 195415000, "shortTermInvestments": 1029347000, "netReceivables": 940048000, "inventory": 692209000, "otherCurrentAssets": 47788000, "totalCurrentAssets": 2912364000, "longTermInvestments": 9504000, "propertyPlantEquipment": 2055884000, "intangibleAssets": 7009000, "otherAssets": 81721000, "totalAssets": 5066482000, "accountsPayable": 564883000, "otherCurrentLiab": 172733000, "otherLiab": 487190000, "totalCurrentLiabilities": 1034950000, "totalLiab": 1531493000, "commonStock": 226706000, "retainedEarnings": 3360104000, "treasuryStock": -51821000, "otherStockholderEquity": -51821000, "totalStockholderEquity": 3534989000, "netTangibleAssets": 3527980000}, {"maxAge": 1, "endDate": "2017-03-31", "cash": 358926000, "shortTermInvestments": 426591000, "netReceivables": 786222000, "inventory": 686637000, "otherCurrentAssets": 62536000, "totalCurrentAssets": 2328717000, "longTermInvestments": 13727000, "propertyPlantEquipment": 2110496000, "intangibleAssets": 10123000, "otherAssets": 75075000, "totalAssets": 4538138000, "accountsPayable": 475507000, "otherCurrentLiab": 179944000, "otherLiab": 425142000, "totalCurrentLiabilities": 1105915000, "totalLiab": 1534928000, "commonStock": 226706000, "retainedEarnings": 2827080000, "treasuryStock": -50576000, "otherStockholderEquity": -50576000, "totalStockholderEquity": 3003210000, "netTangibleAssets": 2993087000}], "maxAge": 86400}, "earningsTrend": {"trend": [{"maxAge": 1, "period": "0q", "endDate": "2016-12-31", "growth": {}, "earningsEstimate": {"avg": 0.0, "low": 0.0, "high": 0.0, "yearAgoEps": {}, "numberOfAnalysts": 0, "growth": {}}, "revenueEstimate": {"avg": 0, "low": 4700000000, "high": 4700000000, "numberOfAnalysts": 1, "yearAgoRevenue": {}, "growth": {}}, "epsTrend": {"current": 0.0, "7daysAgo": 0.53, "30daysAgo": 0.53, "60daysAgo": 0.53, "90daysAgo": 0.53}, "epsRevisions": {"upLast7days": 0, "upLast30days": 0, "downLast30days": 0, "downLast90days": {}}}, {"maxAge": 1, "period": "+1q", "endDate": "2017-03-31", "growth": {}, "earningsEstimate": {"avg": 0.0, "low": 0.0, "high": 0.0, "yearAgoEps": {}, "numberOfAnalysts": 0, "growth": {}}, "revenueEstimate": {"avg": 0, "low": 4700000000, "high": 4700000000, "numberOfAnalysts": 1, "yearAgoRevenue": {}, "growth": {}}, "epsTrend": {"current": 0.0, "7daysAgo": 0.71, "30daysAgo": 0.71, "60daysAgo": 0.71, "90daysAgo": 0.71}, "epsRevisions": {"upLast7days": 0, "upLast30days": 0, "downLast30days": 0, "downLast90days": {}}}, {"maxAge": 1, "period": "0y", "endDate": "2016-03-31", "growth": {}, "earningsEstimate": {"avg": 0.0, "low": 0.0, "high": 0.0, "yearAgoEps": {}, "numberOfAnalysts": 0, "growth": {}}, "revenueEstimate": {"avg": 0, "low": 4700000000, "high": 4700000000, "numberOfAnalysts": 1, "yearAgoRevenue": {}, "growth": {}}, "epsTrend": {"current": 0.0, "7daysAgo": 1.86, "30daysAgo": 1.86, "60daysAgo": 1.86, "90daysAgo": 1.86}, "epsRevisions": {"upLast7days": 1, "upLast30days": 1, "downLast30days": 0, "downLast90days": {}}}, {"maxAge": 1, "period": "+1y", "endDate": "2017-03-31", "growth": {}, "earningsEstimate": {"avg": 0.0, "low": 0.0, "high": 0.0, "yearAgoEps": {}, "numberOfAnalysts": 0, "growth": {}}, "revenueEstimate": {"avg": 4494590000, "low": 4494590000, "high": 4494590000, "numberOfAnalysts": 1, "yearAgoRevenue": {}, "growth": {}}, "epsTrend": {"current": 0.0, "7daysAgo": 2.49, "30daysAgo": 2.49, "60daysAgo": 2.49, "90daysAgo": 2.49}, "epsRevisions": {"upLast7days": 0, "upLast30days": 0, "downLast30days": 0, "downLast90days": {}}}, {"maxAge": 1, "period": "+5y", "endDate": null, "growth": {}, "earningsEstimate": {"avg": {}, "low": {}, "high": {}, "yearAgoEps": {}, "numberOfAnalysts": {}, "growth": {}}, "revenueEstimate": {"avg": {}, "low": {}, "high": {}, "numberOfAnalysts": {}, "yearAgoRevenue": {}, "growth": {}}, "epsTrend": {"current": {}, "7daysAgo": {}, "30daysAgo": {}, "60daysAgo": {}, "90daysAgo": {}}, "epsRevisions": {"upLast7days": {}, "upLast30days": {}, "downLast30days": {}, "downLast90days": {}}}, {"maxAge": 1, "period": "-5y", "endDate": null, "growth": {}, "earningsEstimate": {"avg": {}, "low": {}, "high": {}, "yearAgoEps": {}, "numberOfAnalysts": {}, "growth": {}}, "revenueEstimate": {"avg": {}, "low": {}, "high": {}, "numberOfAnalysts": {}, "yearAgoRevenue": {}, "growth": {}}, "epsTrend": {"current": {}, "7daysAgo": {}, "30daysAgo": {}, "60daysAgo": {}, "90daysAgo": {}}, "epsRevisions": {"upLast7days": {}, "upLast30days": {}, "downLast30days": {}, "downLast90days": {}}}], "maxAge": 1}, "financialData": {"maxAge": 86400, "currentPrice": 44.35, "targetHighPrice": 42.2, "targetLowPrice": 42.2, "targetMeanPrice": 42.2, "targetMedianPrice": 42.2, "recommendationKey": "none", "numberOfAnalystOpinions": 1, "grossProfits": 2955136000, "financialCurrency": "INR"}}}