{"GRAVISSHO.BO": {"cashflowStatementHistory": {"cashflowStatements": [{"maxAge": 1, "endDate": "2020-03-31", "netIncome": -88235000, "depreciation": 61575000, "changeToNetincome": -17464000, "changeToAccountReceivables": 45729000, "changeToLiabilities": -209000, "changeToInventory": -932000, "changeToOperatingActivities": 58495000, "totalCashFromOperatingActivities": 58959000, "capitalExpenditures": -8132000, "investments": 612000, "otherCashflowsFromInvestingActivities": 4048000, "totalCashflowsFromInvestingActivities": -3472000, "netBorrowings": -22978000, "otherCashflowsFromFinancingActivities": -16338000, "totalCashFromFinancingActivities": -39316000, "changeInCash": 16171000}, {"maxAge": 1, "endDate": "2019-03-31", "netIncome": -18867000, "depreciation": 51067000, "changeToNetincome": -8238000, "changeToAccountReceivables": -31324000, "changeToLiabilities": 40748000, "changeToInventory": -2366000, "changeToOperatingActivities": 14005000, "totalCashFromOperatingActivities": 45025000, "capitalExpenditures": -63119000, "investments": 158000, "otherCashflowsFromInvestingActivities": 5740000, "totalCashflowsFromInvestingActivities": -47768000, "netBorrowings": 15658000, "otherCashflowsFromFinancingActivities": -15080000, "totalCashFromFinancingActivities": 578000, "changeInCash": -2165000}, {"maxAge": 1, "endDate": "2018-03-31", "netIncome": -9402000, "depreciation": 58027000, "changeToNetincome": 12030000, "changeToAccountReceivables": -17465000, "changeToLiabilities": 6039000, "changeToInventory": -1499000, "changeToOperatingActivities": 62435000, "totalCashFromOperatingActivities": 110165000, "capitalExpenditures": -85814000, "investments": -229000, "otherCashflowsFromInvestingActivities": 1434000, "totalCashflowsFromInvestingActivities": -84109000, "netBorrowings": -1733000, "otherCashflowsFromFinancingActivities": -16287000, "totalCashFromFinancingActivities": -18020000, "changeInCash": 8035000}, {"maxAge": 1, "endDate": "2017-03-31", "netIncome": -43716000, "depreciation": 47932000, "changeToNetincome": 5690000, "changeToAccountReceivables": 26982000, "changeToLiabilities": 3949000, "changeToInventory": -2414000, "changeToOperatingActivities": -542000, "totalCashFromOperatingActivities": 38047000, "capitalExpenditures": -50585000, "investments": -229000, "otherCashflowsFromInvestingActivities": 3369000, "totalCashflowsFromInvestingActivities": -47216000, "netBorrowings": 18004000, "otherCashflowsFromFinancingActivities": -17289000, "totalCashFromFinancingActivities": 715000, "changeInCash": -8454000}], "maxAge": 86400}, "institutionOwnership": {"maxAge": 1, "ownershipList": []}, "balanceSheetHistoryQuarterly": {"balanceSheetStatements": [{"maxAge": 1, "endDate": "2020-06-30", "totalStockholderEquity": 1943901000, "netTangibleAssets": 1943901000}, {"maxAge": 1, "endDate": "2020-03-31", "cash": 29432000, "shortTermInvestments": 37474000, "netReceivables": 47649000, "inventory": 441678000, "otherCurrentAssets": 3678000, "totalCurrentAssets": 563734000, "longTermInvestments": 147000, "propertyPlantEquipment": 1777850000, "otherAssets": 162349000, "totalAssets": 2504080000, "accountsPayable": 85827000, "shortLongTermDebt": 16590000, "otherCurrentLiab": 65333000, "longTermDebt": 26025000, "otherLiab": 195282000, "totalCurrentLiabilities": 338872000, "totalLiab": 560179000, "commonStock": 141039000, "retainedEarnings": 777800000, "treasuryStock": 106755000, "capitalSurplus": 918307000, "otherStockholderEquity": 106755000, "totalStockholderEquity": 1943901000, "netTangibleAssets": 1943901000}, {"maxAge": 1, "endDate": "2019-12-31", "totalStockholderEquity": 1986100000, "netTangibleAssets": 1986100000}, {"maxAge": 1, "endDate": "2019-09-30", "cash": 9200000, "netReceivables": 72700000, "inventory": 438200000, "otherCurrentAssets": 14300000, "totalCurrentAssets": 534400000, "longTermInvestments": 17200000, "propertyPlantEquipment": 1820600000, "otherAssets": 154900000, "totalAssets": 2527100000, "accountsPayable": 101100000, "otherCurrentLiab": 95400000, "longTermDebt": 51400000, "otherLiab": 187700000, "totalCurrentLiabilities": 301900000, "totalLiab": 541000000, "commonStock": 141000000, "treasuryStock": 1845100000, "otherStockholderEquity": 1845100000, "totalStockholderEquity": 1986100000, "netTangibleAssets": 1986100000}], "maxAge": 86400}, "indexTrend": {"maxAge": 1, "symbol": "SP5", "peRatio": 19.7411, "pegRatio": 1.34172, "estimates": [{"period": "0q", "growth": 0.549}, {"period": "+1q", "growth": 0.431}, {"period": "0y", "growth": 0.305}, {"period": "+1y", "growth": 0.109}, {"period": "+5y", "growth": 0.120859005}, {"period": "-5y"}]}, "insiderTransactions": {"transactions": [{"maxAge": 1, "shares": 98951, "filerUrl": "", "transactionText": "", "filerName": "Ghai (Ravi)", "filerRelation": "Non Independent Chairman Of The Board", "moneyText": "", "startDate": "2014-06-06", "ownership": "D"}, {"maxAge": 1, "shares": 49476, "filerUrl": "", "transactionText": "", "filerName": "Ghai (Gaurav)", "filerRelation": "Joint Managing director", "moneyText": "", "startDate": "2014-06-05", "ownership": "D"}, {"maxAge": 1, "shares": 494754, "filerUrl": "", "transactionText": "", "filerName": "Ghai (Geeta)", "filerRelation": "Promoter", "moneyText": "", "startDate": "2014-06-05", "ownership": "D"}, {"maxAge": 1, "shares": 49375, "filerUrl": "", "transactionText": "", "filerName": "Ghai (Ravi)", "filerRelation": "Non Independent Chairman Of The Board", "moneyText": "", "startDate": "2013-07-23", "ownership": "D"}, {"maxAge": 1, "shares": 4742, "filerUrl": "", "transactionText": "", "filerName": "Jain (Arti)", "filerRelation": "UNREPORTED", "moneyText": "", "startDate": "2013-03-28", "ownership": "D"}, {"maxAge": 1, "shares": 15487692, "filerUrl": "", "transactionText": "", "filerName": "Dunearn Investments Mauritius Pte Ltd", "filerRelation": "Institution- Corporation", "moneyText": "", "startDate": "2013-03-26", "ownership": "D"}], "maxAge": 1}, "quoteType": {"exchange": "BSE", "quoteType": "EQUITY", "symbol": "GRAVISSHO.BO", "underlyingSymbol": "GRAVISSHO.BO", "shortName": "GRAVISS HOSPITALITY LTD.", "longName": "Graviss Hospitality Limited", "firstTradeDateEpochUtc": "2002-08-02 09:15:00", "timeZoneFullName": "Asia/Kolkata", "timeZoneShortName": "IST", "uuid": "a6c8b06b-0d5a-332e-9ef9-bbe2ffdfebfd", "messageBoardId": null, "gmtOffSetMilliseconds": 19800000, "maxAge": 1}, "incomeStatementHistory": {"incomeStatementHistory": [{"maxAge": 1, "endDate": "2020-03-31", "totalRevenue": 395411000, "costOfRevenue": 218215000, "grossProfit": 177196000, "researchDevelopment": {}, "sellingGeneralAdministrative": 25371000, "nonRecurring": {}, "otherOperatingExpenses": 198184000, "totalOperatingExpenses": 503345000, "operatingIncome": -107934000, "totalOtherIncomeExpenseNet": -5563000, "ebit": -107934000, "interestExpense": -16338000, "incomeBeforeTax": -113497000, "incomeTaxExpense": -25262000, "minorityInterest": {}, "netIncomeFromContinuingOps": -88235000, "discontinuedOperations": {}, "extraordinaryItems": {}, "effectOfAccountingCharges": {}, "otherItems": {}, "netIncome": -88235000, "netIncomeApplicableToCommonShares": -88235000}, {"maxAge": 1, "endDate": "2019-03-31", "totalRevenue": 475200000, "costOfRevenue": 231535000, "grossProfit": 243665000, "researchDevelopment": {}, "sellingGeneralAdministrative": 25165000, "nonRecurring": {}, "otherOperatingExpenses": 213946000, "totalOperatingExpenses": 521713000, "operatingIncome": -46513000, "totalOtherIncomeExpenseNet": -5452000, "ebit": -46513000, "interestExpense": -15080000, "incomeBeforeTax": -51965000, "incomeTaxExpense": -33098000, "minorityInterest": {}, "netIncomeFromContinuingOps": -18867000, "discontinuedOperations": {}, "extraordinaryItems": {}, "effectOfAccountingCharges": {}, "otherItems": {}, "netIncome": -18867000, "netIncomeApplicableToCommonShares": -18867000}, {"maxAge": 1, "endDate": "2018-03-31", "totalRevenue": 485069000, "costOfRevenue": 206296000, "grossProfit": 278773000, "researchDevelopment": {}, "sellingGeneralAdministrative": 27366000, "nonRecurring": {}, "otherOperatingExpenses": 189369000, "totalOperatingExpenses": 481058000, "operatingIncome": 4011000, "totalOtherIncomeExpenseNet": -13652000, "ebit": 4011000, "interestExpense": -16288000, "incomeBeforeTax": -9641000, "incomeTaxExpense": -239000, "minorityInterest": {}, "netIncomeFromContinuingOps": -9402000, "discontinuedOperations": {}, "extraordinaryItems": {}, "effectOfAccountingCharges": {}, "otherItems": {}, "netIncome": -9402000, "netIncomeApplicableToCommonShares": -9402000}, {"maxAge": 1, "endDate": "2017-03-31", "totalRevenue": 432346000, "costOfRevenue": 213820000, "grossProfit": 218526000, "researchDevelopment": {}, "sellingGeneralAdministrative": 25889000, "nonRecurring": {}, "otherOperatingExpenses": 198582000, "totalOperatingExpenses": 486389000, "operatingIncome": -54043000, "totalOtherIncomeExpenseNet": -9213000, "ebit": -54043000, "interestExpense": -17289000, "incomeBeforeTax": -63256000, "incomeTaxExpense": -19540000, "minorityInterest": {}, "netIncomeFromContinuingOps": -43716000, "discontinuedOperations": {}, "extraordinaryItems": {}, "effectOfAccountingCharges": {}, "otherItems": {}, "netIncome": -43716000, "netIncomeApplicableToCommonShares": -43716000}], "maxAge": 86400}, "fundOwnership": {"maxAge": 1, "ownershipList": []}, "summaryDetail": {"maxAge": 1, "priceHint": 2, "previousClose": 12.56, "open": 13.09, "dayLow": 12.51, "dayHigh": 13.74, "regularMarketPreviousClose": 12.56, "regularMarketOpen": 13.09, "regularMarketDayLow": 12.51, "regularMarketDayHigh": 13.74, "volume": 1296, "regularMarketVolume": 1296, "averageVolume": 667, "averageVolume10days": 487, "averageDailyVolume10Day": 487, "bid": 13.18, "ask": 0.0, "bidSize": 0, "askSize": 0, "marketCap": 890385984, "fiftyTwoWeekLow": 9.48, "fiftyTwoWeekHigh": 20.2, "fiftyDayAverage": 15.808572, "twoHundredDayAverage": 15.214533, "currency": "INR", "fromCurrency": null, "toCurrency": null, "lastMarket": null, "algorithm": null, "tradeable": false}, "incomeStatementHistoryQuarterly": {"incomeStatementHistory": [{"maxAge": 1, "endDate": "2020-06-30", "totalRevenue": 2900000, "costOfRevenue": 12800000, "grossProfit": -9900000, "researchDevelopment": {}, "sellingGeneralAdministrative": {}, "nonRecurring": {}, "otherOperatingExpenses": 11100000, "totalOperatingExpenses": 38800000, "operatingIncome": -35900000, "totalOtherIncomeExpenseNet": -2500000, "ebit": -35900000, "interestExpense": -3000000, "incomeBeforeTax": -38400000, "incomeTaxExpense": -9700000, "minorityInterest": {}, "netIncomeFromContinuingOps": -28700000, "discontinuedOperations": {}, "extraordinaryItems": {}, "effectOfAccountingCharges": {}, "otherItems": {}, "netIncome": -28700000, "netIncomeApplicableToCommonShares": -28700000}, {"maxAge": 1, "endDate": "2020-03-31", "totalRevenue": 106711000, "costOfRevenue": 35115000, "grossProfit": 71596000, "researchDevelopment": {}, "sellingGeneralAdministrative": 25371000, "nonRecurring": {}, "otherOperatingExpenses": 43384000, "totalOperatingExpenses": 126245000, "operatingIncome": -19534000, "totalOtherIncomeExpenseNet": 2437000, "ebit": -19534000, "interestExpense": -3738000, "incomeBeforeTax": -17097000, "incomeTaxExpense": 1838000, "minorityInterest": {}, "netIncomeFromContinuingOps": -18935000, "discontinuedOperations": {}, "extraordinaryItems": {}, "effectOfAccountingCharges": {}, "otherItems": {}, "netIncome": -18935000, "netIncomeApplicableToCommonShares": -18935000}, {"maxAge": 1, "endDate": "2019-12-31", "totalRevenue": 118200000, "costOfRevenue": 74200000, "grossProfit": 44000000, "researchDevelopment": {}, "sellingGeneralAdministrative": 25371000, "nonRecurring": {}, "otherOperatingExpenses": 58300000, "totalOperatingExpenses": 142900000, "operatingIncome": -24700000, "totalOtherIncomeExpenseNet": -2400000, "ebit": -24700000, "interestExpense": -4200000, "incomeBeforeTax": -27100000, "incomeTaxExpense": -8000000, "minorityInterest": {}, "netIncomeFromContinuingOps": -19100000, "discontinuedOperations": {}, "extraordinaryItems": {}, "effectOfAccountingCharges": {}, "otherItems": {}, "netIncome": -19100000, "netIncomeApplicableToCommonShares": -19100000}, {"maxAge": 1, "endDate": "2019-09-30", "totalRevenue": 73100000, "costOfRevenue": 49300000, "grossProfit": 23800000, "researchDevelopment": {}, "sellingGeneralAdministrative": 25371000, "nonRecurring": {}, "otherOperatingExpenses": 44500000, "totalOperatingExpenses": 108000000, "operatingIncome": -34900000, "totalOtherIncomeExpenseNet": -2100000, "ebit": -34900000, "interestExpense": -4300000, "incomeBeforeTax": -37000000, "incomeTaxExpense": -10100000, "minorityInterest": {}, "netIncomeFromContinuingOps": -26900000, "discontinuedOperations": {}, "extraordinaryItems": {}, "effectOfAccountingCharges": {}, "otherItems": {}, "netIncome": -26900000, "netIncomeApplicableToCommonShares": -26900000}], "maxAge": 86400}, "cashflowStatementHistoryQuarterly": {"cashflowStatements": [{"maxAge": 1, "endDate": "2020-06-30", "netIncome": -28700000, "changeToLiabilities": 0}, {"maxAge": 1, "endDate": "2020-03-31", "netIncome": -18935000, "changeToLiabilities": 0}, {"maxAge": 1, "endDate": "2019-12-31", "netIncome": -19100000, "changeToLiabilities": 0}, {"maxAge": 1, "endDate": "2019-09-30", "netIncome": -26900000, "changeToLiabilities": 0}], "maxAge": 86400}, "insiderHolders": {"holders": [{"maxAge": 1, "name": "Dunearn Investments Mauritius Pte Ltd", "relation": "Institution- Corporation", "url": "", "transactionDescription": "Sale", "latestTransDate": "2013-03-26", "positionDirect": 7025708, "positionDirectDate": "2013-03-26"}, {"maxAge": 1, "name": "Ghai (Gaurav)", "relation": "Joint Managing director", "url": "", "transactionDescription": "Purchase", "latestTransDate": "2014-06-05", "positionDirect": 2309141, "positionDirectDate": "2014-06-05"}, {"maxAge": 1, "name": "Ghai (Geeta)", "relation": "Promoter", "url": "", "transactionDescription": "Purchase", "latestTransDate": "2014-06-05", "positionDirect": 620124, "positionDirectDate": "2014-06-05"}, {"maxAge": 1, "name": "Ghai (Ravi)", "relation": "Non Independent Chairman Of The Board", "url": "", "transactionDescription": "Purchase", "latestTransDate": "2014-06-06", "positionDirect": 3324791, "positionDirectDate": "2014-06-06"}, {"maxAge": 1, "name": "Jain (Arti)", "relation": "UNREPORTED", "url": "", "transactionDescription": "Sale", "latestTransDate": "2013-03-28", "positionDirect": 0, "positionDirectDate": "2013-03-28"}], "maxAge": 1}, "calendarEvents": {"maxAge": 1, "earnings": {"earningsDate": []}}, "price": {"maxAge": 1, "regularMarketChangePercent": 0.0, "regularMarketChange": 0.0, "regularMarketTime": "2021-04-28 15:25:26", "priceHint": 2, "regularMarketPrice": 12.56, "regularMarketDayHigh": 13.74, "regularMarketDayLow": 12.51, "regularMarketVolume": 1296, "averageDailyVolume10Day": 487, "averageDailyVolume3Month": 667, "regularMarketPreviousClose": 12.56, "regularMarketSource": "FREE_REALTIME", "regularMarketOpen": 13.09, "exchange": "BSE", "exchangeName": "BSE", "exchangeDataDelayedBy": 0, "marketState": "CLOSED", "quoteType": "EQUITY", "symbol": "GRAVISSHO.BO", "underlyingSymbol": null, "shortName": "GRAVISS HOSPITALITY LTD.", "longName": "Graviss Hospitality Limited", "currency": "INR", "quoteSourceName": "Delayed Quote", "currencySymbol": "\u20b9", "fromCurrency": null, "toCurrency": null, "lastMarket": null, "marketCap": 890385984}, "balanceSheetHistory": {"balanceSheetStatements": [{"maxAge": 1, "endDate": "2020-03-31", "cash": 29432000, "shortTermInvestments": 37474000, "netReceivables": 47649000, "inventory": 441678000, "otherCurrentAssets": 3678000, "totalCurrentAssets": 563734000, "longTermInvestments": 147000, "propertyPlantEquipment": 1777850000, "otherAssets": 162349000, "totalAssets": 2504080000, "accountsPayable": 85827000, "shortLongTermDebt": 16590000, "otherCurrentLiab": 65333000, "longTermDebt": 26025000, "otherLiab": 195282000, "totalCurrentLiabilities": 338872000, "totalLiab": 560179000, "commonStock": 141039000, "retainedEarnings": 777800000, "treasuryStock": 106755000, "capitalSurplus": 918307000, "otherStockholderEquity": 106755000, "totalStockholderEquity": 1943901000, "netTangibleAssets": 1943901000}, {"maxAge": 1, "endDate": "2019-03-31", "cash": 13261000, "shortTermInvestments": 446000, "netReceivables": 93817000, "inventory": 440746000, "otherCurrentAssets": 7721000, "totalCurrentAssets": 565207000, "longTermInvestments": 759000, "propertyPlantEquipment": 1831296000, "otherAssets": 168509000, "totalAssets": 2565771000, "accountsPayable": 88677000, "shortLongTermDebt": 15568000, "otherCurrentLiab": 8172000, "longTermDebt": 49215000, "otherLiab": 206399000, "totalCurrentLiabilities": 275327000, "totalLiab": 530941000, "commonStock": 141039000, "retainedEarnings": 866034000, "treasuryStock": 109450000, "capitalSurplus": 918307000, "otherStockholderEquity": 109450000, "totalStockholderEquity": 2034830000, "netTangibleAssets": 2034830000}, {"maxAge": 1, "endDate": "2018-03-31", "cash": 15426000, "shortTermInvestments": 405000, "netReceivables": 64315000, "inventory": 438379000, "otherCurrentAssets": 8402000, "totalCurrentAssets": 534572000, "longTermInvestments": 917000, "propertyPlantEquipment": 1825329000, "otherAssets": 168886000, "totalAssets": 2529704000, "accountsPayable": 47663000, "shortLongTermDebt": 16734000, "otherCurrentLiab": 4698000, "longTermDebt": 45410000, "otherLiab": 217639000, "totalCurrentLiabilities": 214318000, "totalLiab": 477367000, "commonStock": 141039000, "retainedEarnings": 884899000, "treasuryStock": 108092000, "capitalSurplus": 918307000, "otherStockholderEquity": 108092000, "totalStockholderEquity": 2052337000, "netTangibleAssets": 2052337000}, {"maxAge": 1, "endDate": "2017-03-31", "cash": 7391000, "shortTermInvestments": 364000, "netReceivables": 45935000, "inventory": 436880000, "otherCurrentAssets": 7860000, "totalCurrentAssets": 506524000, "longTermInvestments": 664000, "propertyPlantEquipment": 1797633000, "otherAssets": 216326000, "totalAssets": 2521147000, "accountsPayable": 41714000, "shortLongTermDebt": 19919000, "otherCurrentLiab": 6685000, "longTermDebt": 38267000, "otherLiab": 219197000, "totalCurrentLiabilities": 198701000, "totalLiab": 456165000, "commonStock": 141039000, "retainedEarnings": 894300000, "treasuryStock": 111336000, "capitalSurplus": 918307000, "otherStockholderEquity": 111336000, "totalStockholderEquity": 2064982000, "netTangibleAssets": 2064982000}], "maxAge": 86400}, "financialData": {"maxAge": 86400, "currentPrice": 12.56, "recommendationKey": "none", "grossProfits": 177196000, "financialCurrency": "INR"}}}