{"GREENPOWER.NS": {"assetProfile": {"address1": "Bascon Futura SV", "address2": "4th Floor No. 10/1, Venkatanarayana Road T. Nagar", "city": "Chennai", "zip": "600017", "country": "India", "phone": "91 44 4901 5678", "fax": "91 44 4901 5655", "website": "http://www.orientgreenpower.com", "industry": "Utilities\u2014Independent Power Producers", "sector": "Utilities", "longBusinessSummary": "Orient Green Power Company Limited, an independent renewable energy power producing company, develops, owns, and operates a portfolio of wind energy power plants in India. It has a portfolio of 421 MW of wind energy across Tamil Nadu, Andhra Pradesh, Gujarat, and Karnataka, as well as 10.5 MW wind power plant in Croatia. The company was incorporated in 2006 and is headquartered in Chennai, India.", "fullTimeEmployees": 8, "companyOfficers": [{"maxAge": 1, "name": "Mr. Venkatachalam Sesha Ayyar", "age": 61, "title": "CEO, MD and Exec. & Non- Independent Director", "yearBorn": 1959, "fiscalYear": 2020, "totalPay": 6500020, "exercisedValue": 0, "unexercisedValue": 0}, {"maxAge": 1, "name": "Ms. J.  Kotteswari", "title": "Chief Financial Officer", "exercisedValue": 0, "unexercisedValue": 0}, {"maxAge": 1, "name": "Ms. M.  Kirithika", "title": "Company Sec. & Compliance officer", "exercisedValue": 0, "unexercisedValue": 0}, {"maxAge": 1, "name": "Mr. R.  Kulothungan", "age": 58, "title": "Sr. VP of Projects", "yearBorn": 1962, "exercisedValue": 0, "unexercisedValue": 0}, {"maxAge": 1, "name": "Mr. R.  Sridharan", "age": 64, "title": "VP Erection & Commissioning", "yearBorn": 1956, "exercisedValue": 0, "unexercisedValue": 0}, {"maxAge": 1, "name": "Mr. R.  Kannan", "age": 54, "title": "Sr. VP", "yearBorn": 1966, "exercisedValue": 0, "unexercisedValue": 0}, {"maxAge": 1, "name": "Mr. N.  Ramkhumar", "age": 54, "title": "Chief Exec. Officer of Wind - Bharath Wind Farm Limited", "yearBorn": 1966, "exercisedValue": 0, "unexercisedValue": 0}], "compensationAsOfEpochDate": "2020-12-31 05:30:00", "maxAge": 86400}, "recommendationTrend": {"trend": [{"period": "0m", "strongBuy": 0, "buy": 0, "hold": 0, "sell": 0, "strongSell": 0}, {"period": "-1m", "strongBuy": 0, "buy": 0, "hold": 0, "sell": 0, "strongSell": 0}, {"period": "-2m", "strongBuy": 0, "buy": 0, "hold": 0, "sell": 0, "strongSell": 0}, {"period": "-3m", "strongBuy": 0, "buy": 0, "hold": 0, "sell": 0, "strongSell": 0}], "maxAge": 86400}, "cashflowStatementHistory": {"cashflowStatements": [{"maxAge": 1, "endDate": "2020-03-31", "netIncome": 230788000, "depreciation": 915149000, "changeToNetincome": 1681190000, "changeToAccountReceivables": -193696000, "changeToLiabilities": -23288000, "changeToInventory": 6121000, "changeToOperatingActivities": 57069000, "totalCashFromOperatingActivities": 2673413000, "capitalExpenditures": -22711000, "investments": -2432000, "otherCashflowsFromInvestingActivities": 255198000, "totalCashflowsFromInvestingActivities": 254853000, "netBorrowings": -1449669000, "otherCashflowsFromFinancingActivities": -1490861000, "totalCashFromFinancingActivities": -2940530000, "effectOfExchangeRate": -324000, "changeInCash": -12588000}, {"maxAge": 1, "endDate": "2019-03-31", "netIncome": -488954000, "depreciation": 1137376000, "changeToNetincome": 1711383000, "changeToAccountReceivables": -35887000, "changeToLiabilities": 71905000, "changeToInventory": 1907000, "changeToOperatingActivities": 218626000, "totalCashFromOperatingActivities": 2616363000, "capitalExpenditures": -2721000, "investments": 59163000, "otherCashflowsFromInvestingActivities": -243055000, "totalCashflowsFromInvestingActivities": -186558000, "netBorrowings": -805382000, "otherCashflowsFromFinancingActivities": -1620582000, "totalCashFromFinancingActivities": -2425964000, "effectOfExchangeRate": -621000, "changeInCash": 3220000}, {"maxAge": 1, "endDate": "2018-03-31", "netIncome": -731198000, "depreciation": 1235920000, "changeToNetincome": 2291104000, "changeToAccountReceivables": 130754000, "changeToLiabilities": -464430000, "changeToInventory": 116881000, "changeToOperatingActivities": 656186000, "totalCashFromOperatingActivities": 3235217000, "capitalExpenditures": -2773000, "investments": 59163000, "otherCashflowsFromInvestingActivities": -326682000, "totalCashflowsFromInvestingActivities": 480811000, "netBorrowings": -1927885000, "otherCashflowsFromFinancingActivities": -1917835000, "totalCashFromFinancingActivities": -3708620000, "effectOfExchangeRate": -621000, "changeInCash": 7408000, "issuanceOfStock": 137100000}, {"maxAge": 1, "endDate": "2017-03-31", "netIncome": -941888000, "depreciation": 1365316000, "changeToNetincome": 2535142000, "changeToAccountReceivables": -107906000, "changeToLiabilities": -64109000, "changeToInventory": -19092000, "changeToOperatingActivities": 294051000, "totalCashFromOperatingActivities": 3061514000, "capitalExpenditures": -141551000, "investments": 62119000, "otherCashflowsFromInvestingActivities": 30017000, "totalCashflowsFromInvestingActivities": 233480000, "netBorrowings": -986961000, "otherCashflowsFromFinancingActivities": -2324501000, "totalCashFromFinancingActivities": -3311462000, "effectOfExchangeRate": -1000, "changeInCash": -16469000, "issuanceOfStock": 137100000}], "maxAge": 86400}, "indexTrend": {"maxAge": 1, "symbol": "SP5", "peRatio": 19.7411, "pegRatio": 1.34172, "estimates": [{"period": "0q", "growth": 0.549}, {"period": "+1q", "growth": 0.431}, {"period": "0y", "growth": 0.305}, {"period": "+1y", "growth": 0.109}, {"period": "+5y", "growth": 0.120865}, {"period": "-5y"}]}, "defaultKeyStatistics": {"maxAge": 1, "priceHint": 4, "enterpriseValue": 12621914112, "profitMargins": 0.02615, "floatShares": 222558760, "sharesOutstanding": 750723968, "heldPercentInsiders": 0.64265, "heldPercentInstitutions": 0.0587, "beta": 0.923709, "category": null, "bookValue": 7.154, "priceToBook": 0.27956387, "fundFamily": null, "legalType": null, "lastFiscalYearEnd": "2020-03-31 05:30:00", "nextFiscalYearEnd": "2022-03-31 05:30:00", "mostRecentQuarter": "2020-12-31 05:30:00", "netIncomeToCommon": 241843008, "trailingEps": 0.106, "lastSplitFactor": null, "enterpriseToRevenue": 3.987, "enterpriseToEbitda": 6.038}, "industryTrend": {"maxAge": 1, "symbol": null, "estimates": []}, "quoteType": {"exchange": "NSI", "quoteType": "EQUITY", "symbol": "GREENPOWER.NS", "underlyingSymbol": "GREENPOWER.NS", "shortName": "ORIENT GREEN POWER", "longName": "Orient Green Power Company Limited", "firstTradeDateEpochUtc": "2010-10-08 09:15:00", "timeZoneFullName": "Asia/Kolkata", "timeZoneShortName": "IST", "uuid": "bb96d7a9-378e-3215-a0a0-ca5d5a360f8d", "gmtOffSetMilliseconds": 19800000, "maxAge": 1}, "incomeStatementHistory": {"incomeStatementHistory": [{"maxAge": 1, "endDate": "2020-03-31", "totalRevenue": 3689656000, "costOfRevenue": 490754000, "grossProfit": 3198902000, "researchDevelopment": {}, "sellingGeneralAdministrative": 132221000, "nonRecurring": {}, "otherOperatingExpenses": 382862000, "totalOperatingExpenses": 1921066000, "operatingIncome": 1768590000, "totalOtherIncomeExpenseNet": -1398124000, "ebit": 1768590000, "interestExpense": -1441663000, "incomeBeforeTax": 370466000, "incomeTaxExpense": 0, "minorityInterest": -105318000, "netIncomeFromContinuingOps": 370466000, "discontinuedOperations": -171655000, "extraordinaryItems": {}, "effectOfAccountingCharges": {}, "otherItems": {}, "netIncome": 230788000, "netIncomeApplicableToCommonShares": 230788000}, {"maxAge": 1, "endDate": "2019-03-31", "totalRevenue": 3232790000, "costOfRevenue": 443985000, "grossProfit": 2788805000, "researchDevelopment": {}, "sellingGeneralAdministrative": 183900000, "nonRecurring": {}, "otherOperatingExpenses": 278684000, "totalOperatingExpenses": 2043952000, "operatingIncome": 1188838000, "totalOtherIncomeExpenseNet": -1519312000, "ebit": 1188838000, "interestExpense": -1809663000, "incomeBeforeTax": -330474000, "incomeTaxExpense": 1359000, "minorityInterest": -73341000, "netIncomeFromContinuingOps": -331833000, "discontinuedOperations": -154597000, "extraordinaryItems": {}, "effectOfAccountingCharges": {}, "otherItems": {}, "netIncome": -488954000, "netIncomeApplicableToCommonShares": -488954000}, {"maxAge": 1, "endDate": "2018-03-31", "totalRevenue": 3569753000, "costOfRevenue": 421066000, "grossProfit": 3148687000, "researchDevelopment": {}, "sellingGeneralAdministrative": 185001000, "nonRecurring": {}, "otherOperatingExpenses": 368237000, "totalOperatingExpenses": 2210224000, "operatingIncome": 1359529000, "totalOtherIncomeExpenseNet": -1711384000, "ebit": 1359529000, "interestExpense": -2060968000, "incomeBeforeTax": -351855000, "incomeTaxExpense": 19671000, "minorityInterest": 64454000, "netIncomeFromContinuingOps": -371526000, "discontinuedOperations": -342773000, "extraordinaryItems": {}, "effectOfAccountingCharges": {}, "otherItems": {}, "netIncome": -731198000, "netIncomeApplicableToCommonShares": -731198000}, {"maxAge": 1, "endDate": "2017-03-31", "totalRevenue": 3798733000, "costOfRevenue": 366248000, "grossProfit": 3432485000, "researchDevelopment": {}, "sellingGeneralAdministrative": 183663000, "nonRecurring": {}, "otherOperatingExpenses": 448888000, "totalOperatingExpenses": 2364215000, "operatingIncome": 1434518000, "totalOtherIncomeExpenseNet": -2249607000, "ebit": 1434518000, "interestExpense": -2188126000, "incomeBeforeTax": -815089000, "incomeTaxExpense": 27245000, "minorityInterest": 22832000, "netIncomeFromContinuingOps": -842334000, "discontinuedOperations": -116666000, "extraordinaryItems": {}, "effectOfAccountingCharges": {}, "otherItems": {}, "netIncome": -941888000, "netIncomeApplicableToCommonShares": -941888000}], "maxAge": 86400}, "fundOwnership": {"ownershipList": [], "maxAge": 1}, "summaryDetail": {"maxAge": 1, "priceHint": 4, "previousClose": 2.0, "open": 2.0, "dayLow": 1.95, "dayHigh": 2.0, "regularMarketPreviousClose": 2.0, "regularMarketOpen": 2.0, "regularMarketDayLow": 1.95, "regularMarketDayHigh": 2.0, "payoutRatio": 0.0, "beta": 0.923709, "trailingPE": 18.867926, "volume": 452831, "regularMarketVolume": 452831, "averageVolume": 2252865, "averageVolume10days": 2687069, "averageDailyVolume10Day": 2687069, "bid": 0.0, "ask": 0.0, "bidSize": 0, "askSize": 0, "marketCap": 1508956032, "fiftyTwoWeekLow": 1.55, "fiftyTwoWeekHigh": 3.6, "priceToSalesTrailing12Months": 0.47660434, "fiftyDayAverage": 2.125, "twoHundredDayAverage": 2.2439716, "currency": "INR", "fromCurrency": null, "lastMarket": null, "algorithm": null, "tradeable": false}, "insiderHolders": {"holders": [{"maxAge": 1, "name": "Bessemer India Capital Holdings II Ltd", "relation": "Promoter", "url": "", "transactionDescription": "Other", "latestTransDate": "2020-06-25", "positionDirect": 51503551, "positionDirectDate": "2020-06-25"}, {"maxAge": 1, "name": "Janati Bio Power Pvt Ltd", "relation": "Promoter", "url": "", "transactionDescription": "Purchase", "latestTransDate": "2019-11-15", "positionDirect": 365411114, "positionDirectDate": "2019-11-15"}, {"maxAge": 1, "name": "Krishnakumar (P)", "relation": "Managing Director", "url": "", "transactionDescription": "Acquisition", "latestTransDate": "2013-06-26", "positionDirect": 20000, "positionDirectDate": "2013-06-26"}, {"maxAge": 1, "name": "Nivedana Power Pvt Ltd", "relation": "Promoter", "url": "", "transactionDescription": "Sale", "latestTransDate": "2019-11-15", "positionDirect": 5000, "positionDirectDate": "2019-11-15"}, {"maxAge": 1, "name": "SVL Pty. Ltd.", "relation": "Promoter", "url": "", "transactionDescription": "Sale", "latestTransDate": "2019-11-15", "positionDirect": 5000, "positionDirectDate": "2019-11-15"}, {"maxAge": 1, "name": "Shivaraman (T)", "relation": "Vice Chairman", "url": "", "transactionDescription": "Acquisition", "latestTransDate": "2011-08-19", "positionDirect": 139500, "positionDirectDate": "2011-08-19"}, {"maxAge": 1, "name": "Shriram Industrial Holdings Pvt Ltd", "relation": "Promoter", "url": "", "transactionDescription": "Sale", "latestTransDate": "2014-05-20", "positionDirect": 163608446, "positionDirectDate": "2014-05-20"}, {"maxAge": 1, "name": "Sundararajan (R.)", "relation": "Director (Non-Executive)", "url": "", "transactionDescription": "Acquisition", "latestTransDate": "2011-12-14", "positionDirect": 64846, "positionDirectDate": "2011-12-14"}, {"maxAge": 1, "name": "Suri (Majgen A L)", "relation": "Director (Non-Executive)", "url": "", "transactionDescription": "Acquisition", "latestTransDate": "2015-02-19", "positionDirect": 15000, "positionDirectDate": "2015-02-19"}, {"maxAge": 1, "name": "Syandana Energy Pvt Ltd", "relation": "Promoter", "url": "", "transactionDescription": "Sale", "latestTransDate": "2019-11-15", "positionDirect": 5000, "positionDirectDate": "2019-11-15"}], "maxAge": 1}, "calendarEvents": {"maxAge": 1, "earnings": {"earningsDate": []}}, "upgradeDowngradeHistory": {"history": [], "maxAge": 86400}, "price": {"maxAge": 1, "regularMarketChangePercent": 0.0, "regularMarketChange": 0.0, "regularMarketTime": "2021-04-30 15:29:59", "priceHint": 4, "regularMarketPrice": 2.0, "regularMarketDayHigh": 2.0, "regularMarketDayLow": 1.95, "regularMarketVolume": 452831, "averageDailyVolume10Day": 2687069, "averageDailyVolume3Month": 2252865, "regularMarketPreviousClose": 2.0, "regularMarketSource": "FREE_REALTIME", "regularMarketOpen": 2.0, "exchange": "NSI", "exchangeName": "NSE", "exchangeDataDelayedBy": 15, "marketState": "CLOSED", "quoteType": "EQUITY", "symbol": "GREENPOWER.NS", "underlyingSymbol": null, "shortName": "ORIENT GREEN POWER", "longName": "Orient Green Power Company Limited", "currency": "INR", "quoteSourceName": "Delayed Quote", "currencySymbol": "\u20b9", "fromCurrency": null, "lastMarket": null, "marketCap": 1508956032}, "balanceSheetHistory": {"balanceSheetStatements": [{"maxAge": 1, "endDate": "2020-03-31", "cash": 81912000, "shortTermInvestments": 1012000, "netReceivables": 1736590000, "inventory": 19189000, "otherCurrentAssets": 253287000, "totalCurrentAssets": 2154429000, "propertyPlantEquipment": 17150632000, "goodWill": 127800000, "intangibleAssets": 30286000, "otherAssets": 1406944000, "totalAssets": 20870091000, "accountsPayable": 275797000, "shortLongTermDebt": 948668000, "otherCurrentLiab": 646998000, "longTermDebt": 12331220000, "otherLiab": 865362000, "minorityInterest": -105318000, "totalCurrentLiabilities": 2454573000, "totalLiab": 15854169000, "commonStock": 7507240000, "retainedEarnings": -11715474000, "treasuryStock": 1309143000, "capitalSurplus": 8020331000, "otherStockholderEquity": 1309143000, "totalStockholderEquity": 5121240000, "netTangibleAssets": 4963154000}, {"maxAge": 1, "endDate": "2019-03-31", "cash": 94500000, "shortTermInvestments": 10080000, "netReceivables": 1293117000, "inventory": 25310000, "otherCurrentAssets": 871397000, "totalCurrentAssets": 2336414000, "longTermInvestments": 6079000, "propertyPlantEquipment": 17514203000, "goodWill": 127800000, "intangibleAssets": 42187000, "otherAssets": 2336833000, "totalAssets": 22363516000, "accountsPayable": 298875000, "shortLongTermDebt": 1155674000, "otherCurrentLiab": 912336000, "longTermDebt": 13672273000, "otherLiab": 871207000, "minorityInterest": -73341000, "totalCurrentLiabilities": 2935205000, "totalLiab": 17478685000, "commonStock": 7507240000, "retainedEarnings": -11870736000, "treasuryStock": 1301337000, "capitalSurplus": 8020331000, "otherStockholderEquity": 1301337000, "totalStockholderEquity": 4958172000, "netTangibleAssets": 4788185000}, {"maxAge": 1, "endDate": "2018-03-31", "cash": 91280000, "shortTermInvestments": 63356000, "netReceivables": 1316406000, "inventory": 27217000, "otherCurrentAssets": 1033737000, "totalCurrentAssets": 2552104000, "longTermInvestments": 41046000, "propertyPlantEquipment": 18687798000, "goodWill": 127800000, "intangibleAssets": 57523000, "otherAssets": 2258918000, "totalAssets": 23725189000, "accountsPayable": 226970000, "shortLongTermDebt": 902593000, "otherCurrentLiab": 1029582000, "longTermDebt": 14810066000, "otherLiab": 222968000, "minorityInterest": 64454000, "totalCurrentLiabilities": 3312006000, "totalLiab": 18345040000, "commonStock": 7507240000, "retainedEarnings": -11522885000, "treasuryStock": 1311009000, "capitalSurplus": 8020331000, "otherStockholderEquity": 1311009000, "totalStockholderEquity": 5315695000, "netTangibleAssets": 5130372000}, {"maxAge": 1, "endDate": "2017-03-31", "cash": 139809000, "netReceivables": 2058948000, "inventory": 152608000, "otherCurrentAssets": 459949000, "totalCurrentAssets": 2833427000, "longTermInvestments": 340000, "propertyPlantEquipment": 23318074000, "goodWill": 127800000, "intangibleAssets": 59675000, "otherAssets": 2050185000, "totalAssets": 28389501000, "accountsPayable": 730036000, "shortLongTermDebt": 5744175000, "otherCurrentLiab": 609236000, "longTermDebt": 13127280000, "otherLiab": 397130000, "minorityInterest": 22832000, "totalCurrentLiabilities": 8896069000, "totalLiab": 22420479000, "commonStock": 7397997000, "retainedEarnings": -10770834000, "treasuryStock": 1326553000, "capitalSurplus": 7992474000, "otherStockholderEquity": 1326553000, "totalStockholderEquity": 5946190000, "netTangibleAssets": 5758715000}], "maxAge": 86400}, "earningsTrend": {"trend": [{"maxAge": 1, "period": "0q", "endDate": null, "growth": {}, "earningsEstimate": {"avg": 0.0, "low": 0.0, "high": 0.0, "yearAgoEps": {}, "numberOfAnalysts": 0, "growth": {}}, "revenueEstimate": {"avg": 0, "low": 0, "high": 0, "numberOfAnalysts": 0, "yearAgoRevenue": {}, "growth": {}}, "epsTrend": {"current": 0.0, "7daysAgo": 0.0, "30daysAgo": 0.0, "60daysAgo": 0.0, "90daysAgo": 0.0}, "epsRevisions": {"upLast7days": 0, "upLast30days": 0, "downLast30days": 0, "downLast90days": {}}}, {"maxAge": 1, "period": "+1q", "endDate": null, "growth": {}, "earningsEstimate": {"avg": 0.0, "low": 0.0, "high": 0.0, "yearAgoEps": {}, "numberOfAnalysts": 0, "growth": {}}, "revenueEstimate": {"avg": 0, "low": 0, "high": 0, "numberOfAnalysts": 0, "yearAgoRevenue": {}, "growth": {}}, "epsTrend": {"current": 0.0, "7daysAgo": 0.0, "30daysAgo": 0.0, "60daysAgo": 0.0, "90daysAgo": 0.0}, "epsRevisions": {"upLast7days": 0, "upLast30days": 0, "downLast30days": 0, "downLast90days": {}}}, {"maxAge": 1, "period": "0y", "endDate": null, "growth": {}, "earningsEstimate": {"avg": 0.0, "low": 0.0, "high": 0.0, "yearAgoEps": {}, "numberOfAnalysts": 0, "growth": {}}, "revenueEstimate": {"avg": 0, "low": 0, "high": 0, "numberOfAnalysts": 0, "yearAgoRevenue": {}, "growth": {}}, "epsTrend": {"current": 0.0, "7daysAgo": 0.0, "30daysAgo": 0.0, "60daysAgo": 0.0, "90daysAgo": 0.0}, "epsRevisions": {"upLast7days": 0, "upLast30days": 0, "downLast30days": 0, "downLast90days": {}}}, {"maxAge": 1, "period": "+1y", "endDate": null, "growth": {}, "earningsEstimate": {"avg": 0.0, "low": 0.0, "high": 0.0, "yearAgoEps": {}, "numberOfAnalysts": 0, "growth": {}}, "revenueEstimate": {"avg": 0, "low": 0, "high": 0, "numberOfAnalysts": 0, "yearAgoRevenue": {}, "growth": {}}, "epsTrend": {"current": 0.0, "7daysAgo": 0.0, "30daysAgo": 0.0, "60daysAgo": 0.0, "90daysAgo": 0.0}, "epsRevisions": {"upLast7days": 0, "upLast30days": 0, "downLast30days": 0, "downLast90days": {}}}, {"maxAge": 1, "period": "+5y", "endDate": null, "growth": {}, "earningsEstimate": {"avg": {}, "low": {}, "high": {}, "yearAgoEps": {}, "numberOfAnalysts": {}, "growth": {}}, "revenueEstimate": {"avg": {}, "low": {}, "high": {}, "numberOfAnalysts": {}, "yearAgoRevenue": {}, "growth": {}}, "epsTrend": {"current": {}, "7daysAgo": {}, "30daysAgo": {}, "60daysAgo": {}, "90daysAgo": {}}, "epsRevisions": {"upLast7days": {}, "upLast30days": {}, "downLast30days": {}, "downLast90days": {}}}, {"maxAge": 1, "period": "-5y", "endDate": null, "growth": {}, "earningsEstimate": {"avg": {}, "low": {}, "high": {}, "yearAgoEps": {}, "numberOfAnalysts": {}, "growth": {}}, "revenueEstimate": {"avg": {}, "low": {}, "high": {}, "numberOfAnalysts": {}, "yearAgoRevenue": {}, "growth": {}}, "epsTrend": {"current": {}, "7daysAgo": {}, "30daysAgo": {}, "60daysAgo": {}, "90daysAgo": {}}, "epsRevisions": {"upLast7days": {}, "upLast30days": {}, "downLast30days": {}, "downLast90days": {}}}], "maxAge": 1}, "institutionOwnership": {"ownershipList": [], "maxAge": 1}, "majorHoldersBreakdown": {"maxAge": 1, "insidersPercentHeld": 0.64265, "institutionsPercentHeld": 0.0587, "institutionsFloatPercentHeld": 0.16426, "institutionsCount": 3}, "balanceSheetHistoryQuarterly": {"balanceSheetStatements": [{"maxAge": 1, "endDate": "2020-12-31", "totalStockholderEquity": 5204800000, "netTangibleAssets": 5052600000}, {"maxAge": 1, "endDate": "2020-09-30", "cash": 161400000, "shortTermInvestments": 667300000, "netReceivables": 1211400000, "inventory": 18400000, "otherCurrentAssets": 293800000, "totalCurrentAssets": 2352300000, "longTermInvestments": 28800000, "propertyPlantEquipment": 16718700000, "goodWill": 127800000, "intangibleAssets": 24400000, "otherAssets": 829600000, "totalAssets": 20081600000, "accountsPayable": 270200000, "otherCurrentLiab": 1926800000, "longTermDebt": 11824400000, "otherLiab": 704600000, "minorityInterest": -98500000, "totalCurrentLiabilities": 2446300000, "totalLiab": 14975300000, "commonStock": 7507200000, "treasuryStock": -2302400000, "otherStockholderEquity": -2302400000, "totalStockholderEquity": 5204800000, "netTangibleAssets": 5052600000}, {"maxAge": 1, "endDate": "2020-06-30", "totalStockholderEquity": 5121240000, "netTangibleAssets": 4963154000}, {"maxAge": 1, "endDate": "2020-03-31", "cash": 81912000, "shortTermInvestments": 1012000, "netReceivables": 1736590000, "inventory": 19189000, "otherCurrentAssets": 253287000, "totalCurrentAssets": 2154429000, "propertyPlantEquipment": 17150632000, "goodWill": 127800000, "intangibleAssets": 30286000, "otherAssets": 1406944000, "totalAssets": 20870091000, "accountsPayable": 275797000, "shortLongTermDebt": 948668000, "otherCurrentLiab": 646998000, "longTermDebt": 12331220000, "otherLiab": 865362000, "minorityInterest": -105318000, "totalCurrentLiabilities": 2454573000, "totalLiab": 15854169000, "commonStock": 7507240000, "retainedEarnings": -11715474000, "treasuryStock": 1309143000, "capitalSurplus": 8020331000, "otherStockholderEquity": 1309143000, "totalStockholderEquity": 5121240000, "netTangibleAssets": 4963154000}], "maxAge": 86400}, "earningsHistory": {"history": [{"maxAge": 1, "epsActual": {}, "epsEstimate": {}, "epsDifference": {}, "surprisePercent": {}, "quarter": {}, "period": "-4q"}, {"maxAge": 1, "epsActual": {}, "epsEstimate": {}, "epsDifference": {}, "surprisePercent": {}, "quarter": {}, "period": "-3q"}, {"maxAge": 1, "epsActual": {}, "epsEstimate": {}, "epsDifference": {}, "surprisePercent": {}, "quarter": {}, "period": "-2q"}, {"maxAge": 1, "epsActual": {}, "epsEstimate": {}, "epsDifference": {}, "surprisePercent": {}, "quarter": {}, "period": "-1q"}], "maxAge": 86400}, "summaryProfile": {"address1": "Bascon Futura SV", "address2": "4th Floor No. 10/1, Venkatanarayana Road T. Nagar", "city": "Chennai", "zip": "600017", "country": "India", "phone": "91 44 4901 5678", "fax": "91 44 4901 5655", "website": "http://www.orientgreenpower.com", "industry": "Utilities\u2014Independent Power Producers", "sector": "Utilities", "longBusinessSummary": "Orient Green Power Company Limited, an independent renewable energy power producing company, develops, owns, and operates a portfolio of wind energy power plants in India. It has a portfolio of 421 MW of wind energy across Tamil Nadu, Andhra Pradesh, Gujarat, and Karnataka, as well as 10.5 MW wind power plant in Croatia. The company was incorporated in 2006 and is headquartered in Chennai, India.", "fullTimeEmployees": 8, "companyOfficers": [], "maxAge": 86400}, "netSharePurchaseActivity": {"maxAge": 1, "period": "6m", "buyInfoCount": 0, "buyInfoShares": 0, "sellInfoCount": 0, "netInfoCount": 0, "netInfoShares": 0, "netPercentInsiderShares": 0.0, "totalInsiderShares": 475790496}, "insiderTransactions": {"transactions": [{"maxAge": 1, "shares": 5137913, "filerUrl": "", "transactionText": "", "filerName": "Bessemer India Capital Holdings II Ltd", "filerRelation": "Promoter", "moneyText": "", "startDate": "2020-06-25", "ownership": "D"}, {"maxAge": 1, "shares": 34335659, "filerUrl": "", "transactionText": "", "filerName": "Nivedana Power Pvt Ltd", "filerRelation": "Promoter", "moneyText": "", "startDate": "2019-11-15", "ownership": "D"}, {"maxAge": 1, "shares": 262399137, "filerUrl": "", "transactionText": "", "filerName": "SVL Pty. Ltd.", "filerRelation": "Promoter", "moneyText": "", "startDate": "2019-11-15", "ownership": "D"}, {"maxAge": 1, "shares": 34335659, "filerUrl": "", "transactionText": "", "filerName": "Syandana Energy Pvt Ltd", "filerRelation": "Promoter", "moneyText": "", "startDate": "2019-11-15", "ownership": "D"}, {"maxAge": 1, "shares": 331070455, "filerUrl": "", "transactionText": "", "filerName": "Janati Bio Power Pvt Ltd", "filerRelation": "Promoter", "moneyText": "", "startDate": "2019-11-15", "ownership": "D"}, {"maxAge": 1, "shares": 15000, "filerUrl": "", "transactionText": "", "filerName": "Suri (Majgen A L)", "filerRelation": "Director (Non-Executive)", "moneyText": "", "startDate": "2015-02-19", "ownership": "D"}, {"maxAge": 1, "shares": 7661400, "filerUrl": "", "transactionText": "", "filerName": "Shriram Industrial Holdings Pvt Ltd", "filerRelation": "Promoter", "moneyText": "", "startDate": "2014-05-20", "ownership": "D"}, {"maxAge": 1, "shares": 20000, "filerUrl": "", "transactionText": "", "filerName": "Krishnakumar (P)", "filerRelation": "Managing Director", "moneyText": "", "startDate": "2013-06-26", "ownership": "D"}, {"maxAge": 1, "shares": 71269846, "filerUrl": "", "transactionText": "", "filerName": "Shriram Industrial Holdings Pvt Ltd", "filerRelation": "Promoter", "moneyText": "", "startDate": "2013-05-28", "ownership": "D"}, {"maxAge": 1, "shares": 10000, "filerUrl": "", "transactionText": "", "filerName": "Suri (Majgen A L)", "filerRelation": "Director (Non-Executive)", "moneyText": "", "startDate": "2012-02-28", "ownership": "D"}, {"maxAge": 1, "shares": 20000, "filerUrl": "", "transactionText": "", "filerName": "Krishnakumar (P)", "filerRelation": "Managing Director", "moneyText": "", "startDate": "2012-02-16", "ownership": "D"}, {"maxAge": 1, "shares": 10000, "filerUrl": "", "transactionText": "", "filerName": "Sundararajan (R.)", "filerRelation": "Director (Non-Executive)", "moneyText": "", "startDate": "2011-12-14", "ownership": "D"}, {"maxAge": 1, "shares": 80000, "filerUrl": "", "transactionText": "", "filerName": "Shivaraman (T)", "filerRelation": "Vice Chairman", "moneyText": "", "startDate": "2011-08-19", "ownership": "D"}, {"maxAge": 1, "shares": 19000, "filerUrl": "", "transactionText": "", "filerName": "Ganapathi (R)", "filerRelation": "Director", "moneyText": "", "startDate": "2011-06-03", "ownership": "D"}, {"maxAge": 1, "shares": 9900, "filerUrl": "", "transactionText": "", "filerName": "Ganapathi (R)", "filerRelation": "Director", "moneyText": "", "startDate": "2011-04-06", "ownership": "D"}, {"maxAge": 1, "shares": 4170, "filerUrl": "", "transactionText": "", "filerName": "Ganapathi (R)", "filerRelation": "Director", "moneyText": "", "startDate": "2011-03-21", "ownership": "D"}, {"maxAge": 1, "shares": 17500, "filerUrl": "", "transactionText": "", "filerName": "Shivaraman (T)", "filerRelation": "Vice Chairman", "moneyText": "", "startDate": "2010-12-13", "ownership": "D"}, {"maxAge": 1, "shares": 5000, "filerUrl": "", "transactionText": "", "filerName": "Krishnakumar (P)", "filerRelation": "Managing Director", "moneyText": "", "startDate": "2010-12-09", "ownership": "D"}, {"maxAge": 1, "shares": 5000, "filerUrl": "", "transactionText": "", "filerName": "Krishnakumar (P)", "filerRelation": "Managing Director", "moneyText": "", "startDate": "2010-12-09", "ownership": "D"}, {"maxAge": 1, "shares": 10000, "filerUrl": "", "transactionText": "", "filerName": "Sundararajan (R.)", "filerRelation": "Director", "moneyText": "", "startDate": "2010-11-26", "ownership": "D"}, {"maxAge": 1, "shares": 36000, "filerUrl": "", "transactionText": "", "filerName": "Shivaraman (T)", "filerRelation": "Vice Chairman", "moneyText": "", "startDate": "2010-11-16", "ownership": "D"}, {"maxAge": 1, "shares": 5000, "filerUrl": "", "transactionText": "", "filerName": "Krishnakumar (P)", "filerRelation": "Managing Director", "moneyText": "", "startDate": "2010-11-16", "ownership": "D"}, {"maxAge": 1, "shares": 5000, "filerUrl": "", "transactionText": "", "filerName": "Krishnakumar (P)", "filerRelation": "Managing Director", "moneyText": "", "startDate": "2010-11-15", "ownership": "D"}, {"maxAge": 1, "shares": 5000, "filerUrl": "", "transactionText": "", "filerName": "Sundararajan (R.)", "filerRelation": "Director", "moneyText": "", "startDate": "2010-10-19", "ownership": "D"}, {"maxAge": 1, "shares": 5000, "filerUrl": "", "transactionText": "", "filerName": "Sundararajan (R.)", "filerRelation": "Director", "moneyText": "", "startDate": "2010-10-16", "ownership": "D"}, {"maxAge": 1, "shares": 14846, "filerUrl": "", "transactionText": "", "filerName": "Sundararajan (R.)", "filerRelation": "Director", "moneyText": "", "startDate": "2010-10-08", "ownership": "D"}, {"maxAge": 1, "shares": 20000, "filerUrl": "", "transactionText": "", "filerName": "Sundararajan (R.)", "filerRelation": "Director", "moneyText": "", "startDate": "2010-10-06", "ownership": "D"}, {"maxAge": 1, "shares": 6000, "filerUrl": "", "transactionText": "", "filerName": "Shivaraman (T)", "filerRelation": "Vice Chairman", "moneyText": "", "startDate": "2010-10-05", "ownership": "D"}], "maxAge": 1}, "sectorTrend": {"maxAge": 1, "symbol": null, "estimates": []}, "incomeStatementHistoryQuarterly": {"incomeStatementHistory": [{"maxAge": 1, "endDate": "2020-12-31", "totalRevenue": 493900000, "costOfRevenue": 0, "grossProfit": 493900000, "researchDevelopment": {}, "sellingGeneralAdministrative": 29900000, "nonRecurring": {}, "otherOperatingExpenses": 199300000, "totalOperatingExpenses": 457600000, "operatingIncome": 36300000, "totalOtherIncomeExpenseNet": -238300000, "ebit": 36300000, "interestExpense": -324800000, "incomeBeforeTax": -202000000, "incomeTaxExpense": 0, "minorityInterest": {}, "netIncomeFromContinuingOps": -202000000, "discontinuedOperations": -12200000, "extraordinaryItems": {}, "effectOfAccountingCharges": {}, "otherItems": {}, "netIncome": -207300000, "netIncomeApplicableToCommonShares": -207300000}, {"maxAge": 1, "endDate": "2020-09-30", "totalRevenue": 1038000000, "costOfRevenue": 0, "grossProfit": 1038000000, "researchDevelopment": {}, "sellingGeneralAdministrative": 30100000, "nonRecurring": {}, "otherOperatingExpenses": 220300000, "totalOperatingExpenses": 481000000, "operatingIncome": 557000000, "totalOtherIncomeExpenseNet": -328300000, "ebit": 557000000, "interestExpense": -341800000, "incomeBeforeTax": 228700000, "incomeTaxExpense": 0, "minorityInterest": -98500000, "netIncomeFromContinuingOps": 228700000, "discontinuedOperations": -11100000, "extraordinaryItems": {}, "effectOfAccountingCharges": {}, "otherItems": {}, "netIncome": 211000000, "netIncomeApplicableToCommonShares": 211000000}, {"maxAge": 1, "endDate": "2020-06-30", "totalRevenue": 637600000, "costOfRevenue": 0, "grossProfit": 637600000, "researchDevelopment": {}, "sellingGeneralAdministrative": 31100000, "nonRecurring": {}, "otherOperatingExpenses": 169100000, "totalOperatingExpenses": 427600000, "operatingIncome": 210000000, "totalOtherIncomeExpenseNet": -347100000, "ebit": 210000000, "interestExpense": -365700000, "incomeBeforeTax": -137100000, "incomeTaxExpense": 0, "minorityInterest": -98500000, "netIncomeFromContinuingOps": -137100000, "discontinuedOperations": -10000000, "extraordinaryItems": {}, "effectOfAccountingCharges": {}, "otherItems": {}, "netIncome": -147300000, "netIncomeApplicableToCommonShares": -147300000}, {"maxAge": 1, "endDate": "2020-03-31", "totalRevenue": 996517000, "costOfRevenue": 490754000, "grossProfit": 505763000, "researchDevelopment": {}, "sellingGeneralAdministrative": 35462000, "nonRecurring": {}, "otherOperatingExpenses": -190291000, "totalOperatingExpenses": 395564000, "operatingIncome": 600953000, "totalOtherIncomeExpenseNet": -268289000, "ebit": 600953000, "interestExpense": -279720000, "incomeBeforeTax": 332664000, "incomeTaxExpense": -2200000, "minorityInterest": -105318000, "netIncomeFromContinuingOps": 334864000, "discontinuedOperations": -125782000, "extraordinaryItems": {}, "effectOfAccountingCharges": {}, "otherItems": {}, "netIncome": 226221000, "netIncomeApplicableToCommonShares": 226221000}], "maxAge": 86400}, "cashflowStatementHistoryQuarterly": {"cashflowStatements": [{"maxAge": 1, "endDate": "2020-12-31", "netIncome": -207300000, "changeToLiabilities": 0}, {"maxAge": 1, "endDate": "2020-09-30", "netIncome": 211000000, "changeToLiabilities": 0}, {"maxAge": 1, "endDate": "2020-06-30", "netIncome": -147300000, "changeToLiabilities": 0}, {"maxAge": 1, "endDate": "2020-03-31", "netIncome": 226221000, "changeToLiabilities": 0}], "maxAge": 86400}, "earnings": {"maxAge": 86400, "earningsChart": {"quarterly": [], "earningsDate": []}, "financialsChart": {"yearly": [{"date": 2017, "revenue": 3798733000, "earnings": -941888000}, {"date": 2018, "revenue": 3569753000, "earnings": -731198000}, {"date": 2019, "revenue": 3232790000, "earnings": -488954000}, {"date": 2020, "revenue": 3689656000, "earnings": 230788000}], "quarterly": [{"date": "1Q2020", "revenue": 996517000, "earnings": 226221000}, {"date": "2Q2020", "revenue": 637600000, "earnings": -147300000}, {"date": "3Q2020", "revenue": 1038000000, "earnings": 211000000}, {"date": "4Q2020", "revenue": 493900000, "earnings": -207300000}]}, "financialCurrency": "INR"}, "financialData": {"maxAge": 86400, "currentPrice": 2.0, "targetHighPrice": 18.0, "targetLowPrice": 18.0, "targetMeanPrice": 18.0, "targetMedianPrice": 18.0, "recommendationKey": "none", "numberOfAnalystOpinions": 1, "totalCash": 828700032, "totalCashPerShare": 1.119, "ebitda": 2090428800, "totalDebt": 12068400128, "totalRevenue": 3166055936, "debtToEquity": 236.343, "revenuePerShare": 4.066, "grossProfits": 3198902000, "revenueGrowth": 0.185, "grossMargins": 0.84499, "ebitdaMargins": 0.66026, "operatingMargins": 0.44358003, "profitMargins": 0.02615, "financialCurrency": "INR"}}}