{"GRMOVER.BO": {"recommendationTrend": {"trend": [{"period": "0m", "strongBuy": 0, "buy": 0, "hold": 0, "sell": 0, "strongSell": 0}, {"period": "-1m", "strongBuy": 0, "buy": 0, "hold": 0, "sell": 0, "strongSell": 0}, {"period": "-2m", "strongBuy": 0, "buy": 0, "hold": 0, "sell": 0, "strongSell": 0}, {"period": "-3m", "strongBuy": 0, "buy": 0, "hold": 0, "sell": 0, "strongSell": 0}], "maxAge": 86400}, "cashflowStatementHistory": {"cashflowStatements": [{"maxAge": 1, "endDate": "2020-03-31", "netIncome": 316998000, "depreciation": 29121000, "changeToNetincome": 147769000, "changeToAccountReceivables": 261149000, "changeToLiabilities": -248709000, "changeToInventory": 1114518000, "totalCashFromOperatingActivities": 1620889000, "capitalExpenditures": -101935000, "investments": -353000, "otherCashflowsFromInvestingActivities": 31101000, "totalCashflowsFromInvestingActivities": -71187000, "dividendsPaid": -18449000, "netBorrowings": -1378540000, "otherCashflowsFromFinancingActivities": -148701000, "totalCashFromFinancingActivities": -1545690000, "changeInCash": 4012000}, {"maxAge": 1, "endDate": "2019-03-31", "netIncome": 90738000, "depreciation": 21580000, "changeToNetincome": 147792000, "changeToAccountReceivables": -910210000, "changeToLiabilities": -156133000, "changeToInventory": 593655000, "totalCashFromOperatingActivities": -212573000, "capitalExpenditures": -157034000, "investments": 1164000, "otherCashflowsFromInvestingActivities": 227000, "totalCashflowsFromInvestingActivities": -149918000, "dividendsPaid": -18448000, "netBorrowings": 564767000, "otherCashflowsFromFinancingActivities": -163660000, "totalCashFromFinancingActivities": 382659000, "changeInCash": 20168000}, {"maxAge": 1, "endDate": "2018-03-31", "netIncome": 118546678, "depreciation": 20288503, "changeToNetincome": 161648236, "changeToAccountReceivables": -1209881498, "changeToLiabilities": 391797337, "changeToInventory": -257152544, "totalCashFromOperatingActivities": -774753288, "capitalExpenditures": -15954943, "investments": 1164000, "otherCashflowsFromInvestingActivities": 227000, "totalCashflowsFromInvestingActivities": -15954943, "dividendsPaid": -18448000, "netBorrowings": 931317369, "otherCashflowsFromFinancingActivities": -147551767, "totalCashFromFinancingActivities": 783765602, "changeInCash": -6942629}, {"maxAge": 1, "endDate": "2017-03-31", "netIncome": 55868357, "depreciation": 19279304, "changeToNetincome": 98575783, "changeToAccountReceivables": 87842868, "changeToLiabilities": 451996704, "changeToInventory": -1382331926, "totalCashFromOperatingActivities": -668768916, "capitalExpenditures": -22229701, "investments": 1164000, "otherCashflowsFromInvestingActivities": 227000, "totalCashflowsFromInvestingActivities": -20394701, "dividendsPaid": -18448000, "netBorrowings": 658215090, "otherCashflowsFromFinancingActivities": -98214449, "totalCashFromFinancingActivities": 560000641, "changeInCash": -129162972}], "maxAge": 86400}, "institutionOwnership": {"maxAge": 1, "ownershipList": []}, "balanceSheetHistoryQuarterly": {"balanceSheetStatements": [{"maxAge": 1, "endDate": "2020-06-30", "totalStockholderEquity": 899191000, "netTangibleAssets": 892559000}, {"maxAge": 1, "endDate": "2020-03-31", "cash": 33453000, "shortTermInvestments": 1681000, "netReceivables": 2570531000, "inventory": 559331000, "otherCurrentAssets": 35374000, "totalCurrentAssets": 3206538000, "propertyPlantEquipment": 373407000, "intangibleAssets": 6632000, "otherAssets": 7455000, "totalAssets": 3594032000, "accountsPayable": 333707000, "shortLongTermDebt": 3508000, "otherCurrentLiab": 218855000, "longTermDebt": 1222000, "otherLiab": 19438000, "totalCurrentLiabilities": 2674181000, "totalLiab": 2694841000, "commonStock": 36895000, "retainedEarnings": 827409000, "treasuryStock": 22084000, "capitalSurplus": 12803000, "otherStockholderEquity": 22084000, "totalStockholderEquity": 899191000, "netTangibleAssets": 892559000}, {"maxAge": 1, "endDate": "2019-12-31", "totalStockholderEquity": 645222000, "netTangibleAssets": 645222000}, {"maxAge": 1, "endDate": "2019-09-30", "cash": 21105000, "shortTermInvestments": 500000, "netReceivables": 2611524000, "inventory": 1542224000, "otherCurrentAssets": 69557000, "totalCurrentAssets": 4244910000, "longTermInvestments": 81000, "propertyPlantEquipment": 379469000, "otherAssets": 6950000, "totalAssets": 4631410000, "accountsPayable": 1718778000, "otherCurrentLiab": 238663000, "longTermDebt": 6746000, "otherLiab": 25194000, "totalCurrentLiabilities": 3954248000, "totalLiab": 3986188000, "commonStock": 36895000, "treasuryStock": 608327000, "otherStockholderEquity": 608327000, "totalStockholderEquity": 645222000, "netTangibleAssets": 645222000}], "maxAge": 86400}, "earningsHistory": {"history": [{"maxAge": 1, "epsActual": {}, "epsEstimate": {}, "epsDifference": {}, "surprisePercent": {}, "quarter": {}, "period": "-4q"}, {"maxAge": 1, "epsActual": {}, "epsEstimate": {}, "epsDifference": {}, "surprisePercent": {}, "quarter": {}, "period": "-3q"}, {"maxAge": 1, "epsActual": {}, "epsEstimate": {}, "epsDifference": {}, "surprisePercent": {}, "quarter": {}, "period": "-2q"}, {"maxAge": 1, "epsActual": {}, "epsEstimate": {}, "epsDifference": {}, "surprisePercent": {}, "quarter": {}, "period": "-1q"}], "maxAge": 86400}, "indexTrend": {"maxAge": 1, "symbol": "SP5", "peRatio": 19.7411, "pegRatio": 1.34172, "estimates": [{"period": "0q", "growth": 0.549}, {"period": "+1q", "growth": 0.431}, {"period": "0y", "growth": 0.305}, {"period": "+1y", "growth": 0.109}, {"period": "+5y", "growth": 0.120859005}, {"period": "-5y"}]}, "industryTrend": {"maxAge": 1, "symbol": null, "estimates": []}, "insiderTransactions": {"transactions": [{"maxAge": 1, "shares": 858000, "filerUrl": "", "transactionText": "", "filerName": "Garg (Atul)", "filerRelation": "Director (Executive)", "moneyText": "", "startDate": "2016-09-21", "ownership": "D"}, {"maxAge": 1, "shares": 626000, "filerUrl": "", "transactionText": "", "filerName": "Garg (Hukam Chand)", "filerRelation": "Promoter", "moneyText": "", "startDate": "2016-09-21", "ownership": "D"}, {"maxAge": 1, "shares": 232000, "filerUrl": "", "transactionText": "", "filerName": "Garg (Rohit)", "filerRelation": "Promoter", "moneyText": "", "startDate": "2016-09-21", "ownership": "D"}], "maxAge": 1}, "quoteType": {"exchange": "BSE", "quoteType": "EQUITY", "symbol": "GRMOVER.BO", "underlyingSymbol": "GRMOVER.BO", "shortName": "GRM OVERSEAS LTD.", "longName": "GRM Overseas Limited", "firstTradeDateEpochUtc": "2004-10-01 09:15:00", "timeZoneFullName": "Asia/Kolkata", "timeZoneShortName": "IST", "uuid": "92363b0c-a6ab-3786-853e-16cfed11b42d", "messageBoardId": null, "gmtOffSetMilliseconds": 19800000, "maxAge": 1}, "incomeStatementHistory": {"incomeStatementHistory": [{"maxAge": 1, "endDate": "2020-03-31", "totalRevenue": 7774676000, "costOfRevenue": 6128694000, "grossProfit": 1645982000, "researchDevelopment": {}, "sellingGeneralAdministrative": 212797000, "nonRecurring": {}, "otherOperatingExpenses": 946145000, "totalOperatingExpenses": 7316800000, "operatingIncome": 457876000, "totalOtherIncomeExpenseNet": -27410000, "ebit": 457876000, "interestExpense": -135724000, "incomeBeforeTax": 430466000, "incomeTaxExpense": 113468000, "minorityInterest": {}, "netIncomeFromContinuingOps": 316998000, "discontinuedOperations": {}, "extraordinaryItems": {}, "effectOfAccountingCharges": {}, "otherItems": {}, "netIncome": 316998000, "netIncomeApplicableToCommonShares": 316998000}, {"maxAge": 1, "endDate": "2019-03-31", "totalRevenue": 11094684000, "costOfRevenue": 9636822000, "grossProfit": 1457862000, "researchDevelopment": {}, "sellingGeneralAdministrative": 54288000, "nonRecurring": {}, "otherOperatingExpenses": 1028508000, "totalOperatingExpenses": 10741203000, "operatingIncome": 353481000, "totalOtherIncomeExpenseNet": -174157000, "ebit": 353481000, "interestExpense": -150069000, "incomeBeforeTax": 179324000, "incomeTaxExpense": 88586000, "minorityInterest": {}, "netIncomeFromContinuingOps": 90738000, "discontinuedOperations": {}, "extraordinaryItems": {}, "effectOfAccountingCharges": {}, "otherItems": {}, "netIncome": 90738000, "netIncomeApplicableToCommonShares": 90738000}, {"maxAge": 1, "endDate": "2018-03-31", "totalRevenue": 9442245635, "costOfRevenue": 8052961357, "grossProfit": 1389284278, "researchDevelopment": {}, "sellingGeneralAdministrative": 40973259, "nonRecurring": {}, "otherOperatingExpenses": 997603878, "totalOperatingExpenses": 9111826997, "operatingIncome": 330418638, "totalOtherIncomeExpenseNet": -147551767, "ebit": 330418638, "interestExpense": -128063241, "incomeBeforeTax": 182866871, "incomeTaxExpense": 64320193, "minorityInterest": {}, "netIncomeFromContinuingOps": 118546678, "discontinuedOperations": {}, "extraordinaryItems": {}, "effectOfAccountingCharges": {}, "otherItems": {}, "netIncome": 118546678, "netIncomeApplicableToCommonShares": 118546678}, {"maxAge": 1, "endDate": "2017-03-31", "totalRevenue": 5911512500, "costOfRevenue": 5003332403, "grossProfit": 908180097, "researchDevelopment": {}, "sellingGeneralAdministrative": 26742891, "nonRecurring": {}, "otherOperatingExpenses": 678677186, "totalOperatingExpenses": 5728031784, "operatingIncome": 183480716, "totalOtherIncomeExpenseNet": -98626919, "ebit": 183480716, "interestExpense": -85446028, "incomeBeforeTax": 84853797, "incomeTaxExpense": 28985440, "minorityInterest": {}, "netIncomeFromContinuingOps": 55868357, "discontinuedOperations": {}, "extraordinaryItems": {}, "effectOfAccountingCharges": {}, "otherItems": {}, "netIncome": 55868357, "netIncomeApplicableToCommonShares": 55868357}], "maxAge": 86400}, "fundOwnership": {"maxAge": 1, "ownershipList": []}, "summaryDetail": {"maxAge": 1, "priceHint": 2, "previousClose": 1989.95, "open": 2014.95, "dayLow": 1998.0, "dayHigh": 2089.4, "regularMarketPreviousClose": 1989.95, "regularMarketOpen": 2014.95, "regularMarketDayLow": 1998.0, "regularMarketDayHigh": 2089.4, "trailingPE": 21.305407, "volume": 4188, "regularMarketVolume": 4188, "averageVolume": 7110, "averageVolume10days": 14703, "averageDailyVolume10Day": 14703, "bid": 2089.4, "ask": 0.0, "bidSize": 0, "askSize": 0, "marketCap": 7708840960, "fiftyTwoWeekLow": 119.0, "fiftyTwoWeekHigh": 2089.4, "fiftyDayAverage": 603.14, "twoHundredDayAverage": 423.44232, "trailingAnnualDividendRate": 5.0, "trailingAnnualDividendYield": 0.0025126261, "currency": "INR", "fromCurrency": null, "toCurrency": null, "lastMarket": null, "algorithm": null, "tradeable": false}, "sectorTrend": {"maxAge": 1, "symbol": null, "estimates": []}, "incomeStatementHistoryQuarterly": {"incomeStatementHistory": [{"maxAge": 1, "endDate": "2020-06-30", "totalRevenue": 1200697000, "costOfRevenue": 913112000, "grossProfit": 287585000, "researchDevelopment": {}, "sellingGeneralAdministrative": 10224000, "nonRecurring": {}, "otherOperatingExpenses": 156838000, "totalOperatingExpenses": 1087479000, "operatingIncome": 113218000, "totalOtherIncomeExpenseNet": -32641000, "ebit": 113218000, "interestExpense": -33016000, "incomeBeforeTax": 80577000, "incomeTaxExpense": 18815000, "minorityInterest": {}, "netIncomeFromContinuingOps": 61762000, "discontinuedOperations": {}, "extraordinaryItems": {}, "effectOfAccountingCharges": {}, "otherItems": {}, "netIncome": 61762000, "netIncomeApplicableToCommonShares": 61762000}, {"maxAge": 1, "endDate": "2020-03-31", "totalRevenue": 2075282000, "costOfRevenue": 1485065000, "grossProfit": 590217000, "researchDevelopment": {}, "sellingGeneralAdministrative": 185916000, "nonRecurring": {}, "otherOperatingExpenses": 138331000, "totalOperatingExpenses": 1819372000, "operatingIncome": 255910000, "totalOtherIncomeExpenseNet": 25705000, "ebit": 255910000, "interestExpense": -76824000, "incomeBeforeTax": 281615000, "incomeTaxExpense": 66804000, "minorityInterest": {}, "netIncomeFromContinuingOps": 214811000, "discontinuedOperations": {}, "extraordinaryItems": {}, "effectOfAccountingCharges": {}, "otherItems": {}, "netIncome": 214811000, "netIncomeApplicableToCommonShares": 214811000}, {"maxAge": 1, "endDate": "2019-12-31", "totalRevenue": 1101362000, "costOfRevenue": 853353000, "grossProfit": 248009000, "researchDevelopment": {}, "sellingGeneralAdministrative": 11350000, "nonRecurring": {}, "otherOperatingExpenses": 157366000, "totalOperatingExpenses": 1028663000, "operatingIncome": 72699000, "totalOtherIncomeExpenseNet": -12151000, "ebit": 72699000, "interestExpense": -14695000, "incomeBeforeTax": 60548000, "incomeTaxExpense": 12993000, "minorityInterest": {}, "netIncomeFromContinuingOps": 47555000, "discontinuedOperations": {}, "extraordinaryItems": {}, "effectOfAccountingCharges": {}, "otherItems": {}, "netIncome": 47555000, "netIncomeApplicableToCommonShares": 47555000}, {"maxAge": 1, "endDate": "2019-09-30", "totalRevenue": 1377453000, "costOfRevenue": 1168430000, "grossProfit": 209023000, "researchDevelopment": {}, "sellingGeneralAdministrative": 8230000, "nonRecurring": {}, "otherOperatingExpenses": 140122000, "totalOperatingExpenses": 1323837000, "operatingIncome": 53616000, "totalOtherIncomeExpenseNet": -11120000, "ebit": 53616000, "interestExpense": -13505000, "incomeBeforeTax": 42496000, "incomeTaxExpense": 4800000, "minorityInterest": {}, "netIncomeFromContinuingOps": 37696000, "discontinuedOperations": {}, "extraordinaryItems": {}, "effectOfAccountingCharges": {}, "otherItems": {}, "netIncome": 37696000, "netIncomeApplicableToCommonShares": 37696000}], "maxAge": 86400}, "cashflowStatementHistoryQuarterly": {"cashflowStatements": [{"maxAge": 1, "endDate": "2020-06-30", "netIncome": 61762000, "changeToLiabilities": 0}, {"maxAge": 1, "endDate": "2020-03-31", "netIncome": 214811000, "changeToLiabilities": 0}, {"maxAge": 1, "endDate": "2019-12-31", "netIncome": 47555000, "changeToLiabilities": 0}, {"maxAge": 1, "endDate": "2019-09-30", "netIncome": 37696000, "changeToLiabilities": 0}], "maxAge": 86400}, "insiderHolders": {"holders": [{"maxAge": 1, "name": "Garg (Atul)", "relation": "Director (Executive)", "url": "", "transactionDescription": "Other", "latestTransDate": "2016-09-21", "positionDirect": 858000, "positionDirectDate": "2016-09-21"}, {"maxAge": 1, "name": "Garg (Hukam Chand)", "relation": "Promoter", "url": "", "transactionDescription": "Other", "latestTransDate": "2016-09-21", "positionDirect": 1000200, "positionDirectDate": "2016-09-21"}, {"maxAge": 1, "name": "Garg (Rohit)", "relation": "Promoter", "url": "", "transactionDescription": "Other", "latestTransDate": "2016-09-21", "positionDirect": 858000, "positionDirectDate": "2016-09-21"}], "maxAge": 1}, "earnings": {"maxAge": 86400, "earningsChart": {"quarterly": [], "earningsDate": ["2020-09-14 05:30:S"]}, "financialsChart": {"yearly": [{"date": 2017, "revenue": 5911512500, "earnings": 55868357}, {"date": 2018, "revenue": 9442245635, "earnings": 118546678}, {"date": 2019, "revenue": 11094684000, "earnings": 90738000}, {"date": 2020, "revenue": 7774676000, "earnings": 316998000}], "quarterly": [{"date": "3Q2019", "revenue": 1377453000, "earnings": 37696000}, {"date": "4Q2019", "revenue": 1101362000, "earnings": 47555000}, {"date": "1Q2020", "revenue": 2075282000, "earnings": 214811000}, {"date": "2Q2020", "revenue": 1200697000, "earnings": 61762000}]}, "financialCurrency": "INR"}, "calendarEvents": {"maxAge": 1, "earnings": {"earningsDate": ["2020-09-14 05:30:S"]}}, "price": {"maxAge": 1, "regularMarketChangePercent": 0.049976107, "regularMarketChange": 99.44995, "regularMarketTime": "2021-04-30 15:48:40", "priceHint": 2, "regularMarketPrice": 2089.4, "regularMarketDayHigh": 2089.4, "regularMarketDayLow": 1998.0, "regularMarketVolume": 4188, "averageDailyVolume10Day": 14703, "averageDailyVolume3Month": 7110, "regularMarketPreviousClose": 1989.95, "regularMarketSource": "FREE_REALTIME", "regularMarketOpen": 2014.95, "exchange": "BSE", "exchangeName": "BSE", "exchangeDataDelayedBy": 0, "marketState": "CLOSED", "quoteType": "EQUITY", "symbol": "GRMOVER.BO", "underlyingSymbol": null, "shortName": "GRM OVERSEAS LTD.", "longName": "GRM Overseas Limited", "currency": "INR", "quoteSourceName": "Delayed Quote", "currencySymbol": "\u20b9", "fromCurrency": null, "toCurrency": null, "lastMarket": null, "marketCap": 7708840960}, "balanceSheetHistory": {"balanceSheetStatements": [{"maxAge": 1, "endDate": "2020-03-31", "cash": 33453000, "shortTermInvestments": 1681000, "netReceivables": 2570531000, "inventory": 559331000, "otherCurrentAssets": 35374000, "totalCurrentAssets": 3206538000, "propertyPlantEquipment": 373407000, "intangibleAssets": 6632000, "otherAssets": 7455000, "totalAssets": 3594032000, "accountsPayable": 333707000, "shortLongTermDebt": 3508000, "otherCurrentLiab": 218855000, "longTermDebt": 1222000, "otherLiab": 19438000, "totalCurrentLiabilities": 2674181000, "totalLiab": 2694841000, "commonStock": 36895000, "retainedEarnings": 827409000, "treasuryStock": 22084000, "capitalSurplus": 12803000, "otherStockholderEquity": 22084000, "totalStockholderEquity": 899191000, "netTangibleAssets": 892559000}, {"maxAge": 1, "endDate": "2019-03-31", "cash": 29441000, "shortTermInvestments": 2056000, "netReceivables": 2787951000, "inventory": 1673849000, "otherCurrentAssets": 56422000, "totalCurrentAssets": 4551504000, "propertyPlantEquipment": 338066000, "intangibleAssets": 125000, "otherAssets": 33790000, "totalAssets": 4923485000, "accountsPayable": 612856000, "shortLongTermDebt": 5432000, "otherCurrentLiab": 172732000, "longTermDebt": 4730000, "otherLiab": 24658000, "totalCurrentLiabilities": 4286462000, "totalLiab": 4315850000, "commonStock": 36895000, "retainedEarnings": 532650000, "treasuryStock": 25287000, "capitalSurplus": 12803000, "otherStockholderEquity": 25287000, "totalStockholderEquity": 607635000, "netTangibleAssets": 607510000}, {"maxAge": 1, "endDate": "2018-03-31", "cash": 9273299, "netReceivables": 1909830213, "inventory": 2267503230, "otherCurrentAssets": 52349320, "totalCurrentAssets": 4240899378, "propertyPlantEquipment": 207837007, "otherAssets": 7671781, "totalAssets": 4456408166, "accountsPayable": 857178820, "shortLongTermDebt": 6609281, "otherCurrentLiab": 33086072, "longTermDebt": 6362977, "otherLiab": 23231206, "totalCurrentLiabilities": 3887555752, "totalLiab": 3917149935, "commonStock": 36895000, "retainedEarnings": 464149617, "treasuryStock": 25410119, "capitalSurplus": 12803495, "otherStockholderEquity": 25410119, "totalStockholderEquity": 539258231, "netTangibleAssets": 539258231}, {"maxAge": 1, "endDate": "2017-03-31", "cash": 17593049, "netReceivables": 741755412, "inventory": 2014920131, "otherCurrentAssets": 5366344, "totalCurrentAssets": 2781014951, "propertyPlantEquipment": 212170564, "otherAssets": 7464793, "totalAssets": 3000650308, "accountsPayable": 251733745, "otherCurrentLiab": 318962783, "longTermDebt": 484235816, "otherLiab": 22543303, "totalCurrentLiabilities": 2073159638, "totalLiab": 2579938757, "commonStock": 36895000, "retainedEarnings": 345602938, "treasuryStock": 25410119, "capitalSurplus": 12803495, "otherStockholderEquity": 25410119, "totalStockholderEquity": 420711552, "netTangibleAssets": 420711552}], "maxAge": 86400}, "earningsTrend": {"trend": [{"maxAge": 1, "period": "0q", "endDate": null, "growth": {}, "earningsEstimate": {"avg": 0.0, "low": 0.0, "high": 0.0, "yearAgoEps": {}, "numberOfAnalysts": 0, "growth": {}}, "revenueEstimate": {"avg": 0, "low": 0, "high": 0, "numberOfAnalysts": 0, "yearAgoRevenue": {}, "growth": {}}, "epsTrend": {"current": 0.0, "7daysAgo": 0.0, "30daysAgo": 0.0, "60daysAgo": 0.0, "90daysAgo": 0.0}, "epsRevisions": {"upLast7days": 0, "upLast30days": 0, "downLast30days": 0, "downLast90days": {}}}, {"maxAge": 1, "period": "+1q", "endDate": null, "growth": {}, "earningsEstimate": {"avg": 0.0, "low": 0.0, "high": 0.0, "yearAgoEps": {}, "numberOfAnalysts": 0, "growth": {}}, "revenueEstimate": {"avg": 0, "low": 0, "high": 0, "numberOfAnalysts": 0, "yearAgoRevenue": {}, "growth": {}}, "epsTrend": {"current": 0.0, "7daysAgo": 0.0, "30daysAgo": 0.0, "60daysAgo": 0.0, "90daysAgo": 0.0}, "epsRevisions": {"upLast7days": 0, "upLast30days": 0, "downLast30days": 0, "downLast90days": {}}}, {"maxAge": 1, "period": "0y", "endDate": null, "growth": {}, "earningsEstimate": {"avg": 0.0, "low": 0.0, "high": 0.0, "yearAgoEps": {}, "numberOfAnalysts": 0, "growth": {}}, "revenueEstimate": {"avg": 0, "low": 0, "high": 0, "numberOfAnalysts": 0, "yearAgoRevenue": {}, "growth": {}}, "epsTrend": {"current": 0.0, "7daysAgo": 0.0, "30daysAgo": 0.0, "60daysAgo": 0.0, "90daysAgo": 0.0}, "epsRevisions": {"upLast7days": 0, "upLast30days": 0, "downLast30days": 0, "downLast90days": {}}}, {"maxAge": 1, "period": "+1y", "endDate": null, "growth": {}, "earningsEstimate": {"avg": 0.0, "low": 0.0, "high": 0.0, "yearAgoEps": {}, "numberOfAnalysts": 0, "growth": {}}, "revenueEstimate": {"avg": 0, "low": 0, "high": 0, "numberOfAnalysts": 0, "yearAgoRevenue": {}, "growth": {}}, "epsTrend": {"current": 0.0, "7daysAgo": 0.0, "30daysAgo": 0.0, "60daysAgo": 0.0, "90daysAgo": 0.0}, "epsRevisions": {"upLast7days": 0, "upLast30days": 0, "downLast30days": 0, "downLast90days": {}}}, {"maxAge": 1, "period": "+5y", "endDate": null, "growth": {}, "earningsEstimate": {"avg": {}, "low": {}, "high": {}, "yearAgoEps": {}, "numberOfAnalysts": {}, "growth": {}}, "revenueEstimate": {"avg": {}, "low": {}, "high": {}, "numberOfAnalysts": {}, "yearAgoRevenue": {}, "growth": {}}, "epsTrend": {"current": {}, "7daysAgo": {}, "30daysAgo": {}, "60daysAgo": {}, "90daysAgo": {}}, "epsRevisions": {"upLast7days": {}, "upLast30days": {}, "downLast30days": {}, "downLast90days": {}}}, {"maxAge": 1, "period": "-5y", "endDate": null, "growth": {}, "earningsEstimate": {"avg": {}, "low": {}, "high": {}, "yearAgoEps": {}, "numberOfAnalysts": {}, "growth": {}}, "revenueEstimate": {"avg": {}, "low": {}, "high": {}, "numberOfAnalysts": {}, "yearAgoRevenue": {}, "growth": {}}, "epsTrend": {"current": {}, "7daysAgo": {}, "30daysAgo": {}, "60daysAgo": {}, "90daysAgo": {}}, "epsRevisions": {"upLast7days": {}, "upLast30days": {}, "downLast30days": {}, "downLast90days": {}}}], "maxAge": 1}, "financialData": {"maxAge": 86400, "currentPrice": 2089.4, "targetHighPrice": 78.0, "targetLowPrice": 78.0, "targetMeanPrice": 78.0, "targetMedianPrice": 78.0, "recommendationKey": "none", "numberOfAnalystOpinions": 1, "grossProfits": 1645982000, "financialCurrency": "INR"}}}