{"GROBTEA.NS": {"assetProfile": {"address1": "Haute Street", "address2": "9th Floor 86A, Topsia Road", "city": "Kolkata", "zip": "700046", "country": "India", "phone": "91 33 4003 1325", "fax": "91 33 4004 0892", "website": "http://www.grobtea.com", "industry": "Farm Products", "sector": "Consumer Defensive", "longBusinessSummary": "The Grob Tea Company Limited cultivates, manufactures, and sells tea in India. The company owns five tea gardens under the names of Doyang, Dessoie, Kanu, and Teen Ali tea estates located in the belt of Assam; and Pathemara tea estate in the Cachar district of Assam. Its gardens comprise an area of 4236.07 hectares and 2332.71 hectares of tea plantation. The company was incorporated in 1895 and is based in Kolkata, India.", "fullTimeEmployees": 4015, "companyOfficers": [{"maxAge": 1, "name": "Mr. Subrata  Dasgupta", "title": "Chief Exec. Officer", "fiscalYear": 2020, "totalPay": 1217000, "exercisedValue": 0, "unexercisedValue": 0}, {"maxAge": 1, "name": "Mr. Bajrang Lal Patawari", "title": "Chief Financial Officer", "fiscalYear": 2020, "totalPay": 1115000, "exercisedValue": 0, "unexercisedValue": 0}, {"maxAge": 1, "name": "Ms. Kritika  Mohata", "title": "Compliance Officer & Company Sec.", "fiscalYear": 2020, "totalPay": 413000, "exercisedValue": 0, "unexercisedValue": 0}, {"maxAge": 1, "name": "Mr. Pradeep Kumar Agarwal", "age": 50, "title": "MD & Director", "yearBorn": 1970, "fiscalYear": 2020, "totalPay": 3654000, "exercisedValue": 0, "unexercisedValue": 0}, {"maxAge": 1, "name": "Mr. Indu Bhusan Sharaf", "title": "Exec. Director", "fiscalYear": 2020, "totalPay": 2424000, "exercisedValue": 0, "unexercisedValue": 0}], "compensationAsOfEpochDate": "2020-12-31 05:30:00", "maxAge": 86400}, "cashflowStatementHistory": {"cashflowStatements": [{"maxAge": 1, "endDate": "2020-03-31", "netIncome": 16478300, "depreciation": 24605919, "changeToNetincome": 29626051, "changeToAccountReceivables": 16067922, "changeToLiabilities": 2071289, "changeToInventory": 19736080, "changeToOperatingActivities": -180841794, "totalCashFromOperatingActivities": -72256233, "capitalExpenditures": -14095262, "investments": 43858054, "otherCashflowsFromInvestingActivities": 7746143, "totalCashflowsFromInvestingActivities": 46792174, "dividendsPaid": -2324660, "netBorrowings": 40835170, "otherCashflowsFromFinancingActivities": -15213187, "totalCashFromFinancingActivities": 23297323, "changeInCash": -2166736}, {"maxAge": 1, "endDate": "2019-03-31", "netIncome": 13961367, "depreciation": 28482935, "changeToNetincome": 3505069, "changeToAccountReceivables": -31443510, "changeToLiabilities": -1975847, "changeToInventory": -7140027, "changeToOperatingActivities": -23263766, "totalCashFromOperatingActivities": -17873779, "capitalExpenditures": -6861771, "investments": 13000312, "otherCashflowsFromInvestingActivities": 6933244, "totalCashflowsFromInvestingActivities": 13158409, "dividendsPaid": -2324660, "netBorrowings": 19478779, "otherCashflowsFromFinancingActivities": -6694112, "totalCashFromFinancingActivities": 10460007, "changeInCash": 5744637}, {"maxAge": 1, "endDate": "2018-03-31", "netIncome": 18453022, "depreciation": 33436351, "changeToNetincome": 7781655, "changeToAccountReceivables": -8380159, "changeToLiabilities": 6966661, "changeToInventory": 13317711, "changeToOperatingActivities": 15885183, "totalCashFromOperatingActivities": 87460424, "capitalExpenditures": -18313257, "investments": -60000000, "otherCashflowsFromInvestingActivities": -1374238, "totalCashflowsFromInvestingActivities": -99666544, "dividendsPaid": -2324660, "netBorrowings": 17302643, "otherCashflowsFromFinancingActivities": -4412424, "totalCashFromFinancingActivities": 10565559, "changeInCash": -1640560}, {"maxAge": 1, "endDate": "2017-03-31", "netIncome": 16863762, "depreciation": 37903185, "changeToNetincome": -14310897, "changeToAccountReceivables": 897624, "changeToLiabilities": -1619678, "changeToInventory": 14949511, "changeToOperatingActivities": -3657225, "totalCashFromOperatingActivities": 51026282, "capitalExpenditures": -38224662, "investments": 20624625, "otherCashflowsFromInvestingActivities": 13298653, "totalCashflowsFromInvestingActivities": 6311274, "dividendsPaid": -2324660, "netBorrowings": -47727685, "otherCashflowsFromFinancingActivities": -8845137, "totalCashFromFinancingActivities": -58897482, "changeInCash": -1559925}], "maxAge": 86400}, "institutionOwnership": {"ownershipList": [], "maxAge": 1}, "majorHoldersBreakdown": {"maxAge": 1}, "balanceSheetHistoryQuarterly": {"balanceSheetStatements": [{"maxAge": 1, "endDate": "2020-12-31", "totalStockholderEquity": 830245000, "netTangibleAssets": 830245000}, {"maxAge": 1, "endDate": "2020-09-30", "cash": 81593000, "shortTermInvestments": 26348000, "netReceivables": 178878000, "inventory": 199559000, "otherCurrentAssets": 201785000, "totalCurrentAssets": 688163000, "longTermInvestments": 22048000, "propertyPlantEquipment": 366438000, "otherAssets": 9421000, "totalAssets": 1086070000, "accountsPayable": 30934000, "shortLongTermDebt": 50146000, "otherCurrentLiab": 151973000, "longTermDebt": 423000, "otherLiab": 16970000, "totalCurrentLiabilities": 238432000, "totalLiab": 255825000, "commonStock": 11623000, "treasuryStock": 818622000, "otherStockholderEquity": 818622000, "totalStockholderEquity": 830245000, "netTangibleAssets": 830245000}, {"maxAge": 1, "endDate": "2020-06-30", "totalStockholderEquity": 468175101, "netTangibleAssets": 468175101}, {"maxAge": 1, "endDate": "2020-03-31", "cash": 6381644, "netReceivables": 42471938, "inventory": 42958392, "otherCurrentAssets": 225188817, "totalCurrentAssets": 319146931, "longTermInvestments": 22423975, "propertyPlantEquipment": 371244224, "otherAssets": 9473746, "totalAssets": 722288876, "accountsPayable": 26341241, "shortLongTermDebt": 151833, "otherCurrentLiab": 8322938, "longTermDebt": 345767, "otherLiab": 18114599, "totalCurrentLiabilities": 235653409, "totalLiab": 254113775, "commonStock": 11623300, "retainedEarnings": 375574596, "treasuryStock": 63047515, "capitalSurplus": 17929690, "otherStockholderEquity": 63047515, "totalStockholderEquity": 468175101, "netTangibleAssets": 468175101}], "maxAge": 86400}, "indexTrend": {"maxAge": 1, "symbol": "SP5", "peRatio": 19.7411, "pegRatio": 1.34172, "estimates": [{"period": "0q", "growth": 0.549}, {"period": "+1q", "growth": 0.431}, {"period": "0y", "growth": 0.305}, {"period": "+1y", "growth": 0.109}, {"period": "+5y", "growth": 0.120865}, {"period": "-5y"}]}, "defaultKeyStatistics": {"maxAge": 1, "priceHint": 2, "enterpriseValue": 863193856, "profitMargins": 0.25511998, "floatShares": 140767, "sharesOutstanding": 1162330, "beta": 1.884089, "category": null, "bookValue": 714.31, "priceToBook": 1.1086923, "fundFamily": null, "legalType": null, "lastFiscalYearEnd": "2020-03-31 05:30:00", "nextFiscalYearEnd": "2022-03-31 05:30:00", "mostRecentQuarter": "2020-12-31 05:30:00", "earningsQuarterlyGrowth": 2.666, "netIncomeToCommon": 270571296, "trailingEps": 232.782, "lastSplitFactor": null, "enterpriseToRevenue": 0.814, "enterpriseToEbitda": 2.789}, "summaryProfile": {"address1": "Haute Street", "address2": "9th Floor 86A, Topsia Road", "city": "Kolkata", "zip": "700046", "country": "India", "phone": "91 33 4003 1325", "fax": "91 33 4004 0892", "website": "http://www.grobtea.com", "industry": "Farm Products", "sector": "Consumer Defensive", "longBusinessSummary": "The Grob Tea Company Limited cultivates, manufactures, and sells tea in India. The company owns five tea gardens under the names of Doyang, Dessoie, Kanu, and Teen Ali tea estates located in the belt of Assam; and Pathemara tea estate in the Cachar district of Assam. Its gardens comprise an area of 4236.07 hectares and 2332.71 hectares of tea plantation. The company was incorporated in 1895 and is based in Kolkata, India.", "fullTimeEmployees": 4015, "companyOfficers": [], "maxAge": 86400}, "netSharePurchaseActivity": {"maxAge": 1, "period": "6m", "buyInfoCount": 0, "buyInfoShares": 0, "sellInfoCount": 0, "netInfoCount": 0, "netInfoShares": 0, "totalInsiderShares": 0}, "quoteType": {"exchange": "NSI", "quoteType": "EQUITY", "symbol": "GROBTEA.NS", "underlyingSymbol": "GROBTEA.NS", "shortName": "THE GROB TEA COMPA", "longName": "The Grob Tea Company Limited", "firstTradeDateEpochUtc": "2016-07-14 09:15:00", "timeZoneFullName": "Asia/Kolkata", "timeZoneShortName": "IST", "uuid": "8f83403d-91a5-3e02-b8fd-cec7fe28517c", "gmtOffSetMilliseconds": 19800000, "maxAge": 1}, "incomeStatementHistory": {"incomeStatementHistory": [{"maxAge": 1, "endDate": "2020-03-31", "totalRevenue": 823948993, "costOfRevenue": 26092466, "grossProfit": 797856527, "researchDevelopment": {}, "sellingGeneralAdministrative": 465009451, "nonRecurring": {}, "otherOperatingExpenses": 259802214, "totalOperatingExpenses": 785781831, "operatingIncome": 38167162, "totalOtherIncomeExpenseNet": -9751994, "ebit": 38167162, "interestExpense": -13144983, "incomeBeforeTax": 28415168, "incomeTaxExpense": 11936868, "minorityInterest": {}, "netIncomeFromContinuingOps": 16478300, "discontinuedOperations": {}, "extraordinaryItems": {}, "effectOfAccountingCharges": {}, "otherItems": {}, "netIncome": 16478300, "netIncomeApplicableToCommonShares": 16478300}, {"maxAge": 1, "endDate": "2019-03-31", "totalRevenue": 797781757, "costOfRevenue": 32952886, "grossProfit": 764828871, "researchDevelopment": {}, "sellingGeneralAdministrative": 468349904, "nonRecurring": {}, "otherOperatingExpenses": 251427842, "totalOperatingExpenses": 781213567, "operatingIncome": 16568190, "totalOtherIncomeExpenseNet": 1591067, "ebit": 16568190, "interestExpense": -5508993, "incomeBeforeTax": 18159257, "incomeTaxExpense": 4197890, "minorityInterest": {}, "netIncomeFromContinuingOps": 13961367, "discontinuedOperations": {}, "extraordinaryItems": {}, "effectOfAccountingCharges": {}, "otherItems": {}, "netIncome": 13961367, "netIncomeApplicableToCommonShares": 13961367}, {"maxAge": 1, "endDate": "2018-03-31", "totalRevenue": 768677318, "costOfRevenue": 17557177, "grossProfit": 751120141, "researchDevelopment": {}, "sellingGeneralAdministrative": 419480676, "nonRecurring": {}, "otherOperatingExpenses": 271765164, "totalOperatingExpenses": 742239368, "operatingIncome": 26437950, "totalOtherIncomeExpenseNet": -529264, "ebit": 26437950, "interestExpense": -3405270, "incomeBeforeTax": 25908686, "incomeTaxExpense": 7455664, "minorityInterest": {}, "netIncomeFromContinuingOps": 18453022, "discontinuedOperations": {}, "extraordinaryItems": {}, "effectOfAccountingCharges": {}, "otherItems": {}, "netIncome": 18453022, "netIncomeApplicableToCommonShares": 18453022}, {"maxAge": 1, "endDate": "2017-03-31", "totalRevenue": 743737349, "costOfRevenue": 13656736, "grossProfit": 730080613, "researchDevelopment": {}, "sellingGeneralAdministrative": 387194945, "nonRecurring": {}, "otherOperatingExpenses": 282727492, "totalOperatingExpenses": 721482358, "operatingIncome": 22254991, "totalOtherIncomeExpenseNet": -3516740, "ebit": 22254991, "interestExpense": -7643494, "incomeBeforeTax": 18738251, "incomeTaxExpense": 1874489, "minorityInterest": {}, "netIncomeFromContinuingOps": 16863762, "discontinuedOperations": {}, "extraordinaryItems": {}, "effectOfAccountingCharges": {}, "otherItems": {}, "netIncome": 16863762, "netIncomeApplicableToCommonShares": 16863762}], "maxAge": 86400}, "fundOwnership": {"ownershipList": [], "maxAge": 1}, "summaryDetail": {"maxAge": 1, "priceHint": 2, "previousClose": 780.0, "open": 763.95, "dayLow": 763.95, "dayHigh": 792.3, "regularMarketPreviousClose": 780.0, "regularMarketOpen": 763.95, "regularMarketDayLow": 763.95, "regularMarketDayHigh": 792.3, "dividendRate": 2.0, "dividendYield": 0.0025, "exDividendDate": "2020-09-21 05:30:00", "payoutRatio": 0.0086, "beta": 1.884089, "trailingPE": 3.40211, "volume": 2286, "regularMarketVolume": 2286, "averageVolume": 1178, "averageVolume10days": 785, "averageDailyVolume10Day": 785, "bid": 0.0, "ask": 0.0, "bidSize": 0, "askSize": 0, "marketCap": 920507264, "fiftyTwoWeekLow": 235.0, "fiftyTwoWeekHigh": 1134.8, "priceToSalesTrailing12Months": 0.8679511, "fiftyDayAverage": 938.98334, "twoHundredDayAverage": 716.5375, "trailingAnnualDividendRate": 2.0, "trailingAnnualDividendYield": 0.0025641026, "currency": "INR", "fromCurrency": null, "lastMarket": null, "algorithm": null, "tradeable": false}, "incomeStatementHistoryQuarterly": {"incomeStatementHistory": [{"maxAge": 1, "endDate": "2020-12-31", "totalRevenue": 283027000, "costOfRevenue": 55332000, "grossProfit": 227695000, "researchDevelopment": {}, "sellingGeneralAdministrative": 115677000, "nonRecurring": {}, "otherOperatingExpenses": 47250000, "totalOperatingExpenses": 223922000, "operatingIncome": 59105000, "totalOtherIncomeExpenseNet": 1898000, "ebit": 59105000, "interestExpense": -266000, "incomeBeforeTax": 61003000, "incomeTaxExpense": 0, "minorityInterest": {}, "netIncomeFromContinuingOps": 61003000, "discontinuedOperations": {}, "extraordinaryItems": {}, "effectOfAccountingCharges": {}, "otherItems": {}, "netIncome": 61003000, "netIncomeApplicableToCommonShares": 61003000}, {"maxAge": 1, "endDate": "2020-09-30", "totalRevenue": 510921000, "costOfRevenue": -16768000, "grossProfit": 527689000, "researchDevelopment": {}, "sellingGeneralAdministrative": 141205000, "nonRecurring": {}, "otherOperatingExpenses": 53392000, "totalOperatingExpenses": 183054000, "operatingIncome": 327867000, "totalOtherIncomeExpenseNet": -992000, "ebit": 327867000, "interestExpense": -1655000, "incomeBeforeTax": 326875000, "incomeTaxExpense": 0, "minorityInterest": {}, "netIncomeFromContinuingOps": 326875000, "discontinuedOperations": {}, "extraordinaryItems": {}, "effectOfAccountingCharges": {}, "otherItems": {}, "netIncome": 326875000, "netIncomeApplicableToCommonShares": 326875000}, {"maxAge": 1, "endDate": "2020-06-30", "totalRevenue": 143905000, "costOfRevenue": -44783000, "grossProfit": 188688000, "researchDevelopment": {}, "sellingGeneralAdministrative": 114898000, "nonRecurring": {}, "otherOperatingExpenses": 32027000, "totalOperatingExpenses": 107367000, "operatingIncome": 36538000, "totalOtherIncomeExpenseNet": -1965000, "ebit": 36538000, "interestExpense": -2975000, "incomeBeforeTax": 34573000, "incomeTaxExpense": 0, "minorityInterest": {}, "netIncomeFromContinuingOps": 34573000, "discontinuedOperations": {}, "extraordinaryItems": {}, "effectOfAccountingCharges": {}, "otherItems": {}, "netIncome": 34573000, "netIncomeApplicableToCommonShares": 34573000}, {"maxAge": 1, "endDate": "2020-03-31", "totalRevenue": 122698993, "costOfRevenue": 27903466, "grossProfit": 94795527, "researchDevelopment": {}, "sellingGeneralAdministrative": 92419451, "nonRecurring": {}, "otherOperatingExpenses": 120658214, "totalOperatingExpenses": 258434831, "operatingIncome": -135735838, "totalOtherIncomeExpenseNet": -4206994, "ebit": -135735838, "interestExpense": -2202983, "incomeBeforeTax": -139942832, "incomeTaxExpense": 11936868, "minorityInterest": {}, "netIncomeFromContinuingOps": -151879700, "discontinuedOperations": {}, "extraordinaryItems": {}, "effectOfAccountingCharges": {}, "otherItems": {}, "netIncome": -151879700, "netIncomeApplicableToCommonShares": -151879700}], "maxAge": 86400}, "cashflowStatementHistoryQuarterly": {"cashflowStatements": [{"maxAge": 1, "endDate": "2020-12-31", "netIncome": 61003000, "changeToLiabilities": 0}, {"maxAge": 1, "endDate": "2020-09-30", "netIncome": 326875000, "changeToLiabilities": 0}, {"maxAge": 1, "endDate": "2020-06-30", "netIncome": 34573000, "changeToLiabilities": 0}, {"maxAge": 1, "endDate": "2020-03-31", "netIncome": -151879700, "changeToLiabilities": 0}], "maxAge": 86400}, "insiderHolders": {"holders": [], "maxAge": 1}, "calendarEvents": {"maxAge": 1, "earnings": {"earningsDate": ["2020-09-14 05:30:S"]}, "exDividendDate": "2020-09-21 05:30:00"}, "upgradeDowngradeHistory": {"history": [], "maxAge": 86400}, "price": {"maxAge": 1, "regularMarketChangePercent": 0.015320528, "regularMarketChange": 11.950012, "regularMarketTime": "2021-04-30 15:29:11", "priceHint": 2, "regularMarketPrice": 791.95, "regularMarketDayHigh": 792.3, "regularMarketDayLow": 763.95, "regularMarketVolume": 2286, "averageDailyVolume10Day": 785, "averageDailyVolume3Month": 1178, "regularMarketPreviousClose": 780.0, "regularMarketSource": "FREE_REALTIME", "regularMarketOpen": 763.95, "exchange": "NSI", "exchangeName": "NSE", "exchangeDataDelayedBy": 15, "marketState": "CLOSED", "quoteType": "EQUITY", "symbol": "GROBTEA.NS", "underlyingSymbol": null, "shortName": "THE GROB TEA COMPA", "longName": "The Grob Tea Company Limited", "currency": "INR", "quoteSourceName": "Delayed Quote", "currencySymbol": "\u20b9", "fromCurrency": null, "lastMarket": null, "marketCap": 920507264}, "balanceSheetHistory": {"balanceSheetStatements": [{"maxAge": 1, "endDate": "2020-03-31", "cash": 6381644, "netReceivables": 42471938, "inventory": 42958392, "otherCurrentAssets": 225188817, "totalCurrentAssets": 319146931, "longTermInvestments": 22423975, "propertyPlantEquipment": 371244224, "otherAssets": 9473746, "totalAssets": 722288876, "accountsPayable": 26341241, "shortLongTermDebt": 151833, "otherCurrentLiab": 8322938, "longTermDebt": 345767, "otherLiab": 18114599, "totalCurrentLiabilities": 235653409, "totalLiab": 254113775, "commonStock": 11623300, "retainedEarnings": 375574596, "treasuryStock": 63047515, "capitalSurplus": 17929690, "otherStockholderEquity": 63047515, "totalStockholderEquity": 468175101, "netTangibleAssets": 468175101}, {"maxAge": 1, "endDate": "2019-03-31", "cash": 8548380, "netReceivables": 67115817, "inventory": 64631561, "otherCurrentAssets": 86964204, "totalCurrentAssets": 272985347, "longTermInvestments": 21048724, "propertyPlantEquipment": 382250118, "otherAssets": 11570357, "deferredLongTermAssetCharges": 2009695, "totalAssets": 687854546, "accountsPayable": 25750086, "shortLongTermDebt": 376667, "otherCurrentLiab": 4808706, "otherLiab": 29756988, "totalCurrentLiabilities": 221098204, "totalLiab": 250855192, "commonStock": 11623300, "retainedEarnings": 348477482, "treasuryStock": 58968882, "capitalSurplus": 17929690, "otherStockholderEquity": 58968882, "totalStockholderEquity": 436999354, "netTangibleAssets": 436999354}, {"maxAge": 1, "endDate": "2018-03-31", "cash": 2803742, "netReceivables": 35562982, "inventory": 59316587, "otherCurrentAssets": 21978908, "totalCurrentAssets": 178344543, "longTermInvestments": 13270778, "propertyPlantEquipment": 404147903, "otherAssets": 11559307, "deferredLongTermAssetCharges": 2707585, "totalAssets": 607322531, "accountsPayable": 28037367, "shortLongTermDebt": 1063049, "otherCurrentLiab": 5576643, "longTermDebt": 376667, "otherLiab": 29124954, "totalCurrentLiabilities": 162165714, "totalLiab": 191667335, "commonStock": 11623300, "retainedEarnings": 336296017, "treasuryStock": 49806189, "capitalSurplus": 17929690, "otherStockholderEquity": 49806189, "totalStockholderEquity": 415655196, "netTangibleAssets": 415655196}, {"maxAge": 1, "endDate": "2017-03-31", "cash": 4444302, "netReceivables": 7710037, "inventory": 70967980, "otherCurrentAssets": 22227626, "totalCurrentAssets": 106914072, "longTermInvestments": 9746036, "propertyPlantEquipment": 419274580, "otherAssets": 12917486, "deferredLongTermAssetCharges": 4526630, "totalAssets": 548852174, "accountsPayable": 21709120, "shortLongTermDebt": 965631, "otherCurrentLiab": 10364743, "longTermDebt": 1439716, "otherLiab": 34829710, "totalCurrentLiabilities": 119438462, "totalLiab": 155707888, "commonStock": 11623300, "retainedEarnings": 322412531, "treasuryStock": 41178765, "capitalSurplus": 17929690, "otherStockholderEquity": 41178765, "totalStockholderEquity": 393144286, "netTangibleAssets": 393144286}], "maxAge": 86400}, "financialData": {"maxAge": 86400, "currentPrice": 791.95, "recommendationKey": "none", "totalCash": 107941000, "totalCashPerShare": 92.86, "ebitda": 309473312, "totalDebt": 50569000, "totalRevenue": 1060552000, "debtToEquity": 6.091, "revenuePerShare": 912.43, "grossProfits": 797856527, "earningsGrowth": 2.665, "revenueGrowth": 0.163, "grossMargins": 0.97773004, "ebitdaMargins": 0.2918, "operatingMargins": 0.27134, "profitMargins": 0.25511998, "financialCurrency": "INR"}}}