{"GRSE.NS": {"assetProfile": {"address1": "GRSE Bhavan", "address2": "61, Garden Reach Road", "city": "Kolkata", "zip": "700024", "country": "India", "website": "http://www.grse.in", "industry": "Aerospace & Defense", "sector": "Industrials", "longBusinessSummary": "Garden Reach Shipbuilders & Engineers Limited operates as a shipbuilding company in India. The company offers frigates, anti-submarine warfare corvettes, missile corvettes, landing ship tanks, landing craft utilities, survey vessels, fleet replenishment tankers, fast patrol vessels, offshore patrol vessels, inshore patrol vessels, WJ-FAC, hover crafts, and fast interceptor boats to the Indian Navy, Indian Coast Guard, MHA, and other governments. It also provides portable bridges, deck machinery items, marine pumps, anchor and mooring capstans, anchor windlass, boat davits, and rail less helo traversing systems. In addition, the company engages in the testing and overhauling of marine propulsion engines, as well as assembly of semi-knocked down units of diesel engines. Garden Reach Shipbuilders & Engineers Limited was incorporated in 1934 and is based in Kolkata, India.", "fullTimeEmployees": 1947, "companyOfficers": [{"maxAge": 1, "name": "Rear Admiral Vipin Kumar Saxena IN (Retd.)", "age": 58, "title": "Chairman & MD", "yearBorn": 1962, "fiscalYear": 2020, "totalPay": 4656000, "exercisedValue": 0, "unexercisedValue": 0}, {"maxAge": 1, "name": "Mr. Sandeep  Mahapatra", "title": "Company Sec. & Compliance Officer", "fiscalYear": 2020, "totalPay": 2530000, "exercisedValue": 0, "unexercisedValue": 0}, {"maxAge": 1, "name": "Commander P. R. Hari IN (Retd)", "age": 53, "title": "Whole Time Director & Director of Personnel", "yearBorn": 1967, "fiscalYear": 2020, "totalPay": 2026000, "exercisedValue": 0, "unexercisedValue": 0}, {"maxAge": 1, "name": "Commodore Sanjeev  Nayyar", "age": 59, "title": "Director of Shipbuilding & Whole Time Director", "yearBorn": 1961, "fiscalYear": 2020, "totalPay": 4611000, "exercisedValue": 0, "unexercisedValue": 0}, {"maxAge": 1, "name": "Mr. Ramesh Kumar Dash", "age": 55, "title": "Director of Fin., CFO & Director", "yearBorn": 1965, "exercisedValue": 0, "unexercisedValue": 0}, {"maxAge": 1, "name": "Captain P.  Sunilkumar", "title": "GM of Corp. Planning & Corp. Communication", "exercisedValue": 0, "unexercisedValue": 0}, {"maxAge": 1, "name": "Mr. S.  Srinivas", "title": "Gen. Mang. of Human Resource Management", "exercisedValue": 0, "unexercisedValue": 0}, {"maxAge": 1, "name": "Mr. Arup Ratan Pal", "title": "Chief Gen. Mang. of Technical", "exercisedValue": 0, "unexercisedValue": 0}, {"maxAge": 1, "name": "Mr. Siddhartha  Ray", "title": "Chief Gen. Mang. of Fin.", "exercisedValue": 0, "unexercisedValue": 0}, {"maxAge": 1, "name": "Mr. M. Venkatesh Murthy", "title": "Chief Gen. Mang. of Commercial", "exercisedValue": 0, "unexercisedValue": 0}], "compensationAsOfEpochDate": "2020-12-31 05:30:00", "maxAge": 86400}, "cashflowStatementHistory": {"cashflowStatements": [{"maxAge": 1, "endDate": "2020-03-31", "netIncome": 1634817000, "depreciation": 282556000, "changeToNetincome": -276212000, "changeToAccountReceivables": -3035835000, "changeToLiabilities": 1731744000, "changeToInventory": -914531000, "changeToOperatingActivities": 6837490000, "totalCashFromOperatingActivities": 6278365000, "capitalExpenditures": -673676000, "investments": 1979159000, "otherCashflowsFromInvestingActivities": 1144014000, "totalCashflowsFromInvestingActivities": 2449497000, "dividendsPaid": -1241743000, "netBorrowings": -10712000, "otherCashflowsFromFinancingActivities": -275875000, "totalCashFromFinancingActivities": -1528330000, "changeInCash": 7199532000}, {"maxAge": 1, "endDate": "2019-03-31", "netIncome": 1099387000, "depreciation": 250924000, "changeToNetincome": 300898000, "changeToAccountReceivables": -1272956000, "changeToLiabilities": 1119596000, "changeToInventory": 1635259000, "changeToOperatingActivities": -4269757000, "totalCashFromOperatingActivities": -1116726000, "capitalExpenditures": -525159000, "investments": 1111322000, "otherCashflowsFromInvestingActivities": 1391925000, "totalCashflowsFromInvestingActivities": 1978088000, "dividendsPaid": -719959000, "netBorrowings": -10712000, "otherCashflowsFromFinancingActivities": -167586000, "totalCashFromFinancingActivities": -887545000, "changeInCash": -26183000}, {"maxAge": 1, "endDate": "2018-03-31", "netIncome": 924035000, "depreciation": 271789000, "changeToNetincome": -958370000, "changeToAccountReceivables": -40178000, "changeToLiabilities": 3273792000, "changeToInventory": -227702000, "changeToOperatingActivities": -4001292000, "totalCashFromOperatingActivities": -740158000, "capitalExpenditures": -501782000, "investments": 1512817000, "otherCashflowsFromInvestingActivities": 1662673000, "totalCashflowsFromInvestingActivities": 2673708000, "dividendsPaid": -540757000, "netBorrowings": -250000000, "otherCashflowsFromFinancingActivities": -186997000, "totalCashFromFinancingActivities": -1933128000, "changeInCash": 422000, "repurchaseOfStock": -955374000}, {"maxAge": 1, "endDate": "2017-03-31", "netIncome": 114650000, "depreciation": 253210000, "changeToNetincome": -2713990000, "changeToAccountReceivables": -475470000, "changeToLiabilities": -1527500000, "changeToInventory": 1590230000, "changeToOperatingActivities": 833390000, "totalCashFromOperatingActivities": -1912170000, "capitalExpenditures": -422140000, "investments": 1132400000, "otherCashflowsFromInvestingActivities": 1557910000, "totalCashflowsFromInvestingActivities": 2268170000, "dividendsPaid": -532210000, "netBorrowings": 231740000, "otherCashflowsFromFinancingActivities": -199520000, "totalCashFromFinancingActivities": -499990000, "changeInCash": -143990000, "repurchaseOfStock": -955374000}], "maxAge": 86400}, "institutionOwnership": {"ownershipList": [], "maxAge": 1}, "majorHoldersBreakdown": {"maxAge": 1, "insidersPercentHeld": 0.745, "institutionsPercentHeld": 0.15683, "institutionsFloatPercentHeld": 0.61501, "institutionsCount": 9}, "balanceSheetHistoryQuarterly": {"balanceSheetStatements": [{"maxAge": 1, "endDate": "2020-12-31", "totalStockholderEquity": 10656910000, "netTangibleAssets": 10619186000}, {"maxAge": 1, "endDate": "2020-09-30", "cash": 35945137000, "shortTermInvestments": 4233487000, "netReceivables": 2123220000, "inventory": 3991743000, "otherCurrentAssets": 9652094000, "totalCurrentAssets": 55945681000, "longTermInvestments": 773297000, "propertyPlantEquipment": 3751954000, "intangibleAssets": 37724000, "otherAssets": 1260745000, "totalAssets": 61769401000, "accountsPayable": 2874125000, "otherCurrentLiab": 47232984000, "otherLiab": 1005382000, "totalCurrentLiabilities": 50107109000, "totalLiab": 51112491000, "commonStock": 1145520000, "treasuryStock": 9511390000, "otherStockholderEquity": 9511390000, "totalStockholderEquity": 10656910000, "netTangibleAssets": 10619186000}, {"maxAge": 1, "endDate": "2020-06-30", "totalStockholderEquity": 10402310000, "netTangibleAssets": 10357754000}, {"maxAge": 1, "endDate": "2020-03-31", "cash": 7292275000, "shortTermInvestments": 19360836000, "netReceivables": 8412322000, "inventory": 4410222000, "otherCurrentAssets": 8397800000, "totalCurrentAssets": 48076534000, "longTermInvestments": 1353000, "propertyPlantEquipment": 3507483000, "intangibleAssets": 44556000, "otherAssets": 2211541000, "totalAssets": 53841467000, "accountsPayable": 5467780000, "otherCurrentLiab": 36798587000, "otherLiab": 935998000, "totalCurrentLiabilities": 42470028000, "totalLiab": 43439157000, "commonStock": 1145520000, "retainedEarnings": 9163910000, "treasuryStock": 92880000, "otherStockholderEquity": 92880000, "totalStockholderEquity": 10402310000, "netTangibleAssets": 10357754000}], "maxAge": 86400}, "indexTrend": {"maxAge": 1, "symbol": "SP5", "peRatio": 19.7411, "pegRatio": 1.34172, "estimates": [{"period": "0q", "growth": 0.549}, {"period": "+1q", "growth": 0.431}, {"period": "0y", "growth": 0.305}, {"period": "+1y", "growth": 0.109}, {"period": "+5y", "growth": 0.120865}, {"period": "-5y"}]}, "defaultKeyStatistics": {"maxAge": 1, "priceHint": 2, "enterpriseValue": -20074139648, "profitMargins": 0.12109, "floatShares": 27627342, "sharesOutstanding": 114552000, "heldPercentInsiders": 0.745, "heldPercentInstitutions": 0.15683, "beta": 0.491481, "category": null, "bookValue": 93.007, "priceToBook": 1.8869547, "fundFamily": null, "legalType": null, "lastFiscalYearEnd": "2020-03-31 05:30:00", "nextFiscalYearEnd": "2022-03-31 05:30:00", "mostRecentQuarter": "2020-12-31 05:30:00", "earningsQuarterlyGrowth": 0.954, "netIncomeToCommon": 1451524992, "trailingEps": 12.671, "lastSplitFactor": null, "enterpriseToRevenue": -1.675, "enterpriseToEbitda": -29.59}, "summaryProfile": {"address1": "GRSE Bhavan", "address2": "61, Garden Reach Road", "city": "Kolkata", "zip": "700024", "country": "India", "website": "http://www.grse.in", "industry": "Aerospace & Defense", "sector": "Industrials", "longBusinessSummary": "Garden Reach Shipbuilders & Engineers Limited operates as a shipbuilding company in India. The company offers frigates, anti-submarine warfare corvettes, missile corvettes, landing ship tanks, landing craft utilities, survey vessels, fleet replenishment tankers, fast patrol vessels, offshore patrol vessels, inshore patrol vessels, WJ-FAC, hover crafts, and fast interceptor boats to the Indian Navy, Indian Coast Guard, MHA, and other governments. It also provides portable bridges, deck machinery items, marine pumps, anchor and mooring capstans, anchor windlass, boat davits, and rail less helo traversing systems. In addition, the company engages in the testing and overhauling of marine propulsion engines, as well as assembly of semi-knocked down units of diesel engines. Garden Reach Shipbuilders & Engineers Limited was incorporated in 1934 and is based in Kolkata, India.", "fullTimeEmployees": 1947, "companyOfficers": [], "maxAge": 86400}, "netSharePurchaseActivity": {"maxAge": 1, "period": "6m", "buyInfoCount": 0, "buyInfoShares": 0, "sellInfoCount": 0, "netInfoCount": 0, "netInfoShares": 0, "netPercentInsiderShares": 0.0, "totalInsiderShares": 85343824}, "quoteType": {"exchange": "NSI", "quoteType": "EQUITY", "symbol": "GRSE.NS", "underlyingSymbol": "GRSE.NS", "shortName": "GARDEN REACH SHIPB", "longName": "Garden Reach Shipbuilders & Engineers Limited", "firstTradeDateEpochUtc": "2018-10-24 09:15:00", "timeZoneFullName": "Asia/Kolkata", "timeZoneShortName": "IST", "uuid": "cf98344a-6566-3862-a17b-7bf78838bdd1", "gmtOffSetMilliseconds": 19800000, "maxAge": 1}, "incomeStatementHistory": {"incomeStatementHistory": [{"maxAge": 1, "endDate": "2020-03-31", "totalRevenue": 14332953000, "costOfRevenue": 9842855000, "grossProfit": 4490098000, "researchDevelopment": {}, "sellingGeneralAdministrative": 3129056000, "nonRecurring": {}, "otherOperatingExpenses": 954828000, "totalOperatingExpenses": 14227631000, "operatingIncome": 105322000, "totalOtherIncomeExpenseNet": 2133388000, "ebit": 105322000, "interestExpense": -12814000, "incomeBeforeTax": 2238710000, "incomeTaxExpense": 603893000, "minorityInterest": {}, "netIncomeFromContinuingOps": 1634817000, "discontinuedOperations": {}, "extraordinaryItems": {}, "effectOfAccountingCharges": {}, "otherItems": {}, "netIncome": 1634817000, "netIncomeApplicableToCommonShares": 1634817000}, {"maxAge": 1, "endDate": "2019-03-31", "totalRevenue": 13864216000, "costOfRevenue": 9669342000, "grossProfit": 4194874000, "researchDevelopment": {}, "sellingGeneralAdministrative": 3069389000, "nonRecurring": {}, "otherOperatingExpenses": 702410000, "totalOperatingExpenses": 13711988000, "operatingIncome": 152228000, "totalOtherIncomeExpenseNet": 1637374000, "ebit": 152228000, "interestExpense": -15247000, "incomeBeforeTax": 1789602000, "incomeTaxExpense": 690215000, "minorityInterest": {}, "netIncomeFromContinuingOps": 1099387000, "discontinuedOperations": {}, "extraordinaryItems": {}, "effectOfAccountingCharges": {}, "otherItems": {}, "netIncome": 1099387000, "netIncomeApplicableToCommonShares": 1099387000}, {"maxAge": 1, "endDate": "2018-03-31", "totalRevenue": 13477605000, "costOfRevenue": 9533032000, "grossProfit": 3944573000, "researchDevelopment": {}, "sellingGeneralAdministrative": 3115236000, "nonRecurring": {}, "otherOperatingExpenses": 976429000, "totalOperatingExpenses": 13914253000, "operatingIncome": -436648000, "totalOtherIncomeExpenseNet": 1714144000, "ebit": -436648000, "interestExpense": -26506000, "incomeBeforeTax": 1277496000, "incomeTaxExpense": 353461000, "minorityInterest": {}, "netIncomeFromContinuingOps": 924035000, "discontinuedOperations": {}, "extraordinaryItems": {}, "effectOfAccountingCharges": {}, "otherItems": {}, "netIncome": 924035000, "netIncomeApplicableToCommonShares": 924035000}, {"maxAge": 1, "endDate": "2017-03-31", "totalRevenue": 9217740000, "costOfRevenue": 6403390000, "grossProfit": 2814350000, "researchDevelopment": {}, "sellingGeneralAdministrative": 3028720000, "nonRecurring": {}, "otherOperatingExpenses": 1394660000, "totalOperatingExpenses": 11093290000, "operatingIncome": -1875550000, "totalOtherIncomeExpenseNet": 2076730000, "ebit": -1875550000, "interestExpense": -27840000, "incomeBeforeTax": 201180000, "incomeTaxExpense": 86530000, "minorityInterest": {}, "netIncomeFromContinuingOps": 114650000, "discontinuedOperations": {}, "extraordinaryItems": {}, "effectOfAccountingCharges": {}, "otherItems": {}, "netIncome": 114650000, "netIncomeApplicableToCommonShares": 114650000}], "maxAge": 86400}, "fundOwnership": {"ownershipList": [], "maxAge": 1}, "summaryDetail": {"maxAge": 1, "priceHint": 2, "previousClose": 179.8, "open": 177.5, "dayLow": 175.05, "dayHigh": 178.0, "regularMarketPreviousClose": 179.8, "regularMarketOpen": 177.5, "regularMarketDayLow": 175.05, "regularMarketDayHigh": 178.0, "dividendRate": 7.7, "dividendYield": 0.0428, "exDividendDate": "2021-02-17 05:30:00", "payoutRatio": 0.5635, "beta": 0.491481, "trailingPE": 13.850525, "volume": 124242, "regularMarketVolume": 124242, "averageVolume": 281812, "averageVolume10days": 119258, "averageDailyVolume10Day": 119258, "bid": 0.0, "ask": 0.0, "bidSize": 0, "askSize": 0, "marketCap": 19818688512, "fiftyTwoWeekLow": 129.0, "fiftyTwoWeekHigh": 243.0, "priceToSalesTrailing12Months": 1.6533628, "fiftyDayAverage": 198.81029, "twoHundredDayAverage": 195.48334, "trailingAnnualDividendRate": 7.14, "trailingAnnualDividendYield": 0.03971079, "currency": "INR", "fromCurrency": null, "lastMarket": null, "algorithm": null, "tradeable": false}, "incomeStatementHistoryQuarterly": {"incomeStatementHistory": [{"maxAge": 1, "endDate": "2020-12-31", "totalRevenue": 3596035000, "costOfRevenue": 2179440000, "grossProfit": 1416595000, "researchDevelopment": {}, "sellingGeneralAdministrative": 757495000, "nonRecurring": {}, "otherOperatingExpenses": 243457000, "totalOperatingExpenses": 3257362000, "operatingIncome": 338673000, "totalOtherIncomeExpenseNet": 391029000, "ebit": 338673000, "interestExpense": -2396000, "incomeBeforeTax": 729702000, "incomeTaxExpense": 153488000, "minorityInterest": {}, "netIncomeFromContinuingOps": 576214000, "discontinuedOperations": {}, "extraordinaryItems": {}, "effectOfAccountingCharges": {}, "otherItems": {}, "netIncome": 576214000, "netIncomeApplicableToCommonShares": 576214000}, {"maxAge": 1, "endDate": "2020-09-30", "totalRevenue": 2724406000, "costOfRevenue": 1551103000, "grossProfit": 1173303000, "researchDevelopment": {}, "sellingGeneralAdministrative": 533468000, "nonRecurring": {}, "otherOperatingExpenses": 306067000, "totalOperatingExpenses": 2450353000, "operatingIncome": 274053000, "totalOtherIncomeExpenseNet": 264386000, "ebit": 274053000, "interestExpense": -1701000, "incomeBeforeTax": 538439000, "incomeTaxExpense": 161466000, "minorityInterest": {}, "netIncomeFromContinuingOps": 376973000, "discontinuedOperations": {}, "extraordinaryItems": {}, "effectOfAccountingCharges": {}, "otherItems": {}, "netIncome": 376973000, "netIncomeApplicableToCommonShares": 376973000}, {"maxAge": 1, "endDate": "2020-06-30", "totalRevenue": 1099584000, "costOfRevenue": 739508000, "grossProfit": 360076000, "researchDevelopment": {}, "sellingGeneralAdministrative": 639606000, "nonRecurring": {}, "otherOperatingExpenses": 124655000, "totalOperatingExpenses": 1580301000, "operatingIncome": -480717000, "totalOtherIncomeExpenseNet": 498359000, "ebit": -480717000, "interestExpense": -1242000, "incomeBeforeTax": 17642000, "incomeTaxExpense": 16156000, "minorityInterest": {}, "netIncomeFromContinuingOps": 1486000, "discontinuedOperations": {}, "extraordinaryItems": {}, "effectOfAccountingCharges": {}, "otherItems": {}, "netIncome": 1486000, "netIncomeApplicableToCommonShares": 1486000}, {"maxAge": 1, "endDate": "2020-03-31", "totalRevenue": 4566872000, "costOfRevenue": 3152998000, "grossProfit": 1413874000, "researchDevelopment": {}, "sellingGeneralAdministrative": 893676000, "nonRecurring": {}, "otherOperatingExpenses": 172950000, "totalOperatingExpenses": 4298544000, "operatingIncome": 268328000, "totalOtherIncomeExpenseNet": 423186000, "ebit": 268328000, "interestExpense": -1242000, "incomeBeforeTax": 691514000, "incomeTaxExpense": 194662000, "minorityInterest": {}, "netIncomeFromContinuingOps": 496852000, "discontinuedOperations": {}, "extraordinaryItems": {}, "effectOfAccountingCharges": {}, "otherItems": {}, "netIncome": 496852000, "netIncomeApplicableToCommonShares": 496852000}], "maxAge": 86400}, "cashflowStatementHistoryQuarterly": {"cashflowStatements": [{"maxAge": 1, "endDate": "2020-12-31", "netIncome": 576214000, "changeToLiabilities": 0}, {"maxAge": 1, "endDate": "2020-09-30", "netIncome": 376973000, "changeToLiabilities": 0}, {"maxAge": 1, "endDate": "2020-06-30", "netIncome": 1486000, "changeToLiabilities": 0}, {"maxAge": 1, "endDate": "2020-03-31", "netIncome": 496852000, "changeToLiabilities": 0}], "maxAge": 86400}, "insiderHolders": {"holders": [], "maxAge": 1}, "calendarEvents": {"maxAge": 1, "earnings": {"earningsDate": ["2021-02-09 05:30:S"]}, "exDividendDate": "2021-02-17 05:30:00"}, "upgradeDowngradeHistory": {"history": [], "maxAge": 86400}, "price": {"maxAge": 1, "regularMarketChangePercent": -0.023915479, "regularMarketChange": -4.300003, "regularMarketTime": "2021-04-30 15:29:49", "priceHint": 2, "regularMarketPrice": 175.5, "regularMarketDayHigh": 178.0, "regularMarketDayLow": 175.05, "regularMarketVolume": 124242, "averageDailyVolume10Day": 119258, "averageDailyVolume3Month": 281812, "regularMarketPreviousClose": 179.8, "regularMarketSource": "FREE_REALTIME", "regularMarketOpen": 177.5, "exchange": "NSI", "exchangeName": "NSE", "exchangeDataDelayedBy": 15, "marketState": "CLOSED", "quoteType": "EQUITY", "symbol": "GRSE.NS", "underlyingSymbol": null, "shortName": "GARDEN REACH SHIPB", "longName": "Garden Reach Shipbuilders & Engineers Limited", "currency": "INR", "quoteSourceName": "Delayed Quote", "currencySymbol": "\u20b9", "fromCurrency": null, "lastMarket": null, "marketCap": 19818688512}, "balanceSheetHistory": {"balanceSheetStatements": [{"maxAge": 1, "endDate": "2020-03-31", "cash": 7292275000, "shortTermInvestments": 19360836000, "netReceivables": 8412322000, "inventory": 4410222000, "otherCurrentAssets": 8397800000, "totalCurrentAssets": 48076534000, "longTermInvestments": 1353000, "propertyPlantEquipment": 3507483000, "intangibleAssets": 44556000, "otherAssets": 2211541000, "totalAssets": 53841467000, "accountsPayable": 5467780000, "otherCurrentLiab": 36798587000, "otherLiab": 935998000, "totalCurrentLiabilities": 42470028000, "totalLiab": 43439157000, "commonStock": 1145520000, "retainedEarnings": 9163910000, "treasuryStock": 92880000, "otherStockholderEquity": 92880000, "totalStockholderEquity": 10402310000, "netTangibleAssets": 10357754000}, {"maxAge": 1, "endDate": "2019-03-31", "cash": 92743000, "shortTermInvestments": 19819562000, "netReceivables": 7648198000, "inventory": 3495691000, "otherCurrentAssets": 4426069000, "totalCurrentAssets": 35714414000, "longTermInvestments": 1000044000, "propertyPlantEquipment": 3314627000, "intangibleAssets": 49752000, "otherAssets": 1820472000, "totalAssets": 41899309000, "accountsPayable": 3700899000, "otherCurrentLiab": 26793839000, "otherLiab": 831739000, "totalCurrentLiabilities": 30684499000, "totalLiab": 31516238000, "commonStock": 1145520000, "retainedEarnings": 9144671000, "treasuryStock": 92880000, "otherStockholderEquity": 92880000, "totalStockholderEquity": 10383071000, "netTangibleAssets": 10333319000}, {"maxAge": 1, "endDate": "2018-03-31", "cash": 118926000, "shortTermInvestments": 10102583000, "netReceivables": 6732192000, "inventory": 5130950000, "otherCurrentAssets": 2941596000, "totalCurrentAssets": 25099629000, "longTermInvestments": 11810044000, "propertyPlantEquipment": 3989883000, "intangibleAssets": 62064000, "otherAssets": 2228447000, "totalAssets": 43190067000, "accountsPayable": 6888255000, "otherCurrentLiab": 24978153000, "otherLiab": 801191000, "totalCurrentLiabilities": 32173522000, "totalLiab": 32974713000, "commonStock": 1145520000, "retainedEarnings": 8976954000, "treasuryStock": 92880000, "otherStockholderEquity": 92880000, "totalStockholderEquity": 10215354000, "netTangibleAssets": 10153290000}, {"maxAge": 1, "endDate": "2017-03-31", "cash": 118510000, "shortTermInvestments": 15684100000, "netReceivables": 9230000000, "inventory": 4858890000, "otherCurrentAssets": 2930270000, "totalCurrentAssets": 32883320000, "longTermInvestments": 7341340000, "propertyPlantEquipment": 3761350000, "intangibleAssets": 53900000, "otherAssets": 1626440000, "totalAssets": 45666350000, "accountsPayable": 3679560000, "otherCurrentLiab": 30161330000, "otherLiab": 371320000, "totalCurrentLiabilities": 34463590000, "totalLiab": 34834910000, "commonStock": 1238400000, "retainedEarnings": 9583620000, "treasuryStock": 9420000, "otherStockholderEquity": 9420000, "totalStockholderEquity": 10831440000, "netTangibleAssets": 10777540000}], "maxAge": 86400}, "financialData": {"maxAge": 86400, "currentPrice": 175.5, "recommendationKey": "none", "totalCash": 40178622464, "totalCashPerShare": 350.735, "ebitda": 678414016, "totalDebt": 0, "totalRevenue": 11986896896, "revenuePerShare": 104.636, "grossProfits": 4490098000, "earningsGrowth": 0.957, "revenueGrowth": -0.027, "grossMargins": 0.36405, "ebitdaMargins": 0.056599997, "operatingMargins": 0.0334, "profitMargins": 0.12109, "financialCurrency": "INR"}}}