{"GSBFIN.BO": {"cashflowStatementHistory": {"cashflowStatements": [{"maxAge": 1, "endDate": "2020-03-31", "netIncome": -136856, "depreciation": 233613, "changeToNetincome": -378760, "changeToLiabilities": 720952, "changeToInventory": -45850, "changeToOperatingActivities": -14201260, "totalCashFromOperatingActivities": -13808161, "investments": 54905, "otherCashflowsFromInvestingActivities": 52, "totalCashflowsFromInvestingActivities": 54957, "netBorrowings": 12612486, "totalCashFromFinancingActivities": 12612486, "changeInCash": -1140718}, {"maxAge": 1, "endDate": "2019-03-31", "netIncome": 403941, "depreciation": 202197, "changeToNetincome": -161501, "changeToAccountReceivables": 81751, "changeToLiabilities": 3870, "changeToInventory": 1214467, "changeToOperatingActivities": -28503557, "totalCashFromOperatingActivities": -26758832, "investments": 80100, "otherCashflowsFromInvestingActivities": 375, "totalCashflowsFromInvestingActivities": 80475, "dividendsPaid": -1500000, "netBorrowings": 29897430, "otherCashflowsFromFinancingActivities": -308381, "totalCashFromFinancingActivities": 28089049, "changeInCash": 1410692}, {"maxAge": 1, "endDate": "2018-03-31", "netIncome": 3043433, "depreciation": 212187, "changeToNetincome": -686231, "changeToAccountReceivables": 1344149, "changeToLiabilities": -7202462, "changeToInventory": 7756855, "changeToOperatingActivities": -2374849, "totalCashFromOperatingActivities": 2093082, "investments": -134000, "otherCashflowsFromInvestingActivities": 4221, "totalCashflowsFromInvestingActivities": -129779, "dividendsPaid": -1500000, "netBorrowings": 52871, "otherCashflowsFromFinancingActivities": -313872, "totalCashFromFinancingActivities": -1761001, "changeInCash": 202302}, {"maxAge": 1, "endDate": "2017-03-31", "netIncome": 7161426, "depreciation": 193030, "changeToNetincome": -35265, "changeToAccountReceivables": -1326360, "changeToLiabilities": 7195533, "changeToInventory": -8986997, "changeToOperatingActivities": 747382, "totalCashFromOperatingActivities": 5518709, "capitalExpenditures": -55000, "investments": -500000, "otherCashflowsFromInvestingActivities": 1827, "totalCashflowsFromInvestingActivities": -553173, "dividendsPaid": -1500000, "netBorrowings": -5000000, "otherCashflowsFromFinancingActivities": -313872, "totalCashFromFinancingActivities": -5000000, "changeInCash": -34464}], "maxAge": 86400}, "institutionOwnership": {"maxAge": 1, "ownershipList": []}, "balanceSheetHistoryQuarterly": {"balanceSheetStatements": [{"maxAge": 1, "endDate": "2020-06-30", "totalStockholderEquity": 113260597, "netTangibleAssets": 113260597}, {"maxAge": 1, "endDate": "2020-03-31", "cash": 878198, "netReceivables": 143661011, "otherCurrentAssets": 341300, "totalCurrentAssets": 157989785, "propertyPlantEquipment": 322416, "otherAssets": 191746, "deferredLongTermAssetCharges": 191744, "totalAssets": 158503947, "accountsPayable": 9894, "otherCurrentLiab": 2150699, "otherLiab": 514905, "totalCurrentLiabilities": 44728446, "totalLiab": 45243351, "commonStock": 60000000, "retainedEarnings": 43260597, "treasuryStock": 10000000, "otherStockholderEquity": 10000000, "totalStockholderEquity": 113260597, "netTangibleAssets": 113260597}, {"maxAge": 1, "endDate": "2019-12-31"}, {"maxAge": 1, "endDate": "2019-09-30"}], "maxAge": 86400}, "indexTrend": {"maxAge": 1, "symbol": "SP5", "peRatio": 19.7411, "pegRatio": 1.34172, "estimates": [{"period": "0q", "growth": 0.549}, {"period": "+1q", "growth": 0.431}, {"period": "0y", "growth": 0.305}, {"period": "+1y", "growth": 0.109}, {"period": "+5y", "growth": 0.120859005}, {"period": "-5y"}]}, "quoteType": {"exchange": "BSE", "quoteType": "EQUITY", "symbol": "GSBFIN.BO", "underlyingSymbol": "GSBFIN.BO", "shortName": "GSB FINANCE LTD.", "longName": "GSB Finance Limited", "firstTradeDateEpochUtc": "2002-05-24 09:15:00", "timeZoneFullName": "Asia/Kolkata", "timeZoneShortName": "IST", "uuid": "56792256-b1e6-37ec-923e-04a82110f89f", "messageBoardId": null, "gmtOffSetMilliseconds": 19800000, "maxAge": 1}, "incomeStatementHistory": {"incomeStatementHistory": [{"maxAge": 1, "endDate": "2020-03-31", "totalRevenue": 17756700, "costOfRevenue": 8553361, "grossProfit": 9203339, "researchDevelopment": {}, "sellingGeneralAdministrative": 3603209, "nonRecurring": {}, "otherOperatingExpenses": 2349831, "totalOperatingExpenses": 14740014, "operatingIncome": 3016686, "totalOtherIncomeExpenseNet": -2605344, "ebit": 3016686, "interestExpense": -2608700, "incomeBeforeTax": 411342, "incomeTaxExpense": 548198, "minorityInterest": {}, "netIncomeFromContinuingOps": -136856, "discontinuedOperations": {}, "extraordinaryItems": {}, "effectOfAccountingCharges": {}, "otherItems": {}, "netIncome": -136856, "netIncomeApplicableToCommonShares": -136856}, {"maxAge": 1, "endDate": "2019-03-31", "totalRevenue": 68632920, "costOfRevenue": 61985182, "grossProfit": 6647738, "researchDevelopment": {}, "sellingGeneralAdministrative": 3004955, "nonRecurring": {}, "otherOperatingExpenses": 2667119, "totalOperatingExpenses": 67859453, "operatingIncome": 773467, "totalOtherIncomeExpenseNet": -223501, "ebit": 773467, "interestExpense": -111664, "incomeBeforeTax": 661966, "incomeTaxExpense": 258025, "minorityInterest": {}, "netIncomeFromContinuingOps": 403941, "discontinuedOperations": {}, "extraordinaryItems": {}, "effectOfAccountingCharges": {}, "otherItems": {}, "netIncome": 403941, "netIncomeApplicableToCommonShares": 403941}, {"maxAge": 1, "endDate": "2018-03-31", "totalRevenue": 132389438, "costOfRevenue": 122483926, "grossProfit": 9905512, "researchDevelopment": {}, "sellingGeneralAdministrative": 2311375, "nonRecurring": {}, "otherOperatingExpenses": 3202164, "totalOperatingExpenses": 128209652, "operatingIncome": 4179786, "totalOtherIncomeExpenseNet": -400884, "ebit": 4179786, "interestExpense": -368583, "incomeBeforeTax": 3778902, "incomeTaxExpense": 735469, "minorityInterest": {}, "netIncomeFromContinuingOps": 3043433, "discontinuedOperations": {}, "extraordinaryItems": {}, "effectOfAccountingCharges": {}, "otherItems": {}, "netIncome": 3043433, "netIncomeApplicableToCommonShares": 3043433}, {"maxAge": 1, "endDate": "2017-03-31", "totalRevenue": 103068671, "costOfRevenue": 85051596, "grossProfit": 18017075, "researchDevelopment": {}, "sellingGeneralAdministrative": 2161485, "nonRecurring": {}, "otherOperatingExpenses": 3743705, "totalOperatingExpenses": 91149816, "operatingIncome": 11918855, "totalOtherIncomeExpenseNet": -853977, "ebit": 11918855, "interestExpense": -284017, "incomeBeforeTax": 11064878, "incomeTaxExpense": 3903452, "minorityInterest": {}, "netIncomeFromContinuingOps": 7161426, "discontinuedOperations": {}, "extraordinaryItems": {}, "effectOfAccountingCharges": {}, "otherItems": {}, "netIncome": 7161426, "netIncomeApplicableToCommonShares": 7161426}], "maxAge": 86400}, "fundOwnership": {"maxAge": 1, "ownershipList": []}, "summaryDetail": {"maxAge": 1, "priceHint": 2, "previousClose": 10.03, "open": 10.53, "dayLow": 9.53, "dayHigh": 10.53, "regularMarketPreviousClose": 10.03, "regularMarketOpen": 10.53, "regularMarketDayLow": 9.53, "regularMarketDayHigh": 10.53, "volume": 724, "regularMarketVolume": 724, "averageVolume": 125, "averageVolume10days": 33, "averageDailyVolume10Day": 33, "bid": 0.0, "ask": 10.53, "bidSize": 0, "askSize": 0, "marketCap": 63180000, "fiftyTwoWeekLow": 4.51, "fiftyTwoWeekHigh": 10.53, "fiftyDayAverage": 5.974571, "twoHundredDayAverage": 5.4852176, "trailingAnnualDividendRate": 0.25, "trailingAnnualDividendYield": 0.024925224, "currency": "INR", "fromCurrency": null, "toCurrency": null, "lastMarket": null, "algorithm": null, "tradeable": false}, "incomeStatementHistoryQuarterly": {"incomeStatementHistory": [{"maxAge": 1, "endDate": "2020-06-30", "totalRevenue": 3983000, "costOfRevenue": 0, "grossProfit": 3983000, "researchDevelopment": {}, "sellingGeneralAdministrative": 885000, "nonRecurring": {}, "otherOperatingExpenses": 674000, "totalOperatingExpenses": 1610000, "operatingIncome": 2373000, "totalOtherIncomeExpenseNet": -1210000, "ebit": 2373000, "interestExpense": -1210000, "incomeBeforeTax": 1163000, "incomeTaxExpense": 291000, "minorityInterest": {}, "netIncomeFromContinuingOps": 872000, "discontinuedOperations": {}, "extraordinaryItems": {}, "effectOfAccountingCharges": {}, "otherItems": {}, "netIncome": 872000, "netIncomeApplicableToCommonShares": 872000}, {"maxAge": 1, "endDate": "2020-03-31", "totalRevenue": 523700, "costOfRevenue": 2090361, "grossProfit": -1566661, "researchDevelopment": {}, "sellingGeneralAdministrative": 1542209, "nonRecurring": {}, "otherOperatingExpenses": 657831, "totalOperatingExpenses": 4394014, "operatingIncome": -3870314, "totalOtherIncomeExpenseNet": -462344, "ebit": -3870314, "interestExpense": -464700, "incomeBeforeTax": -4332658, "incomeTaxExpense": -671802, "minorityInterest": {}, "netIncomeFromContinuingOps": -3660856, "discontinuedOperations": {}, "extraordinaryItems": {}, "effectOfAccountingCharges": {}, "otherItems": {}, "netIncome": -3660856, "netIncomeApplicableToCommonShares": -3660856}, {"maxAge": 1, "endDate": "2019-12-31", "totalRevenue": 10007000, "costOfRevenue": 6425000, "grossProfit": 3582000, "researchDevelopment": {}, "sellingGeneralAdministrative": 841000, "nonRecurring": {}, "otherOperatingExpenses": 528000, "totalOperatingExpenses": 7822000, "operatingIncome": 2185000, "totalOtherIncomeExpenseNet": -662000, "ebit": 2185000, "interestExpense": -662000, "incomeBeforeTax": 1523000, "incomeTaxExpense": 360000, "minorityInterest": {}, "netIncomeFromContinuingOps": 1163000, "discontinuedOperations": {}, "extraordinaryItems": {}, "effectOfAccountingCharges": {}, "otherItems": {}, "netIncome": 1163000, "netIncomeApplicableToCommonShares": 1163000}, {"maxAge": 1, "endDate": "2019-09-30", "totalRevenue": 3650000, "costOfRevenue": -4000, "grossProfit": 3654000, "researchDevelopment": {}, "sellingGeneralAdministrative": 532000, "nonRecurring": {}, "otherOperatingExpenses": 286000, "totalOperatingExpenses": 865000, "operatingIncome": 2785000, "totalOtherIncomeExpenseNet": -671000, "ebit": 2785000, "interestExpense": -672000, "incomeBeforeTax": 2114000, "incomeTaxExpense": 570000, "minorityInterest": {}, "netIncomeFromContinuingOps": 1544000, "discontinuedOperations": {}, "extraordinaryItems": {}, "effectOfAccountingCharges": {}, "otherItems": {}, "netIncome": 1544000, "netIncomeApplicableToCommonShares": 1544000}], "maxAge": 86400}, "cashflowStatementHistoryQuarterly": {"cashflowStatements": [{"maxAge": 1, "endDate": "2020-06-30", "netIncome": 872000, "changeToLiabilities": 0}, {"maxAge": 1, "endDate": "2020-03-31", "netIncome": -3660856, "changeToLiabilities": 0}, {"maxAge": 1, "endDate": "2019-12-31", "netIncome": 1163000, "changeToLiabilities": 0}, {"maxAge": 1, "endDate": "2019-09-30", "netIncome": 1544000, "changeToLiabilities": 0}], "maxAge": 86400}, "insiderHolders": {"holders": [], "maxAge": 1}, "calendarEvents": {"maxAge": 1, "earnings": {"earningsDate": []}}, "price": {"maxAge": 1, "regularMarketChangePercent": 0.04985045, "regularMarketChange": 0.5, "regularMarketTime": "2021-04-30 15:15:00", "priceHint": 2, "regularMarketPrice": 10.53, "regularMarketDayHigh": 10.53, "regularMarketDayLow": 9.53, "regularMarketVolume": 724, "averageDailyVolume10Day": 33, "averageDailyVolume3Month": 125, "regularMarketPreviousClose": 10.03, "regularMarketSource": "FREE_REALTIME", "regularMarketOpen": 10.53, "exchange": "BSE", "exchangeName": "BSE", "exchangeDataDelayedBy": 0, "marketState": "CLOSED", "quoteType": "EQUITY", "symbol": "GSBFIN.BO", "underlyingSymbol": null, "shortName": "GSB FINANCE LTD.", "longName": "GSB Finance Limited", "currency": "INR", "quoteSourceName": "Delayed Quote", "currencySymbol": "\u20b9", "fromCurrency": null, "toCurrency": null, "lastMarket": null, "marketCap": 63180000}, "balanceSheetHistory": {"balanceSheetStatements": [{"maxAge": 1, "endDate": "2020-03-31", "cash": 878198, "netReceivables": 143661011, "otherCurrentAssets": 341300, "totalCurrentAssets": 157989785, "propertyPlantEquipment": 322416, "otherAssets": 191746, "deferredLongTermAssetCharges": 191744, "totalAssets": 158503947, "accountsPayable": 9894, "otherCurrentLiab": 2150699, "otherLiab": 514905, "totalCurrentLiabilities": 44728446, "totalLiab": 45243351, "commonStock": 60000000, "retainedEarnings": 43260597, "treasuryStock": 10000000, "otherStockholderEquity": 10000000, "totalStockholderEquity": 113260597, "netTangibleAssets": 113260597}, {"maxAge": 1, "endDate": "2019-03-31", "cash": 2018917, "netReceivables": 128585113, "otherCurrentAssets": 341300, "totalCurrentAssets": 143953851, "propertyPlantEquipment": 556029, "otherAssets": 153002, "deferredLongTermAssetCharges": 153001, "totalAssets": 144662882, "accountsPayable": 3870, "otherCurrentLiab": 1003195, "longTermDebt": 29950000, "otherLiab": 302998, "totalCurrentLiabilities": 30962432, "totalLiab": 31265430, "commonStock": 60000000, "retainedEarnings": 43397453, "treasuryStock": 10000000, "otherStockholderEquity": 10000000, "totalStockholderEquity": 113397453, "netTangibleAssets": 113397453}, {"maxAge": 1, "endDate": "2018-03-31", "cash": 608225, "netReceivables": 100331327, "otherCurrentAssets": 341300, "totalCurrentAssets": 115583940, "propertyPlantEquipment": 758227, "totalAssets": 116342167, "otherCurrentLiab": 1106341, "otherLiab": 381062, "totalCurrentLiabilities": 1159212, "totalLiab": 1540274, "commonStock": 60000000, "retainedEarnings": 44801893, "treasuryStock": 10000000, "otherStockholderEquity": 10000000, "totalStockholderEquity": 114801893, "netTangibleAssets": 114801893}, {"maxAge": 1, "endDate": "2017-03-31", "cash": 405924, "netReceivables": 101054140, "otherCurrentAssets": 5000, "totalCurrentAssets": 122890007, "propertyPlantEquipment": 836414, "totalAssets": 123726421, "accountsPayable": 7202462, "otherCurrentLiab": 2515164, "otherLiab": 468764, "totalCurrentLiabilities": 9717626, "totalLiab": 10186390, "commonStock": 60000000, "retainedEarnings": 43540031, "treasuryStock": 10000000, "otherStockholderEquity": 10000000, "totalStockholderEquity": 113540031, "netTangibleAssets": 113540031}], "maxAge": 86400}, "financialData": {"maxAge": 86400, "currentPrice": 10.53, "recommendationKey": "none", "grossProfits": 9203339, "financialCurrency": "INR"}}}