{"GSCLCEMENT.BO": {"recommendationTrend": {"trend": [{"period": "0m", "strongBuy": 0, "buy": 0, "hold": 0, "sell": 0, "strongSell": 0}, {"period": "-1m", "strongBuy": 0, "buy": 0, "hold": 0, "sell": 0, "strongSell": 0}, {"period": "-2m", "strongBuy": 0, "buy": 0, "hold": 0, "sell": 0, "strongSell": 0}, {"period": "-3m", "strongBuy": 0, "buy": 0, "hold": 0, "sell": 0, "strongSell": 0}], "maxAge": 86400}, "cashflowStatementHistory": {"cashflowStatements": [{"maxAge": 1, "endDate": "2020-03-31", "netIncome": 448394000, "depreciation": 107255000, "changeToNetincome": 153761000, "changeToAccountReceivables": -75376000, "changeToLiabilities": -204309000, "changeToInventory": -49387000, "changeToOperatingActivities": 43997000, "totalCashFromOperatingActivities": 425071000, "capitalExpenditures": -107174000, "otherCashflowsFromInvestingActivities": 24060000, "totalCashflowsFromInvestingActivities": -78098000, "dividendsPaid": -87425000, "netBorrowings": -106378000, "otherCashflowsFromFinancingActivities": -154173000, "totalCashFromFinancingActivities": -336389000, "changeInCash": 10584000, "issuanceOfStock": 11587000}, {"maxAge": 1, "endDate": "2019-03-31", "netIncome": -58661000, "depreciation": 97426000, "changeToNetincome": -27634000, "changeToAccountReceivables": -16719000, "changeToLiabilities": 87196000, "changeToInventory": -119234000, "changeToOperatingActivities": 13891000, "totalCashFromOperatingActivities": -23279000, "capitalExpenditures": -90365000, "otherCashflowsFromInvestingActivities": 13660000, "totalCashflowsFromInvestingActivities": -55133000, "dividendsPaid": -87425000, "netBorrowings": 65027000, "otherCashflowsFromFinancingActivities": -61104000, "totalCashFromFinancingActivities": 11522000, "changeInCash": -66890000, "issuanceOfStock": 7599000}, {"maxAge": 1, "endDate": "2018-03-31", "netIncome": 449295000, "depreciation": 94065000, "changeToNetincome": -169642000, "changeToAccountReceivables": -30348000, "changeToLiabilities": -103205000, "changeToInventory": 101782000, "changeToOperatingActivities": 19275000, "totalCashFromOperatingActivities": 362212000, "capitalExpenditures": -457935000, "investments": 39001000, "otherCashflowsFromInvestingActivities": 14158000, "totalCashflowsFromInvestingActivities": -397694000, "dividendsPaid": -87425000, "netBorrowings": 133957000, "otherCashflowsFromFinancingActivities": -38099000, "totalCashFromFinancingActivities": 95858000, "changeInCash": 60376000, "issuanceOfStock": 7599000}, {"maxAge": 1, "endDate": "2017-03-31", "netIncome": -310379000, "depreciation": 92441000, "changeToNetincome": -42497000, "changeToAccountReceivables": 35402000, "changeToLiabilities": 429810000, "changeToInventory": -35146000, "changeToOperatingActivities": 31637000, "totalCashFromOperatingActivities": 202717000, "capitalExpenditures": -325435000, "investments": 39001000, "otherCashflowsFromInvestingActivities": 14158000, "totalCashflowsFromInvestingActivities": -306517000, "dividendsPaid": -1000, "netBorrowings": 97311000, "otherCashflowsFromFinancingActivities": -12120000, "totalCashFromFinancingActivities": 85190000, "changeInCash": -18611000, "issuanceOfStock": 7599000}], "maxAge": 86400}, "institutionOwnership": {"ownershipList": [], "maxAge": 1}, "balanceSheetHistoryQuarterly": {"balanceSheetStatements": [{"maxAge": 1, "endDate": "2020-06-30", "totalStockholderEquity": 3756337000, "netTangibleAssets": 3755014000}, {"maxAge": 1, "endDate": "2020-03-31", "cash": 38685000, "shortTermInvestments": 60776000, "netReceivables": 234491000, "inventory": 627687000, "otherCurrentAssets": 499516000, "totalCurrentAssets": 1474099000, "longTermInvestments": 385479000, "propertyPlantEquipment": 4204811000, "intangibleAssets": 1323000, "otherAssets": 99060000, "totalAssets": 6164772000, "accountsPayable": 616026000, "shortLongTermDebt": 88941000, "otherCurrentLiab": 321000000, "longTermDebt": 209620000, "otherLiab": 572806000, "totalCurrentLiabilities": 1606576000, "totalLiab": 2408435000, "commonStock": 874254000, "retainedEarnings": 2797137000, "treasuryStock": 53862000, "capitalSurplus": 31084000, "otherStockholderEquity": 53862000, "totalStockholderEquity": 3756337000, "netTangibleAssets": 3755014000}, {"maxAge": 1, "endDate": "2019-12-31", "totalStockholderEquity": 3740644000, "netTangibleAssets": 3739156000}, {"maxAge": 1, "endDate": "2019-09-30", "cash": 524686000, "netReceivables": 226571000, "inventory": 949354000, "otherCurrentAssets": 48958000, "totalCurrentAssets": 1749569000, "longTermInvestments": 517633000, "propertyPlantEquipment": 4209179000, "intangibleAssets": 1488000, "otherAssets": 65176000, "totalAssets": 6543045000, "accountsPayable": 887090000, "otherCurrentLiab": 866937000, "longTermDebt": 243392000, "otherLiab": 535069000, "totalCurrentLiabilities": 2023940000, "totalLiab": 2802401000, "commonStock": 874643000, "treasuryStock": 2866001000, "otherStockholderEquity": 2866001000, "totalStockholderEquity": 3740644000, "netTangibleAssets": 3739156000}], "maxAge": 86400}, "earningsHistory": {"history": [{"maxAge": 1, "epsActual": {}, "epsEstimate": {}, "epsDifference": {}, "surprisePercent": {}, "quarter": {}, "period": "-4q"}, {"maxAge": 1, "epsActual": {}, "epsEstimate": {}, "epsDifference": {}, "surprisePercent": {}, "quarter": {}, "period": "-3q"}, {"maxAge": 1, "epsActual": {}, "epsEstimate": {}, "epsDifference": {}, "surprisePercent": {}, "quarter": {}, "period": "-2q"}, {"maxAge": 1, "epsActual": {}, "epsEstimate": {}, "epsDifference": {}, "surprisePercent": {}, "quarter": {}, "period": "-1q"}], "maxAge": 86400}, "indexTrend": {"maxAge": 1, "symbol": "SP5", "peRatio": 19.7411, "pegRatio": 1.34172, "estimates": [{"period": "0q", "growth": 0.549}, {"period": "+1q", "growth": 0.431}, {"period": "0y", "growth": 0.305}, {"period": "+1y", "growth": 0.109}, {"period": "+5y", "growth": 0.120865}, {"period": "-5y"}]}, "industryTrend": {"maxAge": 1, "symbol": null, "estimates": []}, "insiderTransactions": {"transactions": [{"maxAge": 1, "shares": 200000, "filerUrl": "", "transactionText": "", "filerName": "Mehta (Juhi Chawla)", "filerRelation": "Promoter", "moneyText": "", "startDate": "2016-10-18", "ownership": "D"}, {"maxAge": 1, "shares": 6189524, "filerUrl": "", "transactionText": "", "filerName": "Gujarat Industrial Investment Corporation, Ltd.", "filerRelation": "Promoter", "moneyText": "", "startDate": "2013-05-29", "ownership": "D"}, {"maxAge": 1, "shares": 500868, "filerUrl": "", "transactionText": "", "filerName": "ADM Maculus Fund II L P", "filerRelation": "Hedge Fund Company", "moneyText": "", "startDate": "2011-05-11", "ownership": "D"}, {"maxAge": 1, "shares": 500000, "filerUrl": "", "transactionText": "", "filerName": "ADM Maculus Fund II L P", "filerRelation": "Hedge Fund Company", "moneyText": "", "startDate": "2011-05-11", "ownership": "D"}, {"maxAge": 1, "shares": 500000, "filerUrl": "", "transactionText": "", "filerName": "ADM Maculus Fund II L P", "filerRelation": "Hedge Fund Company", "moneyText": "", "startDate": "2011-02-22", "ownership": "D"}, {"maxAge": 1, "shares": 560980, "filerUrl": "", "transactionText": "", "filerName": "ADM Maculus Fund II L P", "filerRelation": "Hedge Fund Company", "moneyText": "", "startDate": "2011-02-21", "ownership": "D"}, {"maxAge": 1, "shares": 60980, "filerUrl": "", "transactionText": "", "filerName": "ADM Maculus Fund II L P", "filerRelation": "Hedge Fund Company", "moneyText": "", "startDate": "2010-11-12", "ownership": "D"}, {"maxAge": 1, "shares": 136312, "filerUrl": "", "transactionText": "", "filerName": "ADM Maculus Fund II L P", "filerRelation": "Hedge Fund Company", "moneyText": "", "startDate": "2010-11-12", "ownership": "D"}, {"maxAge": 1, "shares": 221605, "filerUrl": "", "transactionText": "", "filerName": "ADM Maculus Fund II L P", "filerRelation": "Hedge Fund Company", "moneyText": "", "startDate": "2010-11-11", "ownership": "D"}, {"maxAge": 1, "shares": 262495, "filerUrl": "", "transactionText": "", "filerName": "ADM Maculus Fund II L P", "filerRelation": "Hedge Fund Company", "moneyText": "", "startDate": "2010-11-11", "ownership": "D"}, {"maxAge": 1, "shares": 720000, "filerUrl": "", "transactionText": "", "filerName": "ADM Maculus Fund II L P", "filerRelation": "Hedge Fund Company", "moneyText": "", "startDate": "2010-11-03", "ownership": "D"}, {"maxAge": 1, "shares": 1369762, "filerUrl": "", "transactionText": "", "filerName": "ADM Maculus Fund II L P", "filerRelation": "Hedge Fund Company", "moneyText": "", "startDate": "2010-11-03", "ownership": "D"}, {"maxAge": 1, "shares": 649762, "filerUrl": "", "transactionText": "", "filerName": "ADM Maculus Fund II L P", "filerRelation": "Hedge Fund Company", "moneyText": "", "startDate": "2010-11-02", "ownership": "D"}, {"maxAge": 1, "shares": 1369762, "filerUrl": "", "transactionText": "", "filerName": "ADM Maculus Fund II L P", "filerRelation": "Hedge Fund Company", "moneyText": "", "startDate": "2010-11-02", "ownership": "D"}, {"maxAge": 1, "shares": 10000, "filerUrl": "", "transactionText": "", "filerName": "ADM Maculus Fund II L P", "filerRelation": "Hedge Fund Company", "moneyText": "", "startDate": "2010-10-22", "ownership": "D"}], "maxAge": 1}, "quoteType": {"exchange": "BSE", "quoteType": "EQUITY", "symbol": "GSCLCEMENT.BO", "underlyingSymbol": "GSCLCEMENT.BO", "shortName": "GUJARAT SIDHEE CEMENT LTD.", "longName": "Gujarat Sidhee Cement Limited", "firstTradeDateEpochUtc": "2000-05-04 09:15:00", "timeZoneFullName": "Asia/Kolkata", "timeZoneShortName": "IST", "uuid": "4d692c76-d87e-36dc-a160-66bf9b77e525", "gmtOffSetMilliseconds": 19800000, "maxAge": 1}, "incomeStatementHistory": {"incomeStatementHistory": [{"maxAge": 1, "endDate": "2020-03-31", "totalRevenue": 5847567000, "costOfRevenue": 1002597000, "grossProfit": 4844970000, "researchDevelopment": {}, "sellingGeneralAdministrative": 545096000, "nonRecurring": {}, "otherOperatingExpenses": 3502817000, "totalOperatingExpenses": 5157918000, "operatingIncome": 689649000, "totalOtherIncomeExpenseNet": -15941000, "ebit": 689649000, "interestExpense": -67343000, "incomeBeforeTax": 673708000, "incomeTaxExpense": 225314000, "minorityInterest": {}, "netIncomeFromContinuingOps": 448394000, "discontinuedOperations": {}, "extraordinaryItems": {}, "effectOfAccountingCharges": {}, "otherItems": {}, "netIncome": 448394000, "netIncomeApplicableToCommonShares": 448394000}, {"maxAge": 1, "endDate": "2019-03-31", "totalRevenue": 5632367000, "costOfRevenue": 1150437000, "grossProfit": 4481930000, "researchDevelopment": {}, "sellingGeneralAdministrative": 522185000, "nonRecurring": {}, "otherOperatingExpenses": 3989847000, "totalOperatingExpenses": 5759935000, "operatingIncome": -127568000, "totalOtherIncomeExpenseNet": 13432000, "ebit": -127568000, "interestExpense": -64033000, "incomeBeforeTax": -114136000, "incomeTaxExpense": -55475000, "minorityInterest": {}, "netIncomeFromContinuingOps": -58661000, "discontinuedOperations": {}, "extraordinaryItems": {}, "effectOfAccountingCharges": {}, "otherItems": {}, "netIncome": -58661000, "netIncomeApplicableToCommonShares": -58661000}, {"maxAge": 1, "endDate": "2018-03-31", "totalRevenue": 5363472000, "costOfRevenue": 1046557000, "grossProfit": 4316915000, "researchDevelopment": {}, "sellingGeneralAdministrative": 463165000, "nonRecurring": {}, "otherOperatingExpenses": 3455515000, "totalOperatingExpenses": 5060497000, "operatingIncome": 302975000, "totalOtherIncomeExpenseNet": 135097000, "ebit": 302975000, "interestExpense": -34001000, "incomeBeforeTax": 438072000, "incomeTaxExpense": -11223000, "minorityInterest": {}, "netIncomeFromContinuingOps": 449295000, "discontinuedOperations": {}, "extraordinaryItems": {}, "effectOfAccountingCharges": {}, "otherItems": {}, "netIncome": 449295000, "netIncomeApplicableToCommonShares": 449295000}, {"maxAge": 1, "endDate": "2017-03-31", "totalRevenue": 4343909000, "costOfRevenue": 1106995000, "grossProfit": 3236914000, "researchDevelopment": {}, "sellingGeneralAdministrative": 456675000, "nonRecurring": {}, "otherOperatingExpenses": 3046650000, "totalOperatingExpenses": 4704792000, "operatingIncome": -360883000, "totalOtherIncomeExpenseNet": 34495000, "ebit": -360883000, "interestExpense": -39511000, "incomeBeforeTax": -326388000, "incomeTaxExpense": -16009000, "minorityInterest": {}, "netIncomeFromContinuingOps": -310379000, "discontinuedOperations": {}, "extraordinaryItems": {}, "effectOfAccountingCharges": {}, "otherItems": {}, "netIncome": -310379000, "netIncomeApplicableToCommonShares": -310379000}], "maxAge": 86400}, "fundOwnership": {"ownershipList": [], "maxAge": 1}, "summaryDetail": {"maxAge": 1, "priceHint": 2, "previousClose": 34.45, "open": 34.5, "dayLow": 34.5, "dayHigh": 35.75, "regularMarketPreviousClose": 34.45, "regularMarketOpen": 34.5, "regularMarketDayLow": 34.5, "regularMarketDayHigh": 35.75, "trailingPE": 8.491023, "volume": 17388, "regularMarketVolume": 17388, "averageVolume": 78484, "averageVolume10days": 36350, "averageDailyVolume10Day": 36350, "bid": 34.75, "ask": 0.0, "bidSize": 0, "askSize": 0, "marketCap": 3083811328, "fiftyTwoWeekLow": 13.1, "fiftyTwoWeekHigh": 45.45, "fiftyDayAverage": 38.592422, "twoHundredDayAverage": 32.486397, "trailingAnnualDividendRate": 1.0, "trailingAnnualDividendYield": 0.029027576, "currency": "INR", "fromCurrency": null, "lastMarket": null, "algorithm": null, "tradeable": false}, "sectorTrend": {"maxAge": 1, "symbol": null, "estimates": []}, "incomeStatementHistoryQuarterly": {"incomeStatementHistory": [{"maxAge": 1, "endDate": "2020-06-30", "totalRevenue": 895897000, "costOfRevenue": 117248000, "grossProfit": 778649000, "researchDevelopment": {}, "sellingGeneralAdministrative": 88387000, "nonRecurring": {}, "otherOperatingExpenses": 578493000, "totalOperatingExpenses": 810643000, "operatingIncome": 85254000, "totalOtherIncomeExpenseNet": -12319000, "ebit": 85254000, "interestExpense": -12319000, "incomeBeforeTax": 72935000, "incomeTaxExpense": 23047000, "minorityInterest": {}, "netIncomeFromContinuingOps": 49888000, "discontinuedOperations": {}, "extraordinaryItems": {}, "effectOfAccountingCharges": {}, "otherItems": {}, "netIncome": 49888000, "netIncomeApplicableToCommonShares": 49888000}, {"maxAge": 1, "endDate": "2020-03-31", "totalRevenue": 1657491000, "costOfRevenue": 450681000, "grossProfit": 1206810000, "researchDevelopment": {}, "sellingGeneralAdministrative": 226688000, "nonRecurring": {}, "otherOperatingExpenses": 742115000, "totalOperatingExpenses": 1446586000, "operatingIncome": 210905000, "totalOtherIncomeExpenseNet": 34195000, "ebit": 210905000, "interestExpense": -17207000, "incomeBeforeTax": 245100000, "incomeTaxExpense": 82307000, "minorityInterest": {}, "netIncomeFromContinuingOps": 162793000, "discontinuedOperations": {}, "extraordinaryItems": {}, "effectOfAccountingCharges": {}, "otherItems": {}, "netIncome": 162793000, "netIncomeApplicableToCommonShares": 162793000}, {"maxAge": 1, "endDate": "2019-12-31", "totalRevenue": 1503865000, "costOfRevenue": 325444000, "grossProfit": 1178421000, "researchDevelopment": {}, "sellingGeneralAdministrative": 108819000, "nonRecurring": {}, "otherOperatingExpenses": 924122000, "totalOperatingExpenses": 1389084000, "operatingIncome": 114781000, "totalOtherIncomeExpenseNet": -17630000, "ebit": 114781000, "interestExpense": -17630000, "incomeBeforeTax": 97151000, "incomeTaxExpense": 30110000, "minorityInterest": {}, "netIncomeFromContinuingOps": 67041000, "discontinuedOperations": {}, "extraordinaryItems": {}, "effectOfAccountingCharges": {}, "otherItems": {}, "netIncome": 67041000, "netIncomeApplicableToCommonShares": 67041000}, {"maxAge": 1, "endDate": "2019-09-30", "totalRevenue": 1153753000, "costOfRevenue": 46858000, "grossProfit": 1106895000, "researchDevelopment": {}, "sellingGeneralAdministrative": 103068000, "nonRecurring": {}, "otherOperatingExpenses": 837293000, "totalOperatingExpenses": 1012488000, "operatingIncome": 141265000, "totalOtherIncomeExpenseNet": -16071000, "ebit": 141265000, "interestExpense": -16071000, "incomeBeforeTax": 125194000, "incomeTaxExpense": 42674000, "minorityInterest": {}, "netIncomeFromContinuingOps": 82520000, "discontinuedOperations": {}, "extraordinaryItems": {}, "effectOfAccountingCharges": {}, "otherItems": {}, "netIncome": 82520000, "netIncomeApplicableToCommonShares": 82520000}], "maxAge": 86400}, "cashflowStatementHistoryQuarterly": {"cashflowStatements": [{"maxAge": 1, "endDate": "2020-06-30", "netIncome": 49888000, "changeToLiabilities": 0}, {"maxAge": 1, "endDate": "2020-03-31", "netIncome": 162793000, "changeToLiabilities": 0}, {"maxAge": 1, "endDate": "2019-12-31", "netIncome": 67041000, "changeToLiabilities": 0}, {"maxAge": 1, "endDate": "2019-09-30", "netIncome": 82520000, "changeToLiabilities": 0}], "maxAge": 86400}, "insiderHolders": {"holders": [{"maxAge": 1, "name": "ADM Maculus Fund II L P", "relation": "Hedge Fund Company", "url": "", "transactionDescription": "Sale", "latestTransDate": "2011-05-11", "positionDirect": 7058958, "positionDirectDate": "2011-05-11"}, {"maxAge": 1, "name": "Gujarat Industrial Investment Corporation, Ltd.", "relation": "Promoter", "url": "", "transactionDescription": "Sale", "latestTransDate": "2013-05-29", "positionDirect": 2063174, "positionDirectDate": "2013-05-29"}, {"maxAge": 1, "name": "Mehta (Juhi Chawla)", "relation": "Promoter", "url": "", "transactionDescription": "Sale", "latestTransDate": "2016-10-18", "positionDirect": 78600, "positionDirectDate": "2016-10-18"}], "maxAge": 1}, "earnings": {"maxAge": 86400, "earningsChart": {"quarterly": [], "earningsDate": []}, "financialsChart": {"yearly": [{"date": 2017, "revenue": 4343909000, "earnings": -310379000}, {"date": 2018, "revenue": 5363472000, "earnings": 449295000}, {"date": 2019, "revenue": 5632367000, "earnings": -58661000}, {"date": 2020, "revenue": 5847567000, "earnings": 448394000}], "quarterly": [{"date": "3Q2019", "revenue": 1153753000, "earnings": 82520000}, {"date": "4Q2019", "revenue": 1503865000, "earnings": 67041000}, {"date": "1Q2020", "revenue": 1657491000, "earnings": 162793000}, {"date": "2Q2020", "revenue": 895897000, "earnings": 49888000}]}, "financialCurrency": "INR"}, "calendarEvents": {"maxAge": 1, "earnings": {"earningsDate": []}}, "upgradeDowngradeHistory": {"history": [], "maxAge": 86400}, "price": {"maxAge": 1, "regularMarketChangePercent": 0.015965145, "regularMarketChange": 0.54999924, "regularMarketTime": "2021-04-30 15:57:46", "priceHint": 2, "regularMarketPrice": 35.0, "regularMarketDayHigh": 35.75, "regularMarketDayLow": 34.5, "regularMarketVolume": 17388, "averageDailyVolume10Day": 36350, "averageDailyVolume3Month": 78484, "regularMarketPreviousClose": 34.45, "regularMarketSource": "FREE_REALTIME", "regularMarketOpen": 34.5, "exchange": "BSE", "exchangeName": "BSE", "exchangeDataDelayedBy": 0, "marketState": "CLOSED", "quoteType": "EQUITY", "symbol": "GSCLCEMENT.BO", "underlyingSymbol": null, "shortName": "GUJARAT SIDHEE CEMENT LTD.", "longName": "Gujarat Sidhee Cement Limited", "currency": "INR", "quoteSourceName": "Delayed Quote", "currencySymbol": "\u20b9", "fromCurrency": null, "lastMarket": null, "marketCap": 3083811328}, "balanceSheetHistory": {"balanceSheetStatements": [{"maxAge": 1, "endDate": "2020-03-31", "cash": 38685000, "shortTermInvestments": 60776000, "netReceivables": 234491000, "inventory": 627687000, "otherCurrentAssets": 499516000, "totalCurrentAssets": 1474099000, "longTermInvestments": 385479000, "propertyPlantEquipment": 4204811000, "intangibleAssets": 1323000, "otherAssets": 99060000, "totalAssets": 6164772000, "accountsPayable": 616026000, "shortLongTermDebt": 88941000, "otherCurrentLiab": 321000000, "longTermDebt": 209620000, "otherLiab": 572806000, "totalCurrentLiabilities": 1606576000, "totalLiab": 2408435000, "commonStock": 874254000, "retainedEarnings": 2797137000, "treasuryStock": 53862000, "capitalSurplus": 31084000, "otherStockholderEquity": 53862000, "totalStockholderEquity": 3756337000, "netTangibleAssets": 3755014000}, {"maxAge": 1, "endDate": "2019-03-31", "cash": 28101000, "shortTermInvestments": 12569000, "netReceivables": 156858000, "inventory": 578300000, "otherCurrentAssets": 459901000, "totalCurrentAssets": 1246155000, "longTermInvestments": 649941000, "propertyPlantEquipment": 4184888000, "intangibleAssets": 1289000, "otherAssets": 118217000, "totalAssets": 6200490000, "accountsPayable": 860728000, "shortLongTermDebt": 76743000, "otherCurrentLiab": 270758000, "longTermDebt": 251123000, "otherLiab": 464424000, "totalCurrentLiabilities": 1839266000, "totalLiab": 2554813000, "commonStock": 869128000, "retainedEarnings": 2457474000, "treasuryStock": 300740000, "capitalSurplus": 18335000, "otherStockholderEquity": 300740000, "totalStockholderEquity": 3645677000, "netTangibleAssets": 3644388000}, {"maxAge": 1, "endDate": "2018-03-31", "cash": 94991000, "shortTermInvestments": 688000, "netReceivables": 139761000, "inventory": 459066000, "otherCurrentAssets": 378349000, "totalCurrentAssets": 1080656000, "longTermInvestments": 949893000, "propertyPlantEquipment": 4215060000, "intangibleAssets": 544000, "otherAssets": 177505000, "totalAssets": 6423658000, "accountsPayable": 715102000, "shortLongTermDebt": 81043000, "otherCurrentLiab": 355817000, "longTermDebt": 325915000, "otherLiab": 521664000, "totalCurrentLiabilities": 1626073000, "totalLiab": 2473652000, "commonStock": 861539000, "retainedEarnings": 2520469000, "treasuryStock": 567998000, "otherStockholderEquity": 567998000, "totalStockholderEquity": 3950006000, "netTangibleAssets": 3949462000}, {"maxAge": 1, "endDate": "2017-03-31", "cash": 34615000, "netReceivables": 108540000, "inventory": 572041000, "otherCurrentAssets": 384126000, "totalCurrentAssets": 1103255000, "longTermInvestments": 1017969000, "propertyPlantEquipment": 3794676000, "intangibleAssets": 1603000, "otherAssets": 212166000, "totalAssets": 6129669000, "accountsPayable": 902190000, "shortLongTermDebt": 10270000, "otherCurrentLiab": 233645000, "longTermDebt": 129306000, "otherLiab": 549185000, "totalCurrentLiabilities": 1821871000, "totalLiab": 2500362000, "commonStock": 861539000, "retainedEarnings": 2070347000, "treasuryStock": 697421000, "otherStockholderEquity": 697421000, "totalStockholderEquity": 3629307000, "netTangibleAssets": 3627704000}], "maxAge": 86400}, "earningsTrend": {"trend": [{"maxAge": 1, "period": "0q", "endDate": null, "growth": {}, "earningsEstimate": {"avg": 0.0, "low": 0.0, "high": 0.0, "yearAgoEps": {}, "numberOfAnalysts": 0, "growth": {}}, "revenueEstimate": {"avg": 0, "low": 0, "high": 0, "numberOfAnalysts": 0, "yearAgoRevenue": {}, "growth": {}}, "epsTrend": {"current": 0.0, "7daysAgo": 0.0, "30daysAgo": 0.0, "60daysAgo": 0.0, "90daysAgo": 0.0}, "epsRevisions": {"upLast7days": 0, "upLast30days": 0, "downLast30days": 0, "downLast90days": {}}}, {"maxAge": 1, "period": "+1q", "endDate": null, "growth": {}, "earningsEstimate": {"avg": 0.0, "low": 0.0, "high": 0.0, "yearAgoEps": {}, "numberOfAnalysts": 0, "growth": {}}, "revenueEstimate": {"avg": 0, "low": 0, "high": 0, "numberOfAnalysts": 0, "yearAgoRevenue": {}, "growth": {}}, "epsTrend": {"current": 0.0, "7daysAgo": 0.0, "30daysAgo": 0.0, "60daysAgo": 0.0, "90daysAgo": 0.0}, "epsRevisions": {"upLast7days": 0, "upLast30days": 0, "downLast30days": 0, "downLast90days": {}}}, {"maxAge": 1, "period": "0y", "endDate": null, "growth": {}, "earningsEstimate": {"avg": 0.0, "low": 0.0, "high": 0.0, "yearAgoEps": {}, "numberOfAnalysts": 0, "growth": {}}, "revenueEstimate": {"avg": 0, "low": 0, "high": 0, "numberOfAnalysts": 0, "yearAgoRevenue": {}, "growth": {}}, "epsTrend": {"current": 0.0, "7daysAgo": 0.0, "30daysAgo": 0.0, "60daysAgo": 0.0, "90daysAgo": 0.0}, "epsRevisions": {"upLast7days": 0, "upLast30days": 0, "downLast30days": 0, "downLast90days": {}}}, {"maxAge": 1, "period": "+1y", "endDate": null, "growth": {}, "earningsEstimate": {"avg": 0.0, "low": 0.0, "high": 0.0, "yearAgoEps": {}, "numberOfAnalysts": 0, "growth": {}}, "revenueEstimate": {"avg": 0, "low": 0, "high": 0, "numberOfAnalysts": 0, "yearAgoRevenue": {}, "growth": {}}, "epsTrend": {"current": 0.0, "7daysAgo": 0.0, "30daysAgo": 0.0, "60daysAgo": 0.0, "90daysAgo": 0.0}, "epsRevisions": {"upLast7days": 0, "upLast30days": 0, "downLast30days": 0, "downLast90days": {}}}, {"maxAge": 1, "period": "+5y", "endDate": null, "growth": {}, "earningsEstimate": {"avg": {}, "low": {}, "high": {}, "yearAgoEps": {}, "numberOfAnalysts": {}, "growth": {}}, "revenueEstimate": {"avg": {}, "low": {}, "high": {}, "numberOfAnalysts": {}, "yearAgoRevenue": {}, "growth": {}}, "epsTrend": {"current": {}, "7daysAgo": {}, "30daysAgo": {}, "60daysAgo": {}, "90daysAgo": {}}, "epsRevisions": {"upLast7days": {}, "upLast30days": {}, "downLast30days": {}, "downLast90days": {}}}, {"maxAge": 1, "period": "-5y", "endDate": null, "growth": {}, "earningsEstimate": {"avg": {}, "low": {}, "high": {}, "yearAgoEps": {}, "numberOfAnalysts": {}, "growth": {}}, "revenueEstimate": {"avg": {}, "low": {}, "high": {}, "numberOfAnalysts": {}, "yearAgoRevenue": {}, "growth": {}}, "epsTrend": {"current": {}, "7daysAgo": {}, "30daysAgo": {}, "60daysAgo": {}, "90daysAgo": {}}, "epsRevisions": {"upLast7days": {}, "upLast30days": {}, "downLast30days": {}, "downLast90days": {}}}], "maxAge": 1}, "financialData": {"maxAge": 86400, "currentPrice": 35.0, "recommendationKey": "none", "grossProfits": 4844970000, "financialCurrency": "INR"}}}