{"GSFC.NS": {"assetProfile": {"address1": "P. O. Fertilizernagar", "address2": "Vadodara District", "city": "Vadodara", "zip": "391750", "country": "India", "phone": "91 26 5224 2451", "fax": "91 26 5224 0966", "website": "http://www.gsfclimited.com", "industry": "Agricultural Inputs", "sector": "Basic Materials", "longBusinessSummary": "Gujarat State Fertilizers & Chemicals Limited manufactures and sells fertilizers and industrial products in India. The company offers industrial products, such as anhydrous ammonia, argon gas, caprolactam, melamine, methanol, methyl ethyl ketoxime, nylon-6 chips, oleum, sulphuric acid, acetone cyanohydrine, anone-anol mixture, cyclohexane, cyclohexanone, hydroxylamine sulphate, methacrylic acid, methyl methacrylate, nitric acid, nylon-6 filament yarns, polymethyl methacrylate, GUJCON CRF and PRF polyamide-6 fibres, and technical grade urea. It also provides fertilizer products, including urea, ammonium sulphate, di-ammonium phosphate, ammonium phosphate sulphate, NPK, water soluble fertilizers, micro mixes, and gypsum, as well as agro products. In addition, the company is involved in the trading of chemicals, and fertilizers and agro products; and provision of agro services. Gujarat State Fertilizers & Chemicals Limited was founded in 1962 and is based in Vadodara, India.", "fullTimeEmployees": 1780, "companyOfficers": [{"maxAge": 1, "name": "Mr. Mukesh  Puri I.A.S., IAS", "title": "Managing Director", "exercisedValue": 0, "unexercisedValue": 0}, {"maxAge": 1, "name": "Mr. Vishvesh Dineshchandra Nanavaty", "age": 56, "title": "Exec. Director of Fin. & CFO", "yearBorn": 1964, "fiscalYear": 2017, "totalPay": 0, "exercisedValue": 0, "unexercisedValue": 0}, {"maxAge": 1, "name": "Mr. Samir Prabodhchandra Bhatt", "title": "Sr. VP of OP-I", "exercisedValue": 0, "unexercisedValue": 0}, {"maxAge": 1, "name": "J. P. Mandavia", "title": "VP of IR", "exercisedValue": 0, "unexercisedValue": 0}, {"maxAge": 1, "name": "Mr. Vishvesh Vyomesh Vachhrajani C.S., CS", "age": 51, "title": "Company Sec. & Sr. VP of Legal", "yearBorn": 1969, "fiscalYear": 2017, "totalPay": 0, "exercisedValue": 0, "unexercisedValue": 0}, {"maxAge": 1, "name": "Mr. Mayur  Garg", "age": 44, "title": "Sr. VP of Marketing", "yearBorn": 1976, "exercisedValue": 0, "unexercisedValue": 0}, {"maxAge": 1, "name": "Mr. Sandeep Harivadan Purohit", "title": "Sr. VP of HR", "exercisedValue": 0, "unexercisedValue": 0}, {"maxAge": 1, "name": "Mr. Ashok Kumar Jauhari", "age": 57, "title": "Sr. VP of IP", "yearBorn": 1963, "exercisedValue": 0, "unexercisedValue": 0}, {"maxAge": 1, "name": "Mr. V. B. Mishra", "title": "Chief of Safety & Fire Service", "exercisedValue": 0, "unexercisedValue": 0}, {"maxAge": 1, "name": "Mr. Dilip Natverlal Thakker", "title": "Sr. VP", "exercisedValue": 0, "unexercisedValue": 0}], "compensationAsOfEpochDate": "2017-12-31 05:30:00", "maxAge": 86400}, "recommendationTrend": {"trend": [{"period": "0m", "strongBuy": 0, "buy": 0, "hold": 0, "sell": 0, "strongSell": 0}, {"period": "-1m", "strongBuy": 3, "buy": 2, "hold": 0, "sell": 0, "strongSell": 0}, {"period": "-2m", "strongBuy": 3, "buy": 2, "hold": 0, "sell": 0, "strongSell": 0}, {"period": "-3m", "strongBuy": 3, "buy": 2, "hold": 0, "sell": 0, "strongSell": 0}], "maxAge": 86400}, "cashflowStatementHistory": {"cashflowStatements": [{"maxAge": 1, "endDate": "2020-03-31", "netIncome": 1095905000, "depreciation": 1692049000, "changeToNetincome": 577807000, "changeToAccountReceivables": -1458650000, "changeToLiabilities": -4942465000, "changeToInventory": 2815556000, "totalCashFromOperatingActivities": -166762000, "capitalExpenditures": -3017060000, "investments": 79675000, "otherCashflowsFromInvestingActivities": 368265000, "totalCashflowsFromInvestingActivities": -2569120000, "dividendsPaid": -1062544000, "netBorrowings": 4903933000, "otherCashflowsFromFinancingActivities": -1173280000, "totalCashFromFinancingActivities": 2668109000, "changeInCash": -67773000}, {"maxAge": 1, "endDate": "2019-03-31", "netIncome": 4931329000, "depreciation": 1250534000, "changeToNetincome": 944711000, "changeToAccountReceivables": 1992970000, "changeToLiabilities": 3738128000, "changeToInventory": -7821582000, "totalCashFromOperatingActivities": 5083693000, "capitalExpenditures": -2990992000, "investments": -220275000, "otherCashflowsFromInvestingActivities": 405238000, "totalCashflowsFromInvestingActivities": -2806029000, "dividendsPaid": -1060786000, "netBorrowings": -775808000, "otherCashflowsFromFinancingActivities": -586296000, "totalCashFromFinancingActivities": -2422890000, "changeInCash": -145226000}, {"maxAge": 1, "endDate": "2018-03-31", "netIncome": 4737675000, "depreciation": 1165703000, "changeToNetincome": -361217000, "changeToAccountReceivables": -2785785000, "changeToLiabilities": 2439410000, "changeToInventory": -1685059000, "totalCashFromOperatingActivities": 3575105000, "capitalExpenditures": -4991203000, "investments": -166432000, "otherCashflowsFromInvestingActivities": 310095000, "totalCashflowsFromInvestingActivities": -4844721000, "dividendsPaid": -1053622000, "netBorrowings": 2876960000, "otherCashflowsFromFinancingActivities": -495765000, "totalCashFromFinancingActivities": 1340573000, "changeInCash": 70958000, "issuanceOfStock": 13000000}, {"maxAge": 1, "endDate": "2017-03-31", "netIncome": 4244640000, "depreciation": 1007423000, "changeToNetincome": -316157000, "changeToAccountReceivables": 4883647000, "changeToLiabilities": 412206000, "changeToInventory": -1184745000, "totalCashFromOperatingActivities": 9112540000, "capitalExpenditures": -2491088000, "investments": -81600000, "otherCashflowsFromInvestingActivities": 190548000, "totalCashflowsFromInvestingActivities": -2382108000, "dividendsPaid": -1050344000, "netBorrowings": -4824035000, "otherCashflowsFromFinancingActivities": -687558000, "totalCashFromFinancingActivities": -6561937000, "changeInCash": 168495000, "issuanceOfStock": 13000000}], "maxAge": 86400}, "indexTrend": {"maxAge": 1, "symbol": "SP5", "peRatio": 19.7411, "pegRatio": 1.34172, "estimates": [{"period": "0q", "growth": 0.549}, {"period": "+1q", "growth": 0.431}, {"period": "0y", "growth": 0.305}, {"period": "+1y", "growth": 0.109}, {"period": "+5y", "growth": 0.120865}, {"period": "-5y"}]}, "defaultKeyStatistics": {"maxAge": 1, "priceHint": 2, "enterpriseValue": 40448589824, "forwardPE": 6.9807835, "profitMargins": 0.046680003, "floatShares": 220634449, "sharesOutstanding": 398478016, "heldPercentInsiders": 0.46076, "heldPercentInstitutions": 0.20652, "beta": 1.046139, "category": null, "bookValue": 191.79, "priceToBook": 0.4924657, "fundFamily": null, "legalType": null, "lastFiscalYearEnd": "2020-03-31 05:30:00", "nextFiscalYearEnd": "2022-03-31 05:30:00", "mostRecentQuarter": "2020-12-31 05:30:00", "netIncomeToCommon": 3620604928, "trailingEps": 9.088, "forwardEps": 11.28, "pegRatio": 0.92, "lastSplitFactor": "5:1", "lastSplitDate": "2012-09-20 05:30:00", "enterpriseToRevenue": 0.521, "enterpriseToEbitda": 6.156}, "industryTrend": {"maxAge": 1, "symbol": null, "estimates": []}, "quoteType": {"exchange": "NSI", "quoteType": "EQUITY", "symbol": "GSFC.NS", "underlyingSymbol": "GSFC.NS", "shortName": "GUJARAT STATE FER", "longName": "Gujarat State Fertilizers & Chemicals Limited", "firstTradeDateEpochUtc": "1996-01-01 09:15:00", "timeZoneFullName": "Asia/Kolkata", "timeZoneShortName": "IST", "uuid": "1e12da23-b672-3b71-afb9-72dac55e384d", "gmtOffSetMilliseconds": 19800000, "maxAge": 1}, "incomeStatementHistory": {"incomeStatementHistory": [{"maxAge": 1, "endDate": "2020-03-31", "totalRevenue": 77979779000, "costOfRevenue": 59698403000, "grossProfit": 18281376000, "researchDevelopment": {}, "sellingGeneralAdministrative": 7323956000, "nonRecurring": {}, "otherOperatingExpenses": 7169901000, "totalOperatingExpenses": 75901747000, "operatingIncome": 2078032000, "totalOtherIncomeExpenseNet": -668858000, "ebit": 2078032000, "interestExpense": -1099716000, "incomeBeforeTax": 1409174000, "incomeTaxExpense": 312729000, "minorityInterest": 12852000, "netIncomeFromContinuingOps": 1096445000, "discontinuedOperations": {}, "extraordinaryItems": {}, "effectOfAccountingCharges": {}, "otherItems": {}, "netIncome": 1095905000, "netIncomeApplicableToCommonShares": 1095905000}, {"maxAge": 1, "endDate": "2019-03-31", "totalRevenue": 84906734000, "costOfRevenue": 64385409000, "grossProfit": 20521325000, "researchDevelopment": {}, "sellingGeneralAdministrative": 5342441000, "nonRecurring": {}, "otherOperatingExpenses": 6774123000, "totalOperatingExpenses": 77764512000, "operatingIncome": 7142222000, "totalOtherIncomeExpenseNet": -452761000, "ebit": 7142222000, "interestExpense": -547640000, "incomeBeforeTax": 6689461000, "incomeTaxExpense": 1758142000, "minorityInterest": 12370000, "netIncomeFromContinuingOps": 4931319000, "discontinuedOperations": {}, "extraordinaryItems": {}, "effectOfAccountingCharges": {}, "otherItems": {}, "netIncome": 4931329000, "netIncomeApplicableToCommonShares": 4931329000}, {"maxAge": 1, "endDate": "2018-03-31", "totalRevenue": 62658690000, "costOfRevenue": 45527790000, "grossProfit": 17130900000, "researchDevelopment": {}, "sellingGeneralAdministrative": 5166790000, "nonRecurring": {}, "otherOperatingExpenses": 5667764000, "totalOperatingExpenses": 57556827000, "operatingIncome": 5101863000, "totalOtherIncomeExpenseNet": -172649000, "ebit": 5101863000, "interestExpense": -455182000, "incomeBeforeTax": 4929214000, "incomeTaxExpense": 192148000, "minorityInterest": 12391000, "netIncomeFromContinuingOps": 4737066000, "discontinuedOperations": {}, "extraordinaryItems": {}, "effectOfAccountingCharges": {}, "otherItems": {}, "netIncome": 4737675000, "netIncomeApplicableToCommonShares": 4737675000}, {"maxAge": 1, "endDate": "2017-03-31", "totalRevenue": 52645344000, "costOfRevenue": 36486694000, "grossProfit": 16158650000, "researchDevelopment": {}, "sellingGeneralAdministrative": 5151651000, "nonRecurring": {}, "otherOperatingExpenses": 5579237000, "totalOperatingExpenses": 48253149000, "operatingIncome": 4392195000, "totalOtherIncomeExpenseNet": -572521000, "ebit": 4392195000, "interestExpense": -600002000, "incomeBeforeTax": 3819674000, "incomeTaxExpense": -424966000, "minorityInterest": 12391000, "netIncomeFromContinuingOps": 4244640000, "discontinuedOperations": {}, "extraordinaryItems": {}, "effectOfAccountingCharges": {}, "otherItems": {}, "netIncome": 4244640000, "netIncomeApplicableToCommonShares": 4244640000}], "maxAge": 86400}, "fundOwnership": {"ownershipList": [{"maxAge": 1, "reportDate": "2021-01-31", "organization": "Fidelity Low-Priced Stock Fund", "pctHeld": 0.0715, "position": 28500000, "value": 2184525000}, {"maxAge": 1, "reportDate": "2021-01-31", "organization": "Fidelity Low Priced Stock K6 Fund", "pctHeld": 0.0057, "position": 2265887, "value": 173680238}, {"maxAge": 1, "reportDate": "2021-01-31", "organization": "DFA Investment Dimensions-DFA Emerging Mkts Value", "pctHeld": 0.0021, "position": 828894, "value": 63534725}, {"maxAge": 1, "reportDate": "2021-01-31", "organization": "DFA Emerging Markets Core Equity Portfolio", "pctHeld": 0.002, "position": 791381, "value": 60659353}, {"maxAge": 1, "reportDate": "2021-02-28", "organization": "WisdomTree Tr-WisdomTree Emerging Markets Small Cap Dividend Fund", "pctHeld": 0.0018000001, "position": 713114, "value": 63431490}, {"maxAge": 1, "reportDate": "2021-01-31", "organization": "DFA Emerging Markets Small Cap Series", "pctHeld": 0.0011, "position": 444767, "value": 34091390}, {"maxAge": 1, "reportDate": "2021-03-31", "organization": "SPDR (R) Idx Shares-SPDR (R) Emerging Markets Small Cap ETF", "pctHeld": 0.0002, "position": 88267, "value": 7176107}, {"maxAge": 1, "reportDate": "2021-01-31", "organization": "DFA T.A. World Ex U.S. Core Equity Portfolio", "pctHeld": 0.0001, "position": 40083, "value": 3072361}, {"maxAge": 1, "reportDate": "2021-01-31", "organization": "DFA Investment Dimensions-Emerging Markets Social Core Equity", "pctHeld": 0.0001, "position": 36777, "value": 2818957}, {"maxAge": 1, "reportDate": "2021-02-28", "organization": "WisdomTree Tr-WisdomTree India Earnings Fd", "pctHeld": 0.0001, "position": 23111, "value": 2055723}], "maxAge": 1}, "summaryDetail": {"maxAge": 1, "priceHint": 2, "previousClose": 94.05, "open": 93.7, "dayLow": 92.8, "dayHigh": 96.8, "regularMarketPreviousClose": 94.05, "regularMarketOpen": 93.7, "regularMarketDayLow": 92.8, "regularMarketDayHigh": 96.8, "dividendRate": 1.2, "dividendYield": 0.0128, "exDividendDate": "2020-09-14 05:30:00", "payoutRatio": 0.132, "fiveYearAvgDividendYield": 2.4, "beta": 1.046139, "trailingPE": 10.392825, "forwardPE": 8.373227, "volume": 1604230, "regularMarketVolume": 1604230, "averageVolume": 2830868, "averageVolume10days": 1750682, "averageDailyVolume10Day": 1750682, "bid": 0.0, "ask": 0.0, "bidSize": 0, "askSize": 0, "marketCap": 37636247552, "fiftyTwoWeekLow": 39.35, "fiftyTwoWeekHigh": 107.35, "priceToSalesTrailing12Months": 0.48522156, "fiftyDayAverage": 87.252945, "twoHundredDayAverage": 74.70709, "trailingAnnualDividendRate": 1.2, "trailingAnnualDividendYield": 0.0127591705, "currency": "INR", "fromCurrency": null, "lastMarket": null, "algorithm": null, "tradeable": false}, "insiderHolders": {"holders": [{"maxAge": 1, "name": "Fidelity Puritan Trust - Fidelity Low Priced Stock Fund", "relation": "Investment Advisor", "url": "", "transactionDescription": "Acquisition", "latestTransDate": "2013-11-12", "positionDirect": 28100000, "positionDirectDate": "2013-11-12"}, {"maxAge": 1, "name": "Life Insurance Corporation of India", "relation": "Institution- Corporation", "url": "", "transactionDescription": "Sale", "latestTransDate": "2010-10-04", "positionDirect": 5692168, "positionDirectDate": "2010-10-04"}, {"maxAge": 1, "name": "Reliance Capital Trustee Company, Ltd. A/c Reliance Growth F", "relation": "Investment Management Company", "url": "", "transactionDescription": "Acquisition", "latestTransDate": "2011-12-29", "positionDirect": 7590071, "positionDirectDate": "2011-12-29"}], "maxAge": 1}, "calendarEvents": {"maxAge": 1, "earnings": {"earningsDate": [], "earningsAverage": 1.74, "earningsLow": 1.74, "earningsHigh": 1.74, "revenueAverage": 14489600000, "revenueLow": 14489600000, "revenueHigh": 14489600000}, "exDividendDate": "2020-09-14 05:30:00"}, "upgradeDowngradeHistory": {"history": [], "maxAge": 86400}, "price": {"maxAge": 1, "regularMarketChangePercent": 0.0042529916, "regularMarketChange": 0.3999939, "regularMarketTime": "2021-04-30 15:30:00", "priceHint": 2, "regularMarketPrice": 94.45, "regularMarketDayHigh": 96.8, "regularMarketDayLow": 92.8, "regularMarketVolume": 1604230, "averageDailyVolume10Day": 1750682, "averageDailyVolume3Month": 2830868, "regularMarketPreviousClose": 94.05, "regularMarketSource": "FREE_REALTIME", "regularMarketOpen": 93.7, "exchange": "NSI", "exchangeName": "NSE", "exchangeDataDelayedBy": 15, "marketState": "CLOSED", "quoteType": "EQUITY", "symbol": "GSFC.NS", "underlyingSymbol": null, "shortName": "GUJARAT STATE FER", "longName": "Gujarat State Fertilizers & Chemicals Limited", "currency": "INR", "quoteSourceName": "Delayed Quote", "currencySymbol": "\u20b9", "fromCurrency": null, "lastMarket": null, "marketCap": 37636247552}, "balanceSheetHistory": {"balanceSheetStatements": [{"maxAge": 1, "endDate": "2020-03-31", "cash": 340447000, "shortTermInvestments": 178082000, "netReceivables": 28332616000, "inventory": 13736875000, "otherCurrentAssets": 2092982000, "totalCurrentAssets": 44694983000, "longTermInvestments": 20874119000, "propertyPlantEquipment": 30073710000, "intangibleAssets": 15820000, "otherAssets": 5568897000, "deferredLongTermAssetCharges": 527226000, "totalAssets": 101227529000, "accountsPayable": 4356746000, "shortLongTermDebt": 533333000, "otherCurrentLiab": 2168472000, "longTermDebt": 933333000, "otherLiab": 8025079000, "minorityInterest": 12852000, "totalCurrentLiabilities": 23641786000, "totalLiab": 32600198000, "commonStock": 796955000, "retainedEarnings": 51166415000, "treasuryStock": 13598707000, "capitalSurplus": 3052402000, "otherStockholderEquity": 13598707000, "totalStockholderEquity": 68614479000, "netTangibleAssets": 68598659000}, {"maxAge": 1, "endDate": "2019-03-31", "cash": 408220000, "shortTermInvestments": 266964000, "netReceivables": 26441701000, "inventory": 16552430000, "otherCurrentAssets": 2314688000, "totalCurrentAssets": 46027848000, "longTermInvestments": 23763898000, "propertyPlantEquipment": 30049210000, "intangibleAssets": 31059000, "otherAssets": 4764350000, "totalAssets": 104636365000, "accountsPayable": 10386616000, "shortLongTermDebt": 533333000, "otherCurrentLiab": 3462510000, "longTermDebt": 1466667000, "otherLiab": 5080402000, "minorityInterest": 12370000, "totalCurrentLiabilities": 24870143000, "totalLiab": 31417212000, "commonStock": 796955000, "retainedEarnings": 53140600000, "treasuryStock": 16216826000, "capitalSurplus": 3052402000, "otherStockholderEquity": 16216826000, "totalStockholderEquity": 73206783000, "netTangibleAssets": 73175724000}, {"maxAge": 1, "endDate": "2018-03-31", "cash": 553447000, "shortTermInvestments": 166670000, "netReceivables": 28148451000, "inventory": 8730849000, "otherCurrentAssets": 3849921000, "totalCurrentAssets": 41478830000, "longTermInvestments": 27895101000, "propertyPlantEquipment": 28670983000, "intangibleAssets": 39450000, "otherAssets": 5061314000, "totalAssets": 103145678000, "accountsPayable": 8311630000, "shortLongTermDebt": 520353000, "otherCurrentLiab": 3985994000, "longTermDebt": 2000000000, "otherLiab": 5322197000, "minorityInterest": 12391000, "totalCurrentLiabilities": 22777017000, "totalLiab": 30099214000, "commonStock": 796955000, "retainedEarnings": 49350574000, "treasuryStock": 19834142000, "capitalSurplus": 3052402000, "otherStockholderEquity": 19834142000, "totalStockholderEquity": 73034073000, "netTangibleAssets": 72994623000}, {"maxAge": 1, "endDate": "2017-03-31", "cash": 482489000, "shortTermInvestments": 139596000, "netReceivables": 28748682000, "inventory": 7045791000, "otherCurrentAssets": 1070389000, "totalCurrentAssets": 37524184000, "longTermInvestments": 25296124000, "propertyPlantEquipment": 22881069000, "intangibleAssets": 68905000, "otherAssets": 5135127000, "totalAssets": 90905409000, "accountsPayable": 6042043000, "shortLongTermDebt": 518708000, "otherCurrentLiab": 3025331000, "longTermDebt": 518709000, "otherLiab": 5831492000, "totalCurrentLiabilities": 18365758000, "totalLiab": 24715959000, "commonStock": 796955000, "retainedEarnings": 45692774000, "treasuryStock": 16647319000, "capitalSurplus": 3052402000, "otherStockholderEquity": 16647319000, "totalStockholderEquity": 66189450000, "netTangibleAssets": 66120545000}], "maxAge": 86400}, "earningsTrend": {"trend": [{"maxAge": 1, "period": "0q", "endDate": "2018-06-30", "growth": 0.706, "earningsEstimate": {"avg": 1.74, "low": 1.74, "high": 1.74, "yearAgoEps": 1.02, "numberOfAnalysts": 1, "growth": 0.706}, "revenueEstimate": {"avg": 14489600000, "low": 14489600000, "high": 14489600000, "numberOfAnalysts": 1, "yearAgoRevenue": 11375700000, "growth": 0.274}, "epsTrend": {"current": 1.74, "7daysAgo": 1.74, "30daysAgo": 1.74, "60daysAgo": 0.0, "90daysAgo": 0.0}, "epsRevisions": {"upLast7days": 0, "upLast30days": 0, "downLast30days": 0, "downLast90days": {}}}, {"maxAge": 1, "period": "+1q", "endDate": "2018-09-30", "growth": {}, "earningsEstimate": {"avg": 0.0, "low": 0.0, "high": 0.0, "yearAgoEps": 1.99, "numberOfAnalysts": 0, "growth": {}}, "revenueEstimate": {"avg": 0, "low": 0, "high": 0, "numberOfAnalysts": 0, "yearAgoRevenue": {}, "growth": {}}, "epsTrend": {"current": 0.0, "7daysAgo": 0.0, "30daysAgo": 0.0, "60daysAgo": 0.0, "90daysAgo": 0.0}, "epsRevisions": {"upLast7days": 0, "upLast30days": 0, "downLast30days": 0, "downLast90days": {}}}, {"maxAge": 1, "period": "0y", "endDate": "2019-03-31", "growth": -0.001, "earningsEstimate": {"avg": 11.93, "low": 11.0, "high": 12.97, "yearAgoEps": 11.94, "numberOfAnalysts": 5, "growth": -0.001}, "revenueEstimate": {"avg": 71452800000, "low": 63456000000, "high": 81934000000, "numberOfAnalysts": 5, "yearAgoRevenue": 62705700000, "growth": 0.139}, "epsTrend": {"current": 11.93, "7daysAgo": 11.93, "30daysAgo": 11.93, "60daysAgo": 11.45, "90daysAgo": 11.56}, "epsRevisions": {"upLast7days": 0, "upLast30days": 0, "downLast30days": 0, "downLast90days": {}}}, {"maxAge": 1, "period": "+1y", "endDate": "2020-03-31", "growth": 0.134, "earningsEstimate": {"avg": 13.53, "low": 13.2, "high": 14.27, "yearAgoEps": 11.93, "numberOfAnalysts": 5, "growth": 0.134}, "revenueEstimate": {"avg": 78331800000, "low": 69982000000, "high": 83834000000, "numberOfAnalysts": 5, "yearAgoRevenue": 71452800000, "growth": 0.096}, "epsTrend": {"current": 13.53, "7daysAgo": 13.53, "30daysAgo": 13.53, "60daysAgo": 12.93, "90daysAgo": 12.75}, "epsRevisions": {"upLast7days": 0, "upLast30days": 0, "downLast30days": 0, "downLast90days": {}}}, {"maxAge": 1, "period": "+5y", "endDate": null, "growth": 0.1, "earningsEstimate": {"avg": {}, "low": {}, "high": {}, "yearAgoEps": {}, "numberOfAnalysts": {}, "growth": {}}, "revenueEstimate": {"avg": {}, "low": {}, "high": {}, "numberOfAnalysts": {}, "yearAgoRevenue": {}, "growth": {}}, "epsTrend": {"current": {}, "7daysAgo": {}, "30daysAgo": {}, "60daysAgo": {}, "90daysAgo": {}}, "epsRevisions": {"upLast7days": {}, "upLast30days": {}, "downLast30days": {}, "downLast90days": {}}}, {"maxAge": 1, "period": "-5y", "endDate": null, "growth": -0.0118700005, "earningsEstimate": {"avg": {}, "low": {}, "high": {}, "yearAgoEps": {}, "numberOfAnalysts": {}, "growth": {}}, "revenueEstimate": {"avg": {}, "low": {}, "high": {}, "numberOfAnalysts": {}, "yearAgoRevenue": {}, "growth": {}}, "epsTrend": {"current": {}, "7daysAgo": {}, "30daysAgo": {}, "60daysAgo": {}, "90daysAgo": {}}, "epsRevisions": {"upLast7days": {}, "upLast30days": {}, "downLast30days": {}, "downLast90days": {}}}], "maxAge": 1}, "institutionOwnership": {"ownershipList": [], "maxAge": 1}, "majorHoldersBreakdown": {"maxAge": 1, "insidersPercentHeld": 0.46076, "institutionsPercentHeld": 0.20652, "institutionsFloatPercentHeld": 0.38299, "institutionsCount": 20}, "balanceSheetHistoryQuarterly": {"balanceSheetStatements": [{"maxAge": 1, "endDate": "2020-12-31", "totalStockholderEquity": 76516700000, "netTangibleAssets": 76504000000}, {"maxAge": 1, "endDate": "2020-09-30", "cash": 2371500000, "shortTermInvestments": 255400000, "netReceivables": 26817500000, "inventory": 10862800000, "otherCurrentAssets": 1939100000, "totalCurrentAssets": 42246300000, "longTermInvestments": 28080700000, "propertyPlantEquipment": 29760000000, "intangibleAssets": 12700000, "otherAssets": 4339200000, "totalAssets": 104438900000, "accountsPayable": 9605500000, "otherCurrentLiab": 5424700000, "longTermDebt": 666700000, "otherLiab": 7148600000, "minorityInterest": 28900000, "totalCurrentLiabilities": 20078000000, "totalLiab": 27893300000, "commonStock": 797000000, "treasuryStock": 75719700000, "otherStockholderEquity": 75719700000, "totalStockholderEquity": 76516700000, "netTangibleAssets": 76504000000}, {"maxAge": 1, "endDate": "2020-06-30", "totalStockholderEquity": 68614500000, "netTangibleAssets": 68598700000}, {"maxAge": 1, "endDate": "2020-03-31", "cash": 340447000, "shortTermInvestments": 178082000, "netReceivables": 28332616000, "inventory": 13736875000, "otherCurrentAssets": 2092982000, "totalCurrentAssets": 44694983000, "longTermInvestments": 20874119000, "propertyPlantEquipment": 30073710000, "intangibleAssets": 15820000, "otherAssets": 5568897000, "deferredLongTermAssetCharges": 527226000, "totalAssets": 101227529000, "accountsPayable": 4356746000, "shortLongTermDebt": 533333000, "otherCurrentLiab": 2168472000, "longTermDebt": 933333000, "otherLiab": 8025079000, "minorityInterest": 12852000, "totalCurrentLiabilities": 23641786000, "totalLiab": 32600198000, "commonStock": 796955000, "retainedEarnings": 51166415000, "treasuryStock": 13598707000, "capitalSurplus": 3052402000, "otherStockholderEquity": 13598707000, "totalStockholderEquity": 68614479000, "netTangibleAssets": 68598659000}], "maxAge": 86400}, "earningsHistory": {"history": [{"maxAge": 1, "epsActual": 1.02, "epsEstimate": 2.1, "epsDifference": -1.08, "surprisePercent": -0.514, "quarter": "2017-06-30", "period": "-4q"}, {"maxAge": 1, "epsActual": 1.99, "epsEstimate": 3.5, "epsDifference": -1.51, "surprisePercent": -0.431, "quarter": "2017-09-30", "period": "-3q"}, {"maxAge": 1, "epsActual": 2.5, "epsEstimate": 3.0, "epsDifference": -0.5, "surprisePercent": -0.16700001, "quarter": "2017-12-31", "period": "-2q"}, {"maxAge": 1, "epsActual": 3.93, "epsEstimate": 3.35, "epsDifference": 0.58, "surprisePercent": 0.173, "quarter": "2018-03-31", "period": "-1q"}], "maxAge": 86400}, "summaryProfile": {"address1": "P. O. Fertilizernagar", "address2": "Vadodara District", "city": "Vadodara", "zip": "391750", "country": "India", "phone": "91 26 5224 2451", "fax": "91 26 5224 0966", "website": "http://www.gsfclimited.com", "industry": "Agricultural Inputs", "sector": "Basic Materials", "longBusinessSummary": "Gujarat State Fertilizers & Chemicals Limited manufactures and sells fertilizers and industrial products in India. The company offers industrial products, such as anhydrous ammonia, argon gas, caprolactam, melamine, methanol, methyl ethyl ketoxime, nylon-6 chips, oleum, sulphuric acid, acetone cyanohydrine, anone-anol mixture, cyclohexane, cyclohexanone, hydroxylamine sulphate, methacrylic acid, methyl methacrylate, nitric acid, nylon-6 filament yarns, polymethyl methacrylate, GUJCON CRF and PRF polyamide-6 fibres, and technical grade urea. It also provides fertilizer products, including urea, ammonium sulphate, di-ammonium phosphate, ammonium phosphate sulphate, NPK, water soluble fertilizers, micro mixes, and gypsum, as well as agro products. In addition, the company is involved in the trading of chemicals, and fertilizers and agro products; and provision of agro services. Gujarat State Fertilizers & Chemicals Limited was founded in 1962 and is based in Vadodara, India.", "fullTimeEmployees": 1780, "companyOfficers": [], "maxAge": 86400}, "netSharePurchaseActivity": {"maxAge": 1, "period": "6m", "buyInfoCount": 0, "buyInfoShares": 0, "sellInfoCount": 0, "netInfoCount": 0, "netInfoShares": 0, "netPercentInsiderShares": 0.0, "totalInsiderShares": 182893520}, "insiderTransactions": {"transactions": [{"maxAge": 1, "shares": 300000, "filerUrl": "", "transactionText": "", "filerName": "Fidelity Puritan Trust - Fidelity Low Priced Stock Fund", "filerRelation": "Investment Advisor", "moneyText": "", "startDate": "2013-11-12", "ownership": "D"}, {"maxAge": 1, "shares": 15000, "filerUrl": "", "transactionText": "", "filerName": "Reliance Capital Trustee Company, Ltd. A/c Reliance Growth F", "filerRelation": "Investment Management Company", "moneyText": "", "startDate": "2011-12-29", "ownership": "D"}, {"maxAge": 1, "shares": 1632891, "filerUrl": "", "transactionText": "", "filerName": "Life Insurance Corporation of India", "filerRelation": "Institution- Corporation", "moneyText": "", "startDate": "2010-10-04", "ownership": "D"}], "maxAge": 1}, "sectorTrend": {"maxAge": 1, "symbol": null, "estimates": []}, "incomeStatementHistoryQuarterly": {"incomeStatementHistory": [{"maxAge": 1, "endDate": "2020-12-31", "totalRevenue": 21461400000, "costOfRevenue": 16152400000, "grossProfit": 5309000000, "researchDevelopment": {}, "sellingGeneralAdministrative": 1760800000, "nonRecurring": {}, "otherOperatingExpenses": 2265800000, "totalOperatingExpenses": 20623600000, "operatingIncome": 837800000, "totalOtherIncomeExpenseNet": 315700000, "ebit": 837800000, "interestExpense": -60000000, "incomeBeforeTax": 1153500000, "incomeTaxExpense": 181000000, "minorityInterest": {}, "netIncomeFromContinuingOps": 972500000, "discontinuedOperations": {}, "extraordinaryItems": {}, "effectOfAccountingCharges": {}, "otherItems": {}, "netIncome": 972500000, "netIncomeApplicableToCommonShares": 972500000}, {"maxAge": 1, "endDate": "2020-09-30", "totalRevenue": 21109300000, "costOfRevenue": 15146000000, "grossProfit": 5963300000, "researchDevelopment": {}, "sellingGeneralAdministrative": 1481500000, "nonRecurring": {}, "otherOperatingExpenses": 2403800000, "totalOperatingExpenses": 19476400000, "operatingIncome": 1632900000, "totalOtherIncomeExpenseNet": 567700000, "ebit": 1632900000, "interestExpense": -112000000, "incomeBeforeTax": 2200600000, "incomeTaxExpense": 473100000, "minorityInterest": 28900000, "netIncomeFromContinuingOps": 1727500000, "discontinuedOperations": {}, "extraordinaryItems": {}, "effectOfAccountingCharges": {}, "otherItems": {}, "netIncome": 1727500000, "netIncomeApplicableToCommonShares": 1727500000}, {"maxAge": 1, "endDate": "2020-06-30", "totalRevenue": 16365800000, "costOfRevenue": 12403000000, "grossProfit": 3962800000, "researchDevelopment": {}, "sellingGeneralAdministrative": 1425200000, "nonRecurring": {}, "otherOperatingExpenses": 1635500000, "totalOperatingExpenses": 15902100000, "operatingIncome": 463700000, "totalOtherIncomeExpenseNet": -83700000, "ebit": 463700000, "interestExpense": -194200000, "incomeBeforeTax": 380000000, "incomeTaxExpense": 77300000, "minorityInterest": 28900000, "netIncomeFromContinuingOps": 302700000, "discontinuedOperations": {}, "extraordinaryItems": {}, "effectOfAccountingCharges": {}, "otherItems": {}, "netIncome": 302700000, "netIncomeApplicableToCommonShares": 302700000}, {"maxAge": 1, "endDate": "2020-03-31", "totalRevenue": 18628579000, "costOfRevenue": 13918503000, "grossProfit": 4710076000, "researchDevelopment": {}, "sellingGeneralAdministrative": 2167756000, "nonRecurring": {}, "otherOperatingExpenses": 469101000, "totalOperatingExpenses": 16990947000, "operatingIncome": 1637632000, "totalOtherIncomeExpenseNet": -758858000, "ebit": 1637632000, "interestExpense": -213916000, "incomeBeforeTax": 878774000, "incomeTaxExpense": 260329000, "minorityInterest": 12852000, "netIncomeFromContinuingOps": 618445000, "discontinuedOperations": {}, "extraordinaryItems": {}, "effectOfAccountingCharges": {}, "otherItems": {}, "netIncome": 617905000, "netIncomeApplicableToCommonShares": 617905000}], "maxAge": 86400}, "cashflowStatementHistoryQuarterly": {"cashflowStatements": [{"maxAge": 1, "endDate": "2020-12-31", "netIncome": 972500000, "changeToLiabilities": 0}, {"maxAge": 1, "endDate": "2020-09-30", "netIncome": 1727500000, "changeToLiabilities": 0}, {"maxAge": 1, "endDate": "2020-06-30", "netIncome": 302700000, "changeToLiabilities": 0}, {"maxAge": 1, "endDate": "2020-03-31", "netIncome": 617905000, "changeToLiabilities": 0}], "maxAge": 86400}, "earnings": {"maxAge": 86400, "earningsChart": {"quarterly": [{"date": "2Q2017", "actual": 1.02, "estimate": 2.1}, {"date": "3Q2017", "actual": 1.99, "estimate": 3.5}, {"date": "4Q2017", "actual": 2.5, "estimate": 3.0}, {"date": "1Q2018", "actual": 3.93, "estimate": 3.35}], "currentQuarterEstimate": 1.74, "currentQuarterEstimateDate": "2Q", "currentQuarterEstimateYear": 2018, "earningsDate": []}, "financialsChart": {"yearly": [{"date": 2017, "revenue": 52645344000, "earnings": 4244640000}, {"date": 2018, "revenue": 62658690000, "earnings": 4737675000}, {"date": 2019, "revenue": 84906734000, "earnings": 4931329000}, {"date": 2020, "revenue": 77979779000, "earnings": 1095905000}], "quarterly": [{"date": "1Q2020", "revenue": 18628579000, "earnings": 617905000}, {"date": "2Q2020", "revenue": 16365800000, "earnings": 302700000}, {"date": "3Q2020", "revenue": 21109300000, "earnings": 1727500000}, {"date": "4Q2020", "revenue": 21461400000, "earnings": 972500000}]}, "financialCurrency": "INR"}, "financialData": {"maxAge": 86400, "currentPrice": 94.45, "targetHighPrice": 180.0, "targetLowPrice": 135.0, "targetMeanPrice": 152.2, "targetMedianPrice": 150.0, "recommendationMean": 1.3, "recommendationKey": "strong_buy", "numberOfAnalystOpinions": 5, "totalCash": 2626899968, "totalCashPerShare": 6.618, "ebitda": 6570087424, "totalDebt": 5714500096, "totalRevenue": 77565075456, "debtToEquity": 7.465, "revenuePerShare": 194.689, "grossProfits": 18281376000, "revenueGrowth": 0.187, "grossMargins": 0.25714, "ebitdaMargins": 0.0847, "operatingMargins": 0.05894, "profitMargins": 0.046680003, "financialCurrency": "INR"}}}