{"GSPL.NS": {"assetProfile": {"address1": "GSPL Bhavan", "address2": "E-18, GIDC Electronic Estate Nr.K-7 Circle Sector-26", "city": "Gandhinagar", "zip": "382028", "country": "India", "phone": "91 79 2326 8500", "fax": "91 79 2326 8506", "website": "http://www.gspcgroup.com/GSPL/", "industry": "Utilities\u2014Regulated Gas", "sector": "Utilities", "longBusinessSummary": "Gujarat State Petronet Limited transmits natural gas through pipeline on an open access basis from supply points to demand centers in India. The company develops energy transportation infrastructure and connects natural gas supply sources, including LNG terminals to various markets in Gujarat. As of March 31, 2019, it operated approximately 2692 kilometers of pipeline network. The company transports approximately 35 MMSCMD of natural gas to refineries, steel plants, fertilizer plants, petrochemical plants, power plants, glass industries, and other miscellaneous industries, as well as to textile, chemical, and city gas distribution companies. It also generates and sells electricity through windmills. The company was founded in 1998 and is based in Gandhinagar, India.", "fullTimeEmployees": 252, "companyOfficers": [{"maxAge": 1, "name": "Mr. Ajith T. R. Kumar", "age": 54, "title": "Chief Financial Officer", "yearBorn": 1966, "fiscalYear": 2020, "totalPay": 5008022, "exercisedValue": 0, "unexercisedValue": 0}, {"maxAge": 1, "name": "Ms. Rajeshwari  Sharma", "title": "Company Sec. & Compliance Officer", "fiscalYear": 2020, "totalPay": 5516289, "exercisedValue": 0, "unexercisedValue": 0}, {"maxAge": 1, "name": "Mr. Anil Gopishankar Mukim I.A.S., IAS", "age": 60, "title": "MD & Chairman", "yearBorn": 1960, "fiscalYear": 2017, "exercisedValue": 0, "unexercisedValue": 0}, {"maxAge": 1, "name": "Mr. Sanjeev  Kumar I.A.S., IAS", "age": 50, "title": "Joint MD & Director", "yearBorn": 1970, "exercisedValue": 0, "unexercisedValue": 0}, {"maxAge": 1, "name": "Mr. Nallapaneni Bose Babu", "title": "Gen. Mang. of Technical Service & Operation and Maintenance", "exercisedValue": 0, "unexercisedValue": 0}, {"maxAge": 1, "name": "Mr. Vinay  Kumar", "age": 59, "title": "Group Sr. Exec. Director of HR, Admin., Legal & Operations", "yearBorn": 1961, "exercisedValue": 0, "unexercisedValue": 0}, {"maxAge": 1, "name": "Mr. Sandeep  Dave", "age": 45, "title": "Deputy Gen. Mang. of Secretarial & Legal", "yearBorn": 1975, "exercisedValue": 0, "unexercisedValue": 0}, {"maxAge": 1, "name": "Mr. Pramod  Yenge", "title": "Exec.", "exercisedValue": 0, "unexercisedValue": 0}, {"maxAge": 1, "name": "Mr. Rajesh  Suhane", "title": "Exec.", "exercisedValue": 0, "unexercisedValue": 0}, {"maxAge": 1, "name": "Mr. Ravindra  Agrawal", "age": 48, "title": "Exec. Director of Gas Bus.", "yearBorn": 1972, "exercisedValue": 0, "unexercisedValue": 0}], "compensationAsOfEpochDate": "2020-12-31 05:30:00", "maxAge": 86400}, "recommendationTrend": {"trend": [{"period": "0m", "strongBuy": 0, "buy": 0, "hold": 0, "sell": 0, "strongSell": 0}, {"period": "-1m", "strongBuy": 6, "buy": 9, "hold": 9, "sell": 0, "strongSell": 0}, {"period": "-2m", "strongBuy": 6, "buy": 9, "hold": 9, "sell": 0, "strongSell": 0}, {"period": "-3m", "strongBuy": 6, "buy": 8, "hold": 9, "sell": 2, "strongSell": 0}], "maxAge": 86400}, "cashflowStatementHistory": {"cashflowStatements": [{"maxAge": 1, "endDate": "2020-03-31", "netIncome": 17291736000, "depreciation": 5098137000, "changeToNetincome": 3952537000, "changeToAccountReceivables": 435341000, "changeToLiabilities": 338979000, "changeToInventory": 249256000, "changeToOperatingActivities": 262450000, "totalCashFromOperatingActivities": 27710394000, "capitalExpenditures": -7027756000, "investments": -2629105000, "otherCashflowsFromInvestingActivities": 1590967000, "totalCashflowsFromInvestingActivities": -8058117000, "dividendsPaid": -1747867000, "netBorrowings": -9659715000, "otherCashflowsFromFinancingActivities": -3540130000, "totalCashFromFinancingActivities": -14939320000, "changeInCash": 4712957000, "issuanceOfStock": 8392000}, {"maxAge": 1, "endDate": "2019-03-31", "netIncome": 9986030000, "depreciation": 4679860000, "changeToNetincome": 7019734000, "changeToAccountReceivables": -2089812000, "changeToLiabilities": 718336000, "changeToInventory": -170720000, "changeToOperatingActivities": 298113000, "totalCashFromOperatingActivities": 20441541000, "capitalExpenditures": -7540512000, "investments": -2685140000, "otherCashflowsFromInvestingActivities": 3990360000, "totalCashflowsFromInvestingActivities": -6117346000, "dividendsPaid": -1796113000, "netBorrowings": -8051139000, "otherCashflowsFromFinancingActivities": -3986213000, "totalCashFromFinancingActivities": -13821782000, "changeInCash": 502413000, "issuanceOfStock": 11683000}, {"maxAge": 1, "endDate": "2018-03-31", "netIncome": 7413067000, "depreciation": 4468587000, "changeToNetincome": 4528734000, "changeToAccountReceivables": -488326000, "changeToLiabilities": -154388000, "changeToInventory": -262549000, "changeToOperatingActivities": 1183061000, "totalCashFromOperatingActivities": 16688186000, "capitalExpenditures": -7449840000, "investments": -34051986000, "otherCashflowsFromInvestingActivities": 5366213000, "totalCashflowsFromInvestingActivities": -35928702000, "dividendsPaid": -1517206000, "netBorrowings": 23990611000, "otherCashflowsFromFinancingActivities": -2360213000, "totalCashFromFinancingActivities": 20131632000, "changeInCash": 891116000, "issuanceOfStock": 18440000}, {"maxAge": 1, "endDate": "2017-03-31", "netIncome": 5544171000, "depreciation": 4364687000, "changeToNetincome": 4121237000, "changeToAccountReceivables": -134468000, "changeToLiabilities": 636736000, "changeToInventory": 50759000, "changeToOperatingActivities": 1858193000, "totalCashFromOperatingActivities": 16441315000, "capitalExpenditures": -5859069000, "investments": -328300000, "otherCashflowsFromInvestingActivities": -2161811000, "totalCashflowsFromInvestingActivities": -8346098000, "dividendsPaid": -1342092000, "netBorrowings": -4153267000, "otherCashflowsFromFinancingActivities": -3354003000, "totalCashFromFinancingActivities": -8791188000, "changeInCash": -695971000, "issuanceOfStock": 58174000}], "maxAge": 86400}, "indexTrend": {"maxAge": 1, "symbol": "SP5", "peRatio": 19.7411, "pegRatio": 1.34172, "estimates": [{"period": "0q", "growth": 0.549}, {"period": "+1q", "growth": 0.431}, {"period": "0y", "growth": 0.305}, {"period": "+1y", "growth": 0.109}, {"period": "+5y", "growth": 0.120865}, {"period": "-5y"}]}, "defaultKeyStatistics": {"maxAge": 1, "priceHint": 2, "enterpriseValue": 177920229376, "profitMargins": 0.14404, "floatShares": 217243144, "sharesOutstanding": 564211008, "heldPercentInsiders": 0.50259, "heldPercentInstitutions": 0.33446, "beta": 0.57058, "category": null, "bookValue": 97.348, "priceToBook": 2.7699592, "fundFamily": null, "legalType": null, "lastFiscalYearEnd": "2020-03-31 05:30:00", "nextFiscalYearEnd": "2022-03-31 05:30:00", "mostRecentQuarter": "2020-12-31 05:30:00", "earningsQuarterlyGrowth": 0.478, "netIncomeToCommon": 15729763328, "trailingEps": 27.874, "forwardEps": 11.42, "lastSplitFactor": null, "enterpriseToRevenue": 1.629, "enterpriseToEbitda": 5.075}, "industryTrend": {"maxAge": 1, "symbol": null, "estimates": []}, "quoteType": {"exchange": "NSI", "quoteType": "EQUITY", "symbol": "GSPL.NS", "underlyingSymbol": "GSPL.NS", "shortName": "GUJARAT STATE PETR", "longName": "Gujarat State Petronet Limited", "firstTradeDateEpochUtc": "2006-02-16 09:15:00", "timeZoneFullName": "Asia/Kolkata", "timeZoneShortName": "IST", "uuid": "4675d307-82b6-3f26-ae4e-00b46d1c4386", "gmtOffSetMilliseconds": 19800000, "maxAge": 1}, "incomeStatementHistory": {"incomeStatementHistory": [{"maxAge": 1, "endDate": "2020-03-31", "totalRevenue": 122436142000, "costOfRevenue": 84989439000, "grossProfit": 37446703000, "researchDevelopment": {}, "sellingGeneralAdministrative": 4684533000, "nonRecurring": {}, "otherOperatingExpenses": 58015000, "totalOperatingExpenses": 94949067000, "operatingIncome": 27487075000, "totalOtherIncomeExpenseNet": -3111648000, "ebit": 27487075000, "interestExpense": -3550346000, "incomeBeforeTax": 24375427000, "incomeTaxExpense": 1589076000, "minorityInterest": 15204713000, "netIncomeFromContinuingOps": 22786351000, "discontinuedOperations": {}, "extraordinaryItems": {}, "effectOfAccountingCharges": {}, "otherItems": {}, "netIncome": 17291736000, "netIncomeApplicableToCommonShares": 17291736000}, {"maxAge": 1, "endDate": "2019-03-31", "totalRevenue": 93451207000, "costOfRevenue": 63603845000, "grossProfit": 29847362000, "researchDevelopment": {}, "sellingGeneralAdministrative": 4216631000, "nonRecurring": {}, "otherOperatingExpenses": 18418000, "totalOperatingExpenses": 72551905000, "operatingIncome": 20899302000, "totalOtherIncomeExpenseNet": -3094945000, "ebit": 20899302000, "interestExpense": -4134760000, "incomeBeforeTax": 17804357000, "incomeTaxExpense": 5900407000, "minorityInterest": 10107578000, "netIncomeFromContinuingOps": 11903950000, "discontinuedOperations": {}, "extraordinaryItems": {}, "effectOfAccountingCharges": {}, "otherItems": {}, "netIncome": 9986030000, "netIncomeApplicableToCommonShares": 9986030000}, {"maxAge": 1, "endDate": "2018-03-31", "totalRevenue": 72610465000, "costOfRevenue": 48127506000, "grossProfit": 24482959000, "researchDevelopment": {}, "sellingGeneralAdministrative": 3625490000, "nonRecurring": {}, "otherOperatingExpenses": 33496000, "totalOperatingExpenses": 56260779000, "operatingIncome": 16349686000, "totalOtherIncomeExpenseNet": -1577476000, "ebit": 16349686000, "interestExpense": -2227362000, "incomeBeforeTax": 14772210000, "incomeTaxExpense": 5188125000, "minorityInterest": 8554303000, "netIncomeFromContinuingOps": 9584085000, "discontinuedOperations": {}, "extraordinaryItems": {}, "effectOfAccountingCharges": {}, "otherItems": {}, "netIncome": 7413067000, "netIncomeApplicableToCommonShares": 7413067000}, {"maxAge": 1, "endDate": "2017-03-31", "totalRevenue": 59012925000, "costOfRevenue": 39244277000, "grossProfit": 19768648000, "researchDevelopment": {}, "sellingGeneralAdministrative": 3172091000, "nonRecurring": {}, "otherOperatingExpenses": 15311000, "totalOperatingExpenses": 46837931000, "operatingIncome": 12174994000, "totalOtherIncomeExpenseNet": -1718284000, "ebit": 12174994000, "interestExpense": -2650883000, "incomeBeforeTax": 10456710000, "incomeTaxExpense": 3274921000, "minorityInterest": 12351141000, "netIncomeFromContinuingOps": 7181789000, "discontinuedOperations": {}, "extraordinaryItems": {}, "effectOfAccountingCharges": {}, "otherItems": {}, "netIncome": 5544171000, "netIncomeApplicableToCommonShares": 5544171000}], "maxAge": 86400}, "fundOwnership": {"ownershipList": [{"maxAge": 1, "reportDate": "2021-01-31", "organization": "Vanguard International Stock Index-Emerging Markets Stk", "pctHeld": 0.0049, "position": 2770658, "value": 548590284}, {"maxAge": 1, "reportDate": "2021-03-31", "organization": "iShares Core MSCI Emerging Markets ETF", "pctHeld": 0.0042, "position": 2365788, "value": 646688149}, {"maxAge": 1, "reportDate": "2021-01-31", "organization": "Vanguard International Stock Index-Total Intl Stock Indx", "pctHeld": 0.0031, "position": 1763477, "value": 349168446}, {"maxAge": 1, "reportDate": "2021-01-31", "organization": "DFA Emerging Markets Core Equity Portfolio", "pctHeld": 0.0027, "position": 1508887, "value": 298759626}, {"maxAge": 1, "reportDate": "2021-01-31", "organization": "DFA Investment Dimensions-DFA Emerging Mkts Value", "pctHeld": 0.0023, "position": 1304285, "value": 258248430}, {"maxAge": 1, "reportDate": "2021-02-28", "organization": "WisdomTree Tr-WisdomTree India Earnings Fd", "pctHeld": 0.0015, "position": 864923, "value": 216057765}, {"maxAge": 1, "reportDate": "2021-01-31", "organization": "DFA Emerging Markets Small Cap Series", "pctHeld": 0.0014, "position": 776471, "value": 153741258}, {"maxAge": 1, "reportDate": "2021-02-28", "organization": "WisdomTree Tr-WisdomTree Emerging Markets Small Cap Dividend Fund", "pctHeld": 0.0011999999, "position": 668258, "value": 166930848}, {"maxAge": 1, "reportDate": "2020-12-31", "organization": "College Retirement Equities Fund-Stock Account", "pctHeld": 0.0011, "position": 644294, "value": 142775550}, {"maxAge": 1, "reportDate": "2021-01-31", "organization": "Vanguard Intl Equity Index Fds-FTSE All World ex U.S.Small Cap Index", "pctHeld": 0.001, "position": 539008, "value": 106723584}], "maxAge": 1}, "summaryDetail": {"maxAge": 1, "priceHint": 2, "previousClose": 269.4, "open": 268.0, "dayLow": 265.25, "dayHigh": 274.45, "regularMarketPreviousClose": 269.4, "regularMarketOpen": 268.0, "regularMarketDayLow": 265.25, "regularMarketDayHigh": 274.45, "dividendRate": 2.0, "dividendYield": 0.0074, "exDividendDate": "2020-09-09 05:30:00", "payoutRatio": 0.0717, "fiveYearAvgDividendYield": 0.89, "beta": 0.57058, "trailingPE": 9.673889, "forwardPE": 23.612083, "volume": 882388, "regularMarketVolume": 882388, "averageVolume": 1409906, "averageVolume10days": 911451, "averageDailyVolume10Day": 911451, "bid": 0.0, "ask": 0.0, "bidSize": 0, "askSize": 0, "marketCap": 152054824960, "fiftyTwoWeekLow": 177.15, "fiftyTwoWeekHigh": 311.45, "priceToSalesTrailing12Months": 1.3924375, "fiftyDayAverage": 263.1956, "twoHundredDayAverage": 219.5454, "trailingAnnualDividendRate": 2.0, "trailingAnnualDividendYield": 0.007423905, "currency": "INR", "fromCurrency": null, "lastMarket": null, "algorithm": null, "tradeable": false}, "insiderHolders": {"holders": [{"maxAge": 1, "name": "Agarwal (Devendra)", "relation": "UNREPORTED", "url": "", "transactionDescription": "Sale", "latestTransDate": "2020-12-31", "positionDirect": 18, "positionDirectDate": "2020-12-31"}, {"maxAge": 1, "name": "Agrawal (Ravindra)", "relation": "Divisional Officer", "url": "", "transactionDescription": "Other", "latestTransDate": "2018-01-08", "positionDirect": 0, "positionDirectDate": "2018-01-08"}, {"maxAge": 1, "name": "Babu (Bose N)", "relation": "UNREPORTED", "url": "", "transactionDescription": "Sale", "latestTransDate": "2019-03-29", "positionDirect": 24832, "positionDirectDate": "2019-03-29"}, {"maxAge": 1, "name": "Life Insurance Corporation of India", "relation": "UNREPORTED", "url": "", "transactionDescription": "Acquisition", "latestTransDate": "2011-02-21", "positionDirect": 39946704, "positionDirectDate": "2011-02-21"}, {"maxAge": 1, "name": "Majumdar (Subhasish)", "relation": "UNREPORTED", "url": "", "transactionDescription": "Other", "latestTransDate": "2018-01-24", "positionDirect": 0, "positionDirectDate": "2018-01-24"}, {"maxAge": 1, "name": "Modi (Amrita Dhruv)", "relation": "UNREPORTED", "url": "", "transactionDescription": "Sale", "latestTransDate": "2015-07-13", "positionDirect": 10401, "positionDirectDate": "2015-07-13"}, {"maxAge": 1, "name": "Seth (Manish)", "relation": "General Manager", "url": "", "transactionDescription": "Other", "latestTransDate": "2018-01-16", "positionDirect": 250, "positionDirectDate": "2018-01-16"}, {"maxAge": 1, "name": "Tripathi (Chinmay)", "relation": "UNREPORTED", "url": "", "transactionDescription": "Sale", "latestTransDate": "2019-08-23", "positionDirect": 3100, "positionDirectDate": "2019-08-23"}], "maxAge": 1}, "calendarEvents": {"maxAge": 1, "earnings": {"earningsDate": ["2021-02-10 05:30:S"], "revenueAverage": 4542600000, "revenueLow": 4419000000, "revenueHigh": 4716800000}, "exDividendDate": "2020-09-09 05:30:00"}, "upgradeDowngradeHistory": {"history": [], "maxAge": 86400}, "price": {"maxAge": 1, "regularMarketChangePercent": 0.00092798815, "regularMarketChange": 0.25, "regularMarketTime": "2021-04-30 15:29:58", "priceHint": 2, "regularMarketPrice": 269.65, "regularMarketDayHigh": 274.45, "regularMarketDayLow": 265.25, "regularMarketVolume": 882388, "averageDailyVolume10Day": 911451, "averageDailyVolume3Month": 1409906, "regularMarketPreviousClose": 269.4, "regularMarketSource": "FREE_REALTIME", "regularMarketOpen": 268.0, "exchange": "NSI", "exchangeName": "NSE", "exchangeDataDelayedBy": 15, "marketState": "CLOSED", "quoteType": "EQUITY", "symbol": "GSPL.NS", "underlyingSymbol": null, "shortName": "GUJARAT STATE PETR", "longName": "Gujarat State Petronet Limited", "currency": "INR", "quoteSourceName": "Delayed Quote", "currencySymbol": "\u20b9", "fromCurrency": null, "lastMarket": null, "marketCap": 152054824960}, "balanceSheetHistory": {"balanceSheetStatements": [{"maxAge": 1, "endDate": "2020-03-31", "cash": 6397046000, "shortTermInvestments": 1944443000, "netReceivables": 6588538000, "inventory": 1723909000, "otherCurrentAssets": 1469910000, "totalCurrentAssets": 18533622000, "longTermInvestments": 10230406000, "propertyPlantEquipment": 95646120000, "intangibleAssets": 4969359000, "otherAssets": 4122171000, "totalAssets": 133501678000, "accountsPayable": 3914288000, "shortLongTermDebt": 12501545000, "otherCurrentLiab": 13995234000, "longTermDebt": 23784939000, "otherLiab": 14112877000, "minorityInterest": 15204713000, "totalCurrentLiabilities": 31040896000, "totalLiab": 69454225000, "commonStock": 5641012000, "retainedEarnings": 70716435000, "treasuryStock": -31684076000, "capitalSurplus": 4169369000, "otherStockholderEquity": -31684076000, "totalStockholderEquity": 48842740000, "netTangibleAssets": 43873381000}, {"maxAge": 1, "endDate": "2019-03-31", "cash": 1684089000, "shortTermInvestments": 3074482000, "netReceivables": 7043438000, "inventory": 1973165000, "otherCurrentAssets": 1408040000, "totalCurrentAssets": 15418275000, "longTermInvestments": 6962691000, "propertyPlantEquipment": 93298563000, "intangibleAssets": 4745402000, "otherAssets": 4189616000, "totalAssets": 124614547000, "accountsPayable": 3615161000, "shortLongTermDebt": 12043756000, "otherCurrentLiab": 13749847000, "longTermDebt": 33747128000, "otherLiab": 17935673000, "minorityInterest": 10107578000, "totalCurrentLiabilities": 29871839000, "totalLiab": 81554640000, "commonStock": 5639714000, "retainedEarnings": 54847033000, "treasuryStock": -31685934000, "capitalSurplus": 4151516000, "otherStockholderEquity": -31685934000, "totalStockholderEquity": 32952329000, "netTangibleAssets": 28206927000}, {"maxAge": 1, "endDate": "2018-03-31", "cash": 1194476000, "shortTermInvestments": 933229000, "netReceivables": 5056251000, "inventory": 1802445000, "otherCurrentAssets": 3970606000, "totalCurrentAssets": 13176265000, "longTermInvestments": 5899128000, "propertyPlantEquipment": 91404188000, "intangibleAssets": 4406985000, "otherAssets": 4739838000, "totalAssets": 119626404000, "accountsPayable": 3020087000, "shortLongTermDebt": 14122932000, "otherCurrentLiab": 13206316000, "longTermDebt": 39724710000, "otherLiab": 16403755000, "minorityInterest": 8554303000, "totalCurrentLiabilities": 30659398000, "totalLiab": 86787863000, "commonStock": 5638336000, "retainedEarnings": 46168147000, "treasuryStock": -31656033000, "capitalSurplus": 4133788000, "otherStockholderEquity": -31656033000, "totalStockholderEquity": 24284238000, "netTangibleAssets": 19877253000}, {"maxAge": 1, "endDate": "2017-03-31", "cash": 363361000, "shortTermInvestments": 8017538000, "netReceivables": 4593782000, "inventory": 1539896000, "otherCurrentAssets": 1206458000, "totalCurrentAssets": 15938548000, "longTermInvestments": 4690074000, "propertyPlantEquipment": 88515335000, "intangibleAssets": 4079032000, "otherAssets": 4859477000, "totalAssets": 118082466000, "accountsPayable": 3208880000, "shortLongTermDebt": 1895357000, "otherCurrentLiab": 11409611000, "longTermDebt": 27925908000, "otherLiab": 15438169000, "minorityInterest": 12351141000, "totalCurrentLiabilities": 17111935000, "totalLiab": 60476012000, "commonStock": 5635877000, "retainedEarnings": 37060403000, "treasuryStock": -1547206000, "capitalSurplus": 4106239000, "otherStockholderEquity": -1547206000, "totalStockholderEquity": 45255313000, "netTangibleAssets": 41176281000}], "maxAge": 86400}, "earningsTrend": {"trend": [{"maxAge": 1, "period": "0q", "endDate": "2018-12-31", "growth": {}, "earningsEstimate": {"avg": 0.0, "low": 0.0, "high": 0.0, "yearAgoEps": 3.22, "numberOfAnalysts": 0, "growth": {}}, "revenueEstimate": {"avg": 4542600000, "low": 4419000000, "high": 4716800000, "numberOfAnalysts": 3, "yearAgoRevenue": 3501820000, "growth": 0.29700002}, "epsTrend": {"current": 0.0, "7daysAgo": 3.88, "30daysAgo": 3.88, "60daysAgo": 3.88, "90daysAgo": 3.88}, "epsRevisions": {"upLast7days": 0, "upLast30days": 0, "downLast30days": 0, "downLast90days": {}}}, {"maxAge": 1, "period": "+1q", "endDate": "2019-03-31", "growth": {}, "earningsEstimate": {"avg": 0.0, "low": 0.0, "high": 0.0, "yearAgoEps": 2.79, "numberOfAnalysts": 0, "growth": {}}, "revenueEstimate": {"avg": 4248190000, "low": 3997000000, "high": 4555580000, "numberOfAnalysts": 3, "yearAgoRevenue": 3503890000, "growth": 0.21200001}, "epsTrend": {"current": 0.0, "7daysAgo": 4.16, "30daysAgo": 4.16, "60daysAgo": 4.16, "90daysAgo": 4.16}, "epsRevisions": {"upLast7days": 0, "upLast30days": 0, "downLast30days": 0, "downLast90days": {}}}, {"maxAge": 1, "period": "0y", "endDate": "2019-03-31", "growth": {}, "earningsEstimate": {"avg": 0.0, "low": 0.0, "high": 0.0, "yearAgoEps": {}, "numberOfAnalysts": 0, "growth": {}}, "revenueEstimate": {"avg": 81328700000, "low": 13881600000, "high": 104793000000, "numberOfAnalysts": 5, "yearAgoRevenue": 13317500000, "growth": 5.1070004}, "epsTrend": {"current": 0.0, "7daysAgo": 17.16, "30daysAgo": 17.16, "60daysAgo": 17.16, "90daysAgo": 17.16}, "epsRevisions": {"upLast7days": 0, "upLast30days": 0, "downLast30days": 0, "downLast90days": {}}}, {"maxAge": 1, "period": "+1y", "endDate": "2020-03-31", "growth": {}, "earningsEstimate": {"avg": 0.0, "low": 0.0, "high": 0.0, "yearAgoEps": {}, "numberOfAnalysts": 0, "growth": {}}, "revenueEstimate": {"avg": 110474000000, "low": 104690000000, "high": 123324000000, "numberOfAnalysts": 4, "yearAgoRevenue": 81328700000, "growth": 0.35799998}, "epsTrend": {"current": 0.0, "7daysAgo": 19.64, "30daysAgo": 19.64, "60daysAgo": 19.64, "90daysAgo": 19.64}, "epsRevisions": {"upLast7days": 0, "upLast30days": 0, "downLast30days": 0, "downLast90days": {}}}, {"maxAge": 1, "period": "+5y", "endDate": null, "growth": 0.25, "earningsEstimate": {"avg": {}, "low": {}, "high": {}, "yearAgoEps": {}, "numberOfAnalysts": {}, "growth": {}}, "revenueEstimate": {"avg": {}, "low": {}, "high": {}, "numberOfAnalysts": {}, "yearAgoRevenue": {}, "growth": {}}, "epsTrend": {"current": {}, "7daysAgo": {}, "30daysAgo": {}, "60daysAgo": {}, "90daysAgo": {}}, "epsRevisions": {"upLast7days": {}, "upLast30days": {}, "downLast30days": {}, "downLast90days": {}}}, {"maxAge": 1, "period": "-5y", "endDate": null, "growth": {}, "earningsEstimate": {"avg": {}, "low": {}, "high": {}, "yearAgoEps": {}, "numberOfAnalysts": {}, "growth": {}}, "revenueEstimate": {"avg": {}, "low": {}, "high": {}, "numberOfAnalysts": {}, "yearAgoRevenue": {}, "growth": {}}, "epsTrend": {"current": {}, "7daysAgo": {}, "30daysAgo": {}, "60daysAgo": {}, "90daysAgo": {}}, "epsRevisions": {"upLast7days": {}, "upLast30days": {}, "downLast30days": {}, "downLast90days": {}}}], "maxAge": 1}, "institutionOwnership": {"ownershipList": [], "maxAge": 1}, "majorHoldersBreakdown": {"maxAge": 1, "insidersPercentHeld": 0.50259, "institutionsPercentHeld": 0.33446, "institutionsFloatPercentHeld": 0.67239, "institutionsCount": 77}, "balanceSheetHistoryQuarterly": {"balanceSheetStatements": [{"maxAge": 1, "endDate": "2020-12-31", "totalStockholderEquity": 54904174000, "netTangibleAssets": 49842922000}, {"maxAge": 1, "endDate": "2020-09-30", "cash": 11066388000, "shortTermInvestments": 613703000, "netReceivables": 6822939000, "inventory": 1605436000, "otherCurrentAssets": 789493000, "totalCurrentAssets": 20897959000, "longTermInvestments": 12361884000, "propertyPlantEquipment": 96049086000, "intangibleAssets": 5061252000, "otherAssets": 3999948000, "totalAssets": 138370129000, "accountsPayable": 3858384000, "otherCurrentLiab": 27043558000, "longTermDebt": 18439646000, "otherLiab": 14700779000, "minorityInterest": 17254268000, "totalCurrentLiabilities": 33071262000, "totalLiab": 66211687000, "commonStock": 5642008000, "treasuryStock": 49262166000, "otherStockholderEquity": 49262166000, "totalStockholderEquity": 54904174000, "netTangibleAssets": 49842922000}, {"maxAge": 1, "endDate": "2020-06-30", "totalStockholderEquity": 48842740000, "netTangibleAssets": 43873381000}, {"maxAge": 1, "endDate": "2020-03-31", "cash": 6397046000, "shortTermInvestments": 1944443000, "netReceivables": 6588538000, "inventory": 1723909000, "otherCurrentAssets": 1469910000, "totalCurrentAssets": 18533622000, "longTermInvestments": 10230406000, "propertyPlantEquipment": 95646120000, "intangibleAssets": 4969359000, "otherAssets": 4122171000, "totalAssets": 133501678000, "accountsPayable": 3914288000, "shortLongTermDebt": 12501545000, "otherCurrentLiab": 13995234000, "longTermDebt": 23784939000, "otherLiab": 14112877000, "minorityInterest": 15204713000, "totalCurrentLiabilities": 31040896000, "totalLiab": 69454225000, "commonStock": 5641012000, "retainedEarnings": 70716435000, "treasuryStock": -31684076000, "capitalSurplus": 4169369000, "otherStockholderEquity": -31684076000, "totalStockholderEquity": 48842740000, "netTangibleAssets": 43873381000}], "maxAge": 86400}, "earningsHistory": {"history": [{"maxAge": 1, "epsActual": 3.22, "epsEstimate": 3.12, "epsDifference": 0.1, "surprisePercent": 0.032, "quarter": "2017-12-31", "period": "-4q"}, {"maxAge": 1, "epsActual": 2.79, "epsEstimate": 3.21, "epsDifference": -0.42, "surprisePercent": -0.131, "quarter": "2018-03-31", "period": "-3q"}, {"maxAge": 1, "epsActual": 2.56, "epsEstimate": 2.83, "epsDifference": -0.27, "surprisePercent": -0.095, "quarter": "2018-06-30", "period": "-2q"}, {"maxAge": 1, "epsActual": 5.73, "epsEstimate": 4.04, "epsDifference": 1.69, "surprisePercent": 0.41799998, "quarter": "2018-09-30", "period": "-1q"}], "maxAge": 86400}, "summaryProfile": {"address1": "GSPL Bhavan", "address2": "E-18, GIDC Electronic Estate Nr.K-7 Circle Sector-26", "city": "Gandhinagar", "zip": "382028", "country": "India", "phone": "91 79 2326 8500", "fax": "91 79 2326 8506", "website": "http://www.gspcgroup.com/GSPL/", "industry": "Utilities\u2014Regulated Gas", "sector": "Utilities", "longBusinessSummary": "Gujarat State Petronet Limited transmits natural gas through pipeline on an open access basis from supply points to demand centers in India. The company develops energy transportation infrastructure and connects natural gas supply sources, including LNG terminals to various markets in Gujarat. As of March 31, 2019, it operated approximately 2692 kilometers of pipeline network. The company transports approximately 35 MMSCMD of natural gas to refineries, steel plants, fertilizer plants, petrochemical plants, power plants, glass industries, and other miscellaneous industries, as well as to textile, chemical, and city gas distribution companies. It also generates and sells electricity through windmills. The company was founded in 1998 and is based in Gandhinagar, India.", "fullTimeEmployees": 252, "companyOfficers": [], "maxAge": 86400}, "netSharePurchaseActivity": {"maxAge": 1, "period": "6m", "buyInfoCount": 0, "buyInfoShares": 0, "sellInfoCount": 0, "netInfoCount": 0, "netInfoShares": 0, "netPercentInsiderShares": 0.0, "totalInsiderShares": 283507040}, "insiderTransactions": {"transactions": [{"maxAge": 1, "shares": 21482, "value": 65079, "filerUrl": "", "transactionText": "Sale at price 3.03 per share.", "filerName": "Agarwal (Devendra)", "filerRelation": "UNREPORTED", "moneyText": "", "startDate": "2020-12-31", "ownership": "D"}, {"maxAge": 1, "shares": 10000, "filerUrl": "", "transactionText": "", "filerName": "Tripathi (Chinmay)", "filerRelation": "UNREPORTED", "moneyText": "", "startDate": "2019-08-23", "ownership": "D"}, {"maxAge": 1, "shares": 5000, "filerUrl": "", "transactionText": "", "filerName": "Tripathi (Chinmay)", "filerRelation": "UNREPORTED", "moneyText": "", "startDate": "2019-08-20", "ownership": "D"}, {"maxAge": 1, "shares": 1000, "filerUrl": "", "transactionText": "", "filerName": "Tripathi (Chinmay)", "filerRelation": "UNREPORTED", "moneyText": "", "startDate": "2019-08-06", "ownership": "D"}, {"maxAge": 1, "shares": 12500, "filerUrl": "", "transactionText": "", "filerName": "Babu (Bose N)", "filerRelation": "UNREPORTED", "moneyText": "", "startDate": "2019-03-29", "ownership": "D"}, {"maxAge": 1, "shares": 4000, "filerUrl": "", "transactionText": "", "filerName": "Majumdar (Subhasish)", "filerRelation": "UNREPORTED", "moneyText": "", "startDate": "2018-01-24", "ownership": "D"}, {"maxAge": 1, "shares": 1000, "filerUrl": "", "transactionText": "", "filerName": "Majumdar (Subhasish)", "filerRelation": "UNREPORTED", "moneyText": "", "startDate": "2018-01-18", "ownership": "D"}, {"maxAge": 1, "shares": 1500, "filerUrl": "", "transactionText": "", "filerName": "Majumdar (Subhasish)", "filerRelation": "UNREPORTED", "moneyText": "", "startDate": "2018-01-17", "ownership": "D"}, {"maxAge": 1, "shares": 18116, "filerUrl": "", "transactionText": "", "filerName": "Seth (Manish)", "filerRelation": "General Manager", "moneyText": "", "startDate": "2018-01-16", "ownership": "D"}, {"maxAge": 1, "shares": 7500, "filerUrl": "", "transactionText": "", "filerName": "Seth (Manish)", "filerRelation": "General Manager", "moneyText": "", "startDate": "2018-01-15", "ownership": "D"}, {"maxAge": 1, "shares": 12000, "filerUrl": "", "transactionText": "", "filerName": "Seth (Manish)", "filerRelation": "General Manager", "moneyText": "", "startDate": "2018-01-12", "ownership": "D"}, {"maxAge": 1, "shares": 700, "filerUrl": "", "transactionText": "", "filerName": "Seth (Manish)", "filerRelation": "General Manager", "moneyText": "", "startDate": "2018-01-11", "ownership": "D"}, {"maxAge": 1, "shares": 9000, "filerUrl": "", "transactionText": "", "filerName": "Seth (Manish)", "filerRelation": "General Manager", "moneyText": "", "startDate": "2018-01-11", "ownership": "D"}, {"maxAge": 1, "shares": 16135, "filerUrl": "", "transactionText": "", "filerName": "Agrawal (Ravindra)", "filerRelation": "Divisional Officer", "moneyText": "", "startDate": "2018-01-08", "ownership": "D"}, {"maxAge": 1, "shares": 457, "filerUrl": "", "transactionText": "", "filerName": "Agarwal (Devendra)", "filerRelation": "UNREPORTED", "moneyText": "", "startDate": "2017-12-29", "ownership": "D"}, {"maxAge": 1, "shares": 10000, "filerUrl": "", "transactionText": "", "filerName": "Agarwal (Devendra)", "filerRelation": "UNREPORTED", "moneyText": "", "startDate": "2017-12-28", "ownership": "D"}, {"maxAge": 1, "shares": 15000, "filerUrl": "", "transactionText": "", "filerName": "Agarwal (Devendra)", "filerRelation": "UNREPORTED", "moneyText": "", "startDate": "2017-12-27", "ownership": "D"}, {"maxAge": 1, "shares": 3500, "filerUrl": "", "transactionText": "", "filerName": "Agrawal (Ravindra)", "filerRelation": "Divisional Officer", "moneyText": "", "startDate": "2017-12-26", "ownership": "D"}, {"maxAge": 1, "shares": 10228, "filerUrl": "", "transactionText": "", "filerName": "Agrawal (Ravindra)", "filerRelation": "Divisional Officer", "moneyText": "", "startDate": "2017-12-22", "ownership": "D"}, {"maxAge": 1, "shares": 907, "filerUrl": "", "transactionText": "", "filerName": "Agrawal (Ravindra)", "filerRelation": "Divisional Officer", "moneyText": "", "startDate": "2015-08-25", "ownership": "D"}, {"maxAge": 1, "shares": 11405, "filerUrl": "", "transactionText": "", "filerName": "Modi (Amrita Dhruv)", "filerRelation": "UNREPORTED", "moneyText": "", "startDate": "2015-07-13", "ownership": "D"}, {"maxAge": 1, "shares": 2500, "filerUrl": "", "transactionText": "", "filerName": "Agrawal (Ravindra)", "filerRelation": "UNREPORTED", "moneyText": "", "startDate": "2015-02-20", "ownership": "D"}, {"maxAge": 1, "shares": 4000, "filerUrl": "", "transactionText": "", "filerName": "Agrawal (Ravindra)", "filerRelation": "UNREPORTED", "moneyText": "", "startDate": "2015-02-18", "ownership": "D"}, {"maxAge": 1, "shares": 24093, "filerUrl": "", "transactionText": "", "filerName": "Babu (Bose N)", "filerRelation": "UNREPORTED", "moneyText": "", "startDate": "2015-02-02", "ownership": "D"}, {"maxAge": 1, "shares": 1500, "filerUrl": "", "transactionText": "", "filerName": "Agrawal (Ravindra)", "filerRelation": "UNREPORTED", "moneyText": "", "startDate": "2015-01-21", "ownership": "D"}, {"maxAge": 1, "shares": 11546559, "filerUrl": "", "transactionText": "", "filerName": "Life Insurance Corporation of India", "filerRelation": "UNREPORTED", "moneyText": "", "startDate": "2011-02-21", "ownership": "D"}, {"maxAge": 1, "shares": 338261, "filerUrl": "", "transactionText": "", "filerName": "Life Insurance Corporation of India", "filerRelation": "UNREPORTED", "moneyText": "", "startDate": "2010-06-24", "ownership": "D"}], "maxAge": 1}, "sectorTrend": {"maxAge": 1, "symbol": null, "estimates": []}, "incomeStatementHistoryQuarterly": {"incomeStatementHistory": [{"maxAge": 1, "endDate": "2020-12-31", "totalRevenue": 32825594000, "costOfRevenue": 20080079000, "grossProfit": 12745515000, "researchDevelopment": {}, "sellingGeneralAdministrative": 602299000, "nonRecurring": {}, "otherOperatingExpenses": 1950056000, "totalOperatingExpenses": 24003237000, "operatingIncome": 8822357000, "totalOtherIncomeExpenseNet": -149164000, "ebit": 8822357000, "interestExpense": -515936000, "incomeBeforeTax": 8673193000, "incomeTaxExpense": 2170549000, "minorityInterest": {}, "netIncomeFromContinuingOps": 6502644000, "discontinuedOperations": {}, "extraordinaryItems": {}, "effectOfAccountingCharges": {}, "otherItems": {}, "netIncome": 4704528000, "netIncomeApplicableToCommonShares": 4704528000}, {"maxAge": 1, "endDate": "2020-09-30", "totalRevenue": 29804324000, "costOfRevenue": 15925335000, "grossProfit": 13878989000, "researchDevelopment": {}, "sellingGeneralAdministrative": 596890000, "nonRecurring": {}, "otherOperatingExpenses": 2102070000, "totalOperatingExpenses": 19983404000, "operatingIncome": 9820920000, "totalOtherIncomeExpenseNet": -253013000, "ebit": 9820920000, "interestExpense": -625364000, "incomeBeforeTax": 9567907000, "incomeTaxExpense": 2402853000, "minorityInterest": 17254268000, "netIncomeFromContinuingOps": 7165054000, "discontinuedOperations": {}, "extraordinaryItems": {}, "effectOfAccountingCharges": {}, "otherItems": {}, "netIncome": 4985743000, "netIncomeApplicableToCommonShares": 4985743000}, {"maxAge": 1, "endDate": "2020-06-30", "totalRevenue": 15054180000, "costOfRevenue": 7497316000, "grossProfit": 7556864000, "researchDevelopment": {}, "sellingGeneralAdministrative": 559647000, "nonRecurring": {}, "otherOperatingExpenses": 1645305000, "totalOperatingExpenses": 11021850000, "operatingIncome": 4032330000, "totalOtherIncomeExpenseNet": -621412000, "ebit": 4032330000, "interestExpense": -719260000, "incomeBeforeTax": 3410918000, "incomeTaxExpense": 929548000, "minorityInterest": 17254268000, "netIncomeFromContinuingOps": 2481370000, "discontinuedOperations": {}, "extraordinaryItems": {}, "effectOfAccountingCharges": {}, "otherItems": {}, "netIncome": 2210629000, "netIncomeApplicableToCommonShares": 2210629000}, {"maxAge": 1, "endDate": "2020-03-31", "totalRevenue": 31516365000, "costOfRevenue": 25991873000, "grossProfit": 5524492000, "researchDevelopment": {}, "sellingGeneralAdministrative": 2883858000, "nonRecurring": {}, "otherOperatingExpenses": -5694555000, "totalOperatingExpenses": 24543549000, "operatingIncome": 6972816000, "totalOtherIncomeExpenseNet": -988543000, "ebit": 6972816000, "interestExpense": -657716000, "incomeBeforeTax": 5984273000, "incomeTaxExpense": 1007546000, "minorityInterest": 15204713000, "netIncomeFromContinuingOps": 4976727000, "discontinuedOperations": {}, "extraordinaryItems": {}, "effectOfAccountingCharges": {}, "otherItems": {}, "netIncome": 3828863000, "netIncomeApplicableToCommonShares": 3828863000}], "maxAge": 86400}, "cashflowStatementHistoryQuarterly": {"cashflowStatements": [{"maxAge": 1, "endDate": "2020-12-31", "netIncome": 4704528000, "changeToLiabilities": 0}, {"maxAge": 1, "endDate": "2020-09-30", "netIncome": 4985743000, "changeToLiabilities": 0}, {"maxAge": 1, "endDate": "2020-06-30", "netIncome": 2210629000, "changeToLiabilities": 0}, {"maxAge": 1, "endDate": "2020-03-31", "netIncome": 3828863000, "changeToLiabilities": 0}], "maxAge": 86400}, "earnings": {"maxAge": 86400, "earningsChart": {"quarterly": [{"date": "4Q2017", "actual": 3.22, "estimate": 3.12}, {"date": "1Q2018", "actual": 2.79, "estimate": 3.21}, {"date": "2Q2018", "actual": 2.56, "estimate": 2.83}, {"date": "3Q2018", "actual": 5.73, "estimate": 4.04}], "currentQuarterEstimateDate": "4Q", "currentQuarterEstimateYear": 2018, "earningsDate": ["2021-02-10 05:30:S"]}, "financialsChart": {"yearly": [{"date": 2017, "revenue": 59012925000, "earnings": 5544171000}, {"date": 2018, "revenue": 72610465000, "earnings": 7413067000}, {"date": 2019, "revenue": 93451207000, "earnings": 9986030000}, {"date": 2020, "revenue": 122436142000, "earnings": 17291736000}], "quarterly": [{"date": "1Q2020", "revenue": 31516365000, "earnings": 3828863000}, {"date": "2Q2020", "revenue": 15054180000, "earnings": 2210629000}, {"date": "3Q2020", "revenue": 29804324000, "earnings": 4985743000}, {"date": "4Q2020", "revenue": 32825594000, "earnings": 4704528000}]}, "financialCurrency": "INR"}, "financialData": {"maxAge": 86400, "currentPrice": 269.65, "targetHighPrice": 270.0, "targetLowPrice": 152.0, "targetMeanPrice": 221.07, "targetMedianPrice": 225.0, "recommendationKey": "none", "numberOfAnalystOpinions": 27, "totalCash": 11680091136, "totalCashPerShare": 20.706, "ebitda": 35060269056, "totalDebt": 20379645952, "totalRevenue": 109200465920, "debtToEquity": 28.243, "revenuePerShare": 193.53, "grossProfits": 37446703000, "earningsGrowth": 0.479, "revenueGrowth": 0.084, "grossMargins": 0.36361, "ebitdaMargins": 0.32106, "operatingMargins": 0.2715, "profitMargins": 0.14404, "financialCurrency": "INR"}}}