{"GSPL.BO": {"recommendationTrend": {"trend": [{"period": "0m", "strongBuy": 0, "buy": 0, "hold": 0, "sell": 0, "strongSell": 0}, {"period": "-1m", "strongBuy": 0, "buy": 0, "hold": 0, "sell": 0, "strongSell": 0}, {"period": "-2m", "strongBuy": 0, "buy": 0, "hold": 0, "sell": 0, "strongSell": 0}, {"period": "-3m", "strongBuy": 0, "buy": 0, "hold": 0, "sell": 0, "strongSell": 0}], "maxAge": 86400}, "cashflowStatementHistory": {"cashflowStatements": [{"maxAge": 1, "endDate": "2020-03-31", "netIncome": 17291736000, "depreciation": 5098137000, "changeToNetincome": 3952537000, "changeToAccountReceivables": 435341000, "changeToLiabilities": 338979000, "changeToInventory": 249256000, "changeToOperatingActivities": 262450000, "totalCashFromOperatingActivities": 27710394000, "capitalExpenditures": -7027756000, "investments": -2629105000, "otherCashflowsFromInvestingActivities": 1590967000, "totalCashflowsFromInvestingActivities": -8058117000, "dividendsPaid": -1747867000, "netBorrowings": -9659715000, "otherCashflowsFromFinancingActivities": -3540130000, "totalCashFromFinancingActivities": -14939320000, "changeInCash": 4712957000, "issuanceOfStock": 8392000}, {"maxAge": 1, "endDate": "2019-03-31", "netIncome": 9986030000, "depreciation": 4679860000, "changeToNetincome": 7019734000, "changeToAccountReceivables": -2089812000, "changeToLiabilities": 718336000, "changeToInventory": -170720000, "changeToOperatingActivities": 298113000, "totalCashFromOperatingActivities": 20441541000, "capitalExpenditures": -7540512000, "investments": -2685140000, "otherCashflowsFromInvestingActivities": 3990360000, "totalCashflowsFromInvestingActivities": -6117346000, "dividendsPaid": -1796113000, "netBorrowings": -8051139000, "otherCashflowsFromFinancingActivities": -3986213000, "totalCashFromFinancingActivities": -13821782000, "changeInCash": 502413000, "issuanceOfStock": 11683000}, {"maxAge": 1, "endDate": "2018-03-31", "netIncome": 7413067000, "depreciation": 4468587000, "changeToNetincome": 4528734000, "changeToAccountReceivables": -488326000, "changeToLiabilities": -154388000, "changeToInventory": -262549000, "changeToOperatingActivities": 1183061000, "totalCashFromOperatingActivities": 16688186000, "capitalExpenditures": -7449840000, "investments": -34051986000, "otherCashflowsFromInvestingActivities": 5366213000, "totalCashflowsFromInvestingActivities": -35928702000, "dividendsPaid": -1517206000, "netBorrowings": 23990611000, "otherCashflowsFromFinancingActivities": -2360213000, "totalCashFromFinancingActivities": 20131632000, "changeInCash": 891116000, "issuanceOfStock": 18440000}, {"maxAge": 1, "endDate": "2017-03-31", "netIncome": 5544171000, "depreciation": 4364687000, "changeToNetincome": 4121237000, "changeToAccountReceivables": -134468000, "changeToLiabilities": 636736000, "changeToInventory": 50759000, "changeToOperatingActivities": 1858193000, "totalCashFromOperatingActivities": 16441315000, "capitalExpenditures": -5859069000, "investments": -328300000, "otherCashflowsFromInvestingActivities": -2161811000, "totalCashflowsFromInvestingActivities": -8346098000, "dividendsPaid": -1342092000, "netBorrowings": -4153267000, "otherCashflowsFromFinancingActivities": -3354003000, "totalCashFromFinancingActivities": -8791188000, "changeInCash": -695971000, "issuanceOfStock": 58174000}], "maxAge": 86400}, "institutionOwnership": {"ownershipList": [], "maxAge": 1}, "balanceSheetHistoryQuarterly": {"balanceSheetStatements": [{"maxAge": 1, "endDate": "2020-06-30", "totalStockholderEquity": 48842740000, "netTangibleAssets": 43873381000}, {"maxAge": 1, "endDate": "2020-03-31", "cash": 6397046000, "shortTermInvestments": 1944443000, "netReceivables": 6588538000, "inventory": 1723909000, "otherCurrentAssets": 1469910000, "totalCurrentAssets": 18533622000, "longTermInvestments": 10230406000, "propertyPlantEquipment": 95646120000, "intangibleAssets": 4969359000, "otherAssets": 4122171000, "totalAssets": 133501678000, "accountsPayable": 3914288000, "shortLongTermDebt": 12501545000, "otherCurrentLiab": 13995234000, "longTermDebt": 23784939000, "otherLiab": 14112877000, "minorityInterest": 15204713000, "totalCurrentLiabilities": 31040896000, "totalLiab": 69454225000, "commonStock": 5641012000, "retainedEarnings": 70716435000, "treasuryStock": -31684076000, "capitalSurplus": 4169369000, "otherStockholderEquity": -31684076000, "totalStockholderEquity": 48842740000, "netTangibleAssets": 43873381000}, {"maxAge": 1, "endDate": "2019-12-31", "totalStockholderEquity": 41840644000, "netTangibleAssets": 37021061000}, {"maxAge": 1, "endDate": "2019-09-30", "cash": 8668177000, "shortTermInvestments": 1485551000, "netReceivables": 7057871000, "inventory": 1912731000, "otherCurrentAssets": 1558897000, "totalCurrentAssets": 20683227000, "longTermInvestments": 8560496000, "propertyPlantEquipment": 94548852000, "intangibleAssets": 4819583000, "otherAssets": 3561926000, "totalAssets": 132174084000, "accountsPayable": 3739311000, "otherCurrentLiab": 25006323000, "longTermDebt": 33828574000, "otherLiab": 14467010000, "minorityInterest": 13148261000, "totalCurrentLiabilities": 28889595000, "totalLiab": 77185179000, "commonStock": 5640509000, "treasuryStock": 36200135000, "otherStockholderEquity": 36200135000, "totalStockholderEquity": 41840644000, "netTangibleAssets": 37021061000}], "maxAge": 86400}, "earningsHistory": {"history": [{"maxAge": 1, "epsActual": 2.7, "epsEstimate": 2.55, "epsDifference": 0.15, "surprisePercent": 0.059, "quarter": "2017-06-30", "period": "-4q"}, {"maxAge": 1, "epsActual": 3.14, "epsEstimate": 2.94, "epsDifference": 0.2, "surprisePercent": 0.068, "quarter": "2017-09-30", "period": "-3q"}, {"maxAge": 1, "epsActual": 3.22, "epsEstimate": 3.12, "epsDifference": 0.1, "surprisePercent": 0.032, "quarter": "2017-12-31", "period": "-2q"}, {"maxAge": 1, "epsActual": 2.79, "epsEstimate": 3.21, "epsDifference": -0.42, "surprisePercent": -0.131, "quarter": "2018-03-31", "period": "-1q"}], "maxAge": 86400}, "indexTrend": {"maxAge": 1, "symbol": "SP5", "peRatio": 19.7411, "pegRatio": 1.34172, "estimates": [{"period": "0q", "growth": 0.549}, {"period": "+1q", "growth": 0.431}, {"period": "0y", "growth": 0.305}, {"period": "+1y", "growth": 0.109}, {"period": "+5y", "growth": 0.120865}, {"period": "-5y"}]}, "industryTrend": {"maxAge": 1, "symbol": null, "estimates": []}, "insiderTransactions": {"transactions": [{"maxAge": 1, "shares": 10000, "filerUrl": "", "transactionText": "", "filerName": "Tripathi (Chinmay)", "filerRelation": "UNREPORTED", "moneyText": "", "startDate": "2019-08-23", "ownership": "D"}, {"maxAge": 1, "shares": 5000, "filerUrl": "", "transactionText": "", "filerName": "Tripathi (Chinmay)", "filerRelation": "UNREPORTED", "moneyText": "", "startDate": "2019-08-20", "ownership": "D"}, {"maxAge": 1, "shares": 1000, "filerUrl": "", "transactionText": "", "filerName": "Tripathi (Chinmay)", "filerRelation": "UNREPORTED", "moneyText": "", "startDate": "2019-08-06", "ownership": "D"}, {"maxAge": 1, "shares": 12500, "filerUrl": "", "transactionText": "", "filerName": "Babu (Bose N)", "filerRelation": "UNREPORTED", "moneyText": "", "startDate": "2019-03-29", "ownership": "D"}, {"maxAge": 1, "shares": 4000, "filerUrl": "", "transactionText": "", "filerName": "Majumdar (Subhasish)", "filerRelation": "UNREPORTED", "moneyText": "", "startDate": "2018-01-24", "ownership": "D"}, {"maxAge": 1, "shares": 1000, "filerUrl": "", "transactionText": "", "filerName": "Majumdar (Subhasish)", "filerRelation": "UNREPORTED", "moneyText": "", "startDate": "2018-01-18", "ownership": "D"}, {"maxAge": 1, "shares": 1500, "filerUrl": "", "transactionText": "", "filerName": "Majumdar (Subhasish)", "filerRelation": "UNREPORTED", "moneyText": "", "startDate": "2018-01-17", "ownership": "D"}, {"maxAge": 1, "shares": 18116, "filerUrl": "", "transactionText": "", "filerName": "Seth (Manish)", "filerRelation": "General Manager", "moneyText": "", "startDate": "2018-01-16", "ownership": "D"}, {"maxAge": 1, "shares": 7500, "filerUrl": "", "transactionText": "", "filerName": "Seth (Manish)", "filerRelation": "General Manager", "moneyText": "", "startDate": "2018-01-15", "ownership": "D"}, {"maxAge": 1, "shares": 12000, "filerUrl": "", "transactionText": "", "filerName": "Seth (Manish)", "filerRelation": "General Manager", "moneyText": "", "startDate": "2018-01-12", "ownership": "D"}, {"maxAge": 1, "shares": 9000, "filerUrl": "", "transactionText": "", "filerName": "Seth (Manish)", "filerRelation": "General Manager", "moneyText": "", "startDate": "2018-01-11", "ownership": "D"}, {"maxAge": 1, "shares": 700, "filerUrl": "", "transactionText": "", "filerName": "Seth (Manish)", "filerRelation": "General Manager", "moneyText": "", "startDate": "2018-01-11", "ownership": "D"}, {"maxAge": 1, "shares": 16135, "filerUrl": "", "transactionText": "", "filerName": "Agrawal (Ravindra)", "filerRelation": "Divisional Officer", "moneyText": "", "startDate": "2018-01-08", "ownership": "D"}, {"maxAge": 1, "shares": 457, "filerUrl": "", "transactionText": "", "filerName": "Agarwal (Devendra)", "filerRelation": "UNREPORTED", "moneyText": "", "startDate": "2017-12-29", "ownership": "D"}, {"maxAge": 1, "shares": 10000, "filerUrl": "", "transactionText": "", "filerName": "Agarwal (Devendra)", "filerRelation": "UNREPORTED", "moneyText": "", "startDate": "2017-12-28", "ownership": "D"}, {"maxAge": 1, "shares": 15000, "filerUrl": "", "transactionText": "", "filerName": "Agarwal (Devendra)", "filerRelation": "UNREPORTED", "moneyText": "", "startDate": "2017-12-27", "ownership": "D"}, {"maxAge": 1, "shares": 3500, "filerUrl": "", "transactionText": "", "filerName": "Agrawal (Ravindra)", "filerRelation": "Divisional Officer", "moneyText": "", "startDate": "2017-12-26", "ownership": "D"}, {"maxAge": 1, "shares": 10228, "filerUrl": "", "transactionText": "", "filerName": "Agrawal (Ravindra)", "filerRelation": "Divisional Officer", "moneyText": "", "startDate": "2017-12-22", "ownership": "D"}, {"maxAge": 1, "shares": 907, "filerUrl": "", "transactionText": "", "filerName": "Agrawal (Ravindra)", "filerRelation": "Divisional Officer", "moneyText": "", "startDate": "2015-08-25", "ownership": "D"}, {"maxAge": 1, "shares": 11405, "filerUrl": "", "transactionText": "", "filerName": "Modi (Amrita Dhruv)", "filerRelation": "UNREPORTED", "moneyText": "", "startDate": "2015-07-13", "ownership": "D"}, {"maxAge": 1, "shares": 2500, "filerUrl": "", "transactionText": "", "filerName": "Agrawal (Ravindra)", "filerRelation": "UNREPORTED", "moneyText": "", "startDate": "2015-02-20", "ownership": "D"}, {"maxAge": 1, "shares": 4000, "filerUrl": "", "transactionText": "", "filerName": "Agrawal (Ravindra)", "filerRelation": "UNREPORTED", "moneyText": "", "startDate": "2015-02-18", "ownership": "D"}, {"maxAge": 1, "shares": 24093, "filerUrl": "", "transactionText": "", "filerName": "Babu (Bose N)", "filerRelation": "UNREPORTED", "moneyText": "", "startDate": "2015-02-02", "ownership": "D"}, {"maxAge": 1, "shares": 1500, "filerUrl": "", "transactionText": "", "filerName": "Agrawal (Ravindra)", "filerRelation": "UNREPORTED", "moneyText": "", "startDate": "2015-01-21", "ownership": "D"}, {"maxAge": 1, "shares": 11546559, "filerUrl": "", "transactionText": "", "filerName": "Life Insurance Corporation of India", "filerRelation": "UNREPORTED", "moneyText": "", "startDate": "2011-02-21", "ownership": "D"}, {"maxAge": 1, "shares": 338261, "filerUrl": "", "transactionText": "", "filerName": "Life Insurance Corporation of India", "filerRelation": "UNREPORTED", "moneyText": "", "startDate": "2010-06-24", "ownership": "D"}], "maxAge": 1}, "quoteType": {"exchange": "BSE", "quoteType": "EQUITY", "symbol": "GSPL.BO", "underlyingSymbol": "GSPL.BO", "shortName": "GUJARAT STATE PETRONET LTD.", "longName": "Gujarat State Petronet Limited", "firstTradeDateEpochUtc": "2006-02-16 09:15:00", "timeZoneFullName": "Asia/Kolkata", "timeZoneShortName": "IST", "uuid": "cfc0db58-2a2d-368f-b9e5-d4edf6a2cb0c", "gmtOffSetMilliseconds": 19800000, "maxAge": 1}, "incomeStatementHistory": {"incomeStatementHistory": [{"maxAge": 1, "endDate": "2020-03-31", "totalRevenue": 122436142000, "costOfRevenue": 84989439000, "grossProfit": 37446703000, "researchDevelopment": {}, "sellingGeneralAdministrative": 4684533000, "nonRecurring": {}, "otherOperatingExpenses": 58015000, "totalOperatingExpenses": 94949067000, "operatingIncome": 27487075000, "totalOtherIncomeExpenseNet": -3111648000, "ebit": 27487075000, "interestExpense": -3550346000, "incomeBeforeTax": 24375427000, "incomeTaxExpense": 1589076000, "minorityInterest": 15204713000, "netIncomeFromContinuingOps": 22786351000, "discontinuedOperations": {}, "extraordinaryItems": {}, "effectOfAccountingCharges": {}, "otherItems": {}, "netIncome": 17291736000, "netIncomeApplicableToCommonShares": 17291736000}, {"maxAge": 1, "endDate": "2019-03-31", "totalRevenue": 93451207000, "costOfRevenue": 63603845000, "grossProfit": 29847362000, "researchDevelopment": {}, "sellingGeneralAdministrative": 4216631000, "nonRecurring": {}, "otherOperatingExpenses": 18418000, "totalOperatingExpenses": 72551905000, "operatingIncome": 20899302000, "totalOtherIncomeExpenseNet": -3094945000, "ebit": 20899302000, "interestExpense": -4134760000, "incomeBeforeTax": 17804357000, "incomeTaxExpense": 5900407000, "minorityInterest": 10107578000, "netIncomeFromContinuingOps": 11903950000, "discontinuedOperations": {}, "extraordinaryItems": {}, "effectOfAccountingCharges": {}, "otherItems": {}, "netIncome": 9986030000, "netIncomeApplicableToCommonShares": 9986030000}, {"maxAge": 1, "endDate": "2018-03-31", "totalRevenue": 72610465000, "costOfRevenue": 48127506000, "grossProfit": 24482959000, "researchDevelopment": {}, "sellingGeneralAdministrative": 3625490000, "nonRecurring": {}, "otherOperatingExpenses": 33496000, "totalOperatingExpenses": 56260779000, "operatingIncome": 16349686000, "totalOtherIncomeExpenseNet": -1577476000, "ebit": 16349686000, "interestExpense": -2227362000, "incomeBeforeTax": 14772210000, "incomeTaxExpense": 5188125000, "minorityInterest": 8554303000, "netIncomeFromContinuingOps": 9584085000, "discontinuedOperations": {}, "extraordinaryItems": {}, "effectOfAccountingCharges": {}, "otherItems": {}, "netIncome": 7413067000, "netIncomeApplicableToCommonShares": 7413067000}, {"maxAge": 1, "endDate": "2017-03-31", "totalRevenue": 59012925000, "costOfRevenue": 39244277000, "grossProfit": 19768648000, "researchDevelopment": {}, "sellingGeneralAdministrative": 3172091000, "nonRecurring": {}, "otherOperatingExpenses": 15311000, "totalOperatingExpenses": 46837931000, "operatingIncome": 12174994000, "totalOtherIncomeExpenseNet": -1718284000, "ebit": 12174994000, "interestExpense": -2650883000, "incomeBeforeTax": 10456710000, "incomeTaxExpense": 3274921000, "minorityInterest": 12351141000, "netIncomeFromContinuingOps": 7181789000, "discontinuedOperations": {}, "extraordinaryItems": {}, "effectOfAccountingCharges": {}, "otherItems": {}, "netIncome": 5544171000, "netIncomeApplicableToCommonShares": 5544171000}], "maxAge": 86400}, "fundOwnership": {"ownershipList": [{"maxAge": 1, "reportDate": "2020-07-31", "organization": "Vanguard International Stock Index-Total Intl Stock Indx", "pctHeld": 0.0037, "position": 2101413, "value": 430474453}, {"maxAge": 1, "reportDate": "2020-07-31", "organization": "Vanguard International Stock Index-Emerging Markets Stk", "pctHeld": 0.0033000002, "position": 1865321, "value": 382111006}, {"maxAge": 1, "reportDate": "2020-07-31", "organization": "DFA Emerging Markets Core Equity Portfolio", "pctHeld": 0.0028, "position": 1570256, "value": 321666941}, {"maxAge": 1, "reportDate": "2020-07-31", "organization": "DFA Investment Dimensions-DFA Emerging Mkts Value", "pctHeld": 0.0027, "position": 1536895, "value": 314832940}, {"maxAge": 1, "reportDate": "2020-07-31", "organization": "iShares Core MSCI Emerging Markets ETF", "pctHeld": 0.0023999999, "position": 1355526, "value": 277679501}, {"maxAge": 1, "reportDate": "2020-07-31", "organization": "DFA Emerging Markets Small Cap Series", "pctHeld": 0.0019, "position": 1056398, "value": 216403130}, {"maxAge": 1, "reportDate": "2020-07-31", "organization": "Goldman Sachs Emerging Markets Equity Insights Fund", "pctHeld": 0.0011, "position": 612678, "value": 125507088}, {"maxAge": 1, "reportDate": "2020-06-30", "organization": "College Retirement Equities Fund-Stock Account", "pctHeld": 0.00090000004, "position": 483288, "value": 106637497}, {"maxAge": 1, "reportDate": "2020-07-31", "organization": "Vanguard Intl Equity Index Fds-FTSE All World ex U.S.Small Cap Index", "pctHeld": 0.0007, "position": 378233, "value": 77481030}, {"maxAge": 1, "reportDate": "2020-08-31", "organization": "WisdomTree Tr-WisdomTree India Earnings Fd", "pctHeld": 0.00059999997, "position": 345409, "value": 70066215}], "maxAge": 1}, "summaryDetail": {"maxAge": 1, "priceHint": 2, "previousClose": 269.25, "open": 270.0, "dayLow": 265.8, "dayHigh": 274.6, "regularMarketPreviousClose": 269.25, "regularMarketOpen": 270.0, "regularMarketDayLow": 265.8, "regularMarketDayHigh": 274.6, "trailingPE": 9.407131, "forwardPE": 23.633974, "volume": 56357, "regularMarketVolume": 56357, "averageVolume": 79275, "averageVolume10days": 101373, "averageDailyVolume10Day": 101373, "bid": 270.0, "ask": 271.45, "bidSize": 0, "askSize": 0, "marketCap": 152277860352, "fiftyTwoWeekLow": 146.0, "fiftyTwoWeekHigh": 274.6, "fiftyDayAverage": 211.9303, "twoHundredDayAverage": 205.45331, "trailingAnnualDividendRate": 2.0, "trailingAnnualDividendYield": 0.0074280407, "currency": "INR", "fromCurrency": null, "lastMarket": null, "algorithm": null, "tradeable": false}, "sectorTrend": {"maxAge": 1, "symbol": null, "estimates": []}, "incomeStatementHistoryQuarterly": {"incomeStatementHistory": [{"maxAge": 1, "endDate": "2020-06-30", "totalRevenue": 15054180000, "costOfRevenue": 7497316000, "grossProfit": 7556864000, "researchDevelopment": {}, "sellingGeneralAdministrative": 559647000, "nonRecurring": {}, "otherOperatingExpenses": 1645305000, "totalOperatingExpenses": 11021850000, "operatingIncome": 4032330000, "totalOtherIncomeExpenseNet": -621412000, "ebit": 4032330000, "interestExpense": -719260000, "incomeBeforeTax": 3410918000, "incomeTaxExpense": 929548000, "minorityInterest": {}, "netIncomeFromContinuingOps": 2481370000, "discontinuedOperations": {}, "extraordinaryItems": {}, "effectOfAccountingCharges": {}, "otherItems": {}, "netIncome": 2210629000, "netIncomeApplicableToCommonShares": 2210629000}, {"maxAge": 1, "endDate": "2020-03-31", "totalRevenue": 31516365000, "costOfRevenue": 25991873000, "grossProfit": 5524492000, "researchDevelopment": {}, "sellingGeneralAdministrative": 2883858000, "nonRecurring": {}, "otherOperatingExpenses": -5694555000, "totalOperatingExpenses": 24543549000, "operatingIncome": 6972816000, "totalOtherIncomeExpenseNet": -988543000, "ebit": 6972816000, "interestExpense": -657716000, "incomeBeforeTax": 5984273000, "incomeTaxExpense": 1007546000, "minorityInterest": 15204713000, "netIncomeFromContinuingOps": 4976727000, "discontinuedOperations": {}, "extraordinaryItems": {}, "effectOfAccountingCharges": {}, "otherItems": {}, "netIncome": 3828863000, "netIncomeApplicableToCommonShares": 3828863000}, {"maxAge": 1, "endDate": "2019-12-31", "totalRevenue": 30272541000, "costOfRevenue": 20175438000, "grossProfit": 10097103000, "researchDevelopment": {}, "sellingGeneralAdministrative": 591569000, "nonRecurring": {}, "otherOperatingExpenses": 1967780000, "totalOperatingExpenses": 24025338000, "operatingIncome": 6247203000, "totalOtherIncomeExpenseNet": -726950000, "ebit": 6247203000, "interestExpense": -876281000, "incomeBeforeTax": 5520253000, "incomeTaxExpense": 1432729000, "minorityInterest": 15204713000, "netIncomeFromContinuingOps": 4087524000, "discontinuedOperations": {}, "extraordinaryItems": {}, "effectOfAccountingCharges": {}, "otherItems": {}, "netIncome": 3183221000, "netIncomeApplicableToCommonShares": 3183221000}, {"maxAge": 1, "endDate": "2019-09-30", "totalRevenue": 30432290000, "costOfRevenue": 19900737000, "grossProfit": 10531553000, "researchDevelopment": {}, "sellingGeneralAdministrative": 616891000, "nonRecurring": {}, "otherOperatingExpenses": 1803846000, "totalOperatingExpenses": 23619827000, "operatingIncome": 6812463000, "totalOtherIncomeExpenseNet": -685000000, "ebit": 6812463000, "interestExpense": -994725000, "incomeBeforeTax": 6127463000, "incomeTaxExpense": -3204325000, "minorityInterest": 13148261000, "netIncomeFromContinuingOps": 9331788000, "discontinuedOperations": {}, "extraordinaryItems": {}, "effectOfAccountingCharges": {}, "otherItems": {}, "netIncome": 6962037000, "netIncomeApplicableToCommonShares": 6962037000}], "maxAge": 86400}, "cashflowStatementHistoryQuarterly": {"cashflowStatements": [{"maxAge": 1, "endDate": "2020-06-30", "netIncome": 2210629000, "changeToLiabilities": 0}, {"maxAge": 1, "endDate": "2020-03-31", "netIncome": 3828863000, "changeToLiabilities": 0}, {"maxAge": 1, "endDate": "2019-12-31", "netIncome": 3183221000, "changeToLiabilities": 0}, {"maxAge": 1, "endDate": "2019-09-30", "netIncome": 6962037000, "changeToLiabilities": 0}], "maxAge": 86400}, "insiderHolders": {"holders": [{"maxAge": 1, "name": "Agarwal (Devendra)", "relation": "UNREPORTED", "url": "", "transactionDescription": "Other", "latestTransDate": "2017-12-29", "positionDirect": 21500, "positionDirectDate": "2017-12-29"}, {"maxAge": 1, "name": "Agrawal (Ravindra)", "relation": "Divisional Officer", "url": "", "transactionDescription": "Other", "latestTransDate": "2018-01-08", "positionDirect": 0, "positionDirectDate": "2018-01-08"}, {"maxAge": 1, "name": "Babu (Bose N)", "relation": "UNREPORTED", "url": "", "transactionDescription": "Sale", "latestTransDate": "2019-03-29", "positionDirect": 24832, "positionDirectDate": "2019-03-29"}, {"maxAge": 1, "name": "Life Insurance Corporation of India", "relation": "UNREPORTED", "url": "", "transactionDescription": "Acquisition", "latestTransDate": "2011-02-21", "positionDirect": 39946704, "positionDirectDate": "2011-02-21"}, {"maxAge": 1, "name": "Majumdar (Subhasish)", "relation": "UNREPORTED", "url": "", "transactionDescription": "Other", "latestTransDate": "2018-01-24", "positionDirect": 0, "positionDirectDate": "2018-01-24"}, {"maxAge": 1, "name": "Modi (Amrita Dhruv)", "relation": "UNREPORTED", "url": "", "transactionDescription": "Sale", "latestTransDate": "2015-07-13", "positionDirect": 10401, "positionDirectDate": "2015-07-13"}, {"maxAge": 1, "name": "Seth (Manish)", "relation": "General Manager", "url": "", "transactionDescription": "Other", "latestTransDate": "2018-01-16", "positionDirect": 250, "positionDirectDate": "2018-01-16"}, {"maxAge": 1, "name": "Tripathi (Chinmay)", "relation": "UNREPORTED", "url": "", "transactionDescription": "Sale", "latestTransDate": "2019-08-23", "positionDirect": 3100, "positionDirectDate": "2019-08-23"}], "maxAge": 1}, "earnings": {"maxAge": 86400, "earningsChart": {"quarterly": [{"date": "2Q2017", "actual": 2.7, "estimate": 2.55}, {"date": "3Q2017", "actual": 3.14, "estimate": 2.94}, {"date": "4Q2017", "actual": 3.22, "estimate": 3.12}, {"date": "1Q2018", "actual": 2.79, "estimate": 3.21}], "currentQuarterEstimate": 3.26, "currentQuarterEstimateDate": "2Q", "currentQuarterEstimateYear": 2018, "earningsDate": ["2019-02-08 05:30:S"]}, "financialsChart": {"yearly": [{"date": 2017, "revenue": 59012925000, "earnings": 5544171000}, {"date": 2018, "revenue": 72610465000, "earnings": 7413067000}, {"date": 2019, "revenue": 93451207000, "earnings": 9986030000}, {"date": 2020, "revenue": 122436142000, "earnings": 17291736000}], "quarterly": [{"date": "3Q2019", "revenue": 30432290000, "earnings": 6962037000}, {"date": "4Q2019", "revenue": 30272541000, "earnings": 3183221000}, {"date": "1Q2020", "revenue": 31516365000, "earnings": 3828863000}, {"date": "2Q2020", "revenue": 15054180000, "earnings": 2210629000}]}, "financialCurrency": "INR"}, "calendarEvents": {"maxAge": 1, "earnings": {"earningsDate": ["2019-02-08 05:30:S"], "earningsAverage": 3.26, "earningsLow": 2.71, "earningsHigh": 3.8, "revenueAverage": 4344000000, "revenueLow": 4344000000, "revenueHigh": 4344000000}}, "upgradeDowngradeHistory": {"history": [], "maxAge": 86400}, "price": {"maxAge": 1, "regularMarketChangePercent": 0.0024140906, "regularMarketChange": 0.6499939, "regularMarketTime": "2021-04-30 15:29:33", "priceHint": 2, "regularMarketPrice": 269.9, "regularMarketDayHigh": 274.6, "regularMarketDayLow": 265.8, "regularMarketVolume": 56357, "averageDailyVolume10Day": 101373, "averageDailyVolume3Month": 79275, "regularMarketPreviousClose": 269.25, "regularMarketSource": "FREE_REALTIME", "regularMarketOpen": 270.0, "exchange": "BSE", "exchangeName": "BSE", "exchangeDataDelayedBy": 0, "marketState": "CLOSED", "quoteType": "EQUITY", "symbol": "GSPL.BO", "underlyingSymbol": null, "shortName": "GUJARAT STATE PETRONET LTD.", "longName": "Gujarat State Petronet Limited", "currency": "INR", "quoteSourceName": "Delayed Quote", "currencySymbol": "\u20b9", "fromCurrency": null, "lastMarket": null, "marketCap": 152277860352}, "balanceSheetHistory": {"balanceSheetStatements": [{"maxAge": 1, "endDate": "2020-03-31", "cash": 6397046000, "shortTermInvestments": 1944443000, "netReceivables": 6588538000, "inventory": 1723909000, "otherCurrentAssets": 1469910000, "totalCurrentAssets": 18533622000, "longTermInvestments": 10230406000, "propertyPlantEquipment": 95646120000, "intangibleAssets": 4969359000, "otherAssets": 4122171000, "totalAssets": 133501678000, "accountsPayable": 3914288000, "shortLongTermDebt": 12501545000, "otherCurrentLiab": 13995234000, "longTermDebt": 23784939000, "otherLiab": 14112877000, "minorityInterest": 15204713000, "totalCurrentLiabilities": 31040896000, "totalLiab": 69454225000, "commonStock": 5641012000, "retainedEarnings": 70716435000, "treasuryStock": -31684076000, "capitalSurplus": 4169369000, "otherStockholderEquity": -31684076000, "totalStockholderEquity": 48842740000, "netTangibleAssets": 43873381000}, {"maxAge": 1, "endDate": "2019-03-31", "cash": 1684089000, "shortTermInvestments": 3074482000, "netReceivables": 7043438000, "inventory": 1973165000, "otherCurrentAssets": 1408040000, "totalCurrentAssets": 15418275000, "longTermInvestments": 6962691000, "propertyPlantEquipment": 93298563000, "intangibleAssets": 4745402000, "otherAssets": 4189616000, "totalAssets": 124614547000, "accountsPayable": 3615161000, "shortLongTermDebt": 12043756000, "otherCurrentLiab": 13749847000, "longTermDebt": 33747128000, "otherLiab": 17935673000, "minorityInterest": 10107578000, "totalCurrentLiabilities": 29871839000, "totalLiab": 81554640000, "commonStock": 5639714000, "retainedEarnings": 54847033000, "treasuryStock": -31685934000, "capitalSurplus": 4151516000, "otherStockholderEquity": -31685934000, "totalStockholderEquity": 32952329000, "netTangibleAssets": 28206927000}, {"maxAge": 1, "endDate": "2018-03-31", "cash": 1194476000, "shortTermInvestments": 933229000, "netReceivables": 5056251000, "inventory": 1802445000, "otherCurrentAssets": 3970606000, "totalCurrentAssets": 13176265000, "longTermInvestments": 5899128000, "propertyPlantEquipment": 91404188000, "intangibleAssets": 4406985000, "otherAssets": 4739838000, "totalAssets": 119626404000, "accountsPayable": 3020087000, "shortLongTermDebt": 14122932000, "otherCurrentLiab": 13206316000, "longTermDebt": 39724710000, "otherLiab": 16403755000, "minorityInterest": 8554303000, "totalCurrentLiabilities": 30659398000, "totalLiab": 86787863000, "commonStock": 5638336000, "retainedEarnings": 46168147000, "treasuryStock": -31656033000, "capitalSurplus": 4133788000, "otherStockholderEquity": -31656033000, "totalStockholderEquity": 24284238000, "netTangibleAssets": 19877253000}, {"maxAge": 1, "endDate": "2017-03-31", "cash": 363361000, "shortTermInvestments": 8017538000, "netReceivables": 4593782000, "inventory": 1539896000, "otherCurrentAssets": 1206458000, "totalCurrentAssets": 15938548000, "longTermInvestments": 4690074000, "propertyPlantEquipment": 88515335000, "intangibleAssets": 4079032000, "otherAssets": 4859477000, "totalAssets": 118082466000, "accountsPayable": 3208880000, "shortLongTermDebt": 1895357000, "otherCurrentLiab": 11409611000, "longTermDebt": 27925908000, "otherLiab": 15438169000, "minorityInterest": 12351141000, "totalCurrentLiabilities": 17111935000, "totalLiab": 60476012000, "commonStock": 5635877000, "retainedEarnings": 37060403000, "treasuryStock": -1547206000, "capitalSurplus": 4106239000, "otherStockholderEquity": -1547206000, "totalStockholderEquity": 45255313000, "netTangibleAssets": 41176281000}], "maxAge": 86400}, "earningsTrend": {"trend": [{"maxAge": 1, "period": "0q", "endDate": "2018-06-30", "growth": 0.207, "earningsEstimate": {"avg": 3.26, "low": 2.71, "high": 3.8, "yearAgoEps": 2.7, "numberOfAnalysts": 2, "growth": 0.207}, "revenueEstimate": {"avg": 4344000000, "low": 4344000000, "high": 4344000000, "numberOfAnalysts": 1, "yearAgoRevenue": 2963410000, "growth": 0.466}, "epsTrend": {"current": 3.26, "7daysAgo": 3.8, "30daysAgo": 3.8, "60daysAgo": 2.21, "90daysAgo": 2.91}, "epsRevisions": {"upLast7days": 0, "upLast30days": 0, "downLast30days": 0, "downLast90days": {}}}, {"maxAge": 1, "period": "+1q", "endDate": "2018-09-30", "growth": -0.12100001, "earningsEstimate": {"avg": 2.76, "low": 2.36, "high": 3.15, "yearAgoEps": 3.14, "numberOfAnalysts": 2, "growth": -0.12100001}, "revenueEstimate": {"avg": 4164000000, "low": 4164000000, "high": 4164000000, "numberOfAnalysts": 1, "yearAgoRevenue": 3348370000, "growth": 0.244}, "epsTrend": {"current": 2.76, "7daysAgo": 3.15, "30daysAgo": 3.15, "60daysAgo": 2.4, "90daysAgo": 3.14}, "epsRevisions": {"upLast7days": 0, "upLast30days": 0, "downLast30days": 0, "downLast90days": {}}}, {"maxAge": 1, "period": "0y", "endDate": "2019-03-31", "growth": 0.024, "earningsEstimate": {"avg": 12.14, "low": 9.25, "high": 18.41, "yearAgoEps": 11.85, "numberOfAnalysts": 22, "growth": 0.024}, "revenueEstimate": {"avg": 14169200000, "low": 12100000000, "high": 16344000000, "numberOfAnalysts": 21, "yearAgoRevenue": 13317500000, "growth": 0.064}, "epsTrend": {"current": 12.14, "7daysAgo": 12.11, "30daysAgo": 12.58, "60daysAgo": 12.93, "90daysAgo": 13.07}, "epsRevisions": {"upLast7days": 0, "upLast30days": 1, "downLast30days": 0, "downLast90days": {}}}, {"maxAge": 1, "period": "+1y", "endDate": "2020-03-31", "growth": 0.073, "earningsEstimate": {"avg": 13.03, "low": 8.99, "high": 21.09, "yearAgoEps": 12.14, "numberOfAnalysts": 21, "growth": 0.073}, "revenueEstimate": {"avg": 14865000000, "low": 12584000000, "high": 17815000000, "numberOfAnalysts": 20, "yearAgoRevenue": 14169200000, "growth": 0.049000002}, "epsTrend": {"current": 13.03, "7daysAgo": 12.95, "30daysAgo": 13.33, "60daysAgo": 14.02, "90daysAgo": 14.19}, "epsRevisions": {"upLast7days": 0, "upLast30days": 1, "downLast30days": 0, "downLast90days": {}}}, {"maxAge": 1, "period": "+5y", "endDate": null, "growth": 0.3018, "earningsEstimate": {"avg": {}, "low": {}, "high": {}, "yearAgoEps": {}, "numberOfAnalysts": {}, "growth": {}}, "revenueEstimate": {"avg": {}, "low": {}, "high": {}, "numberOfAnalysts": {}, "yearAgoRevenue": {}, "growth": {}}, "epsTrend": {"current": {}, "7daysAgo": {}, "30daysAgo": {}, "60daysAgo": {}, "90daysAgo": {}}, "epsRevisions": {"upLast7days": {}, "upLast30days": {}, "downLast30days": {}, "downLast90days": {}}}, {"maxAge": 1, "period": "-5y", "endDate": null, "growth": 0.06843, "earningsEstimate": {"avg": {}, "low": {}, "high": {}, "yearAgoEps": {}, "numberOfAnalysts": {}, "growth": {}}, "revenueEstimate": {"avg": {}, "low": {}, "high": {}, "numberOfAnalysts": {}, "yearAgoRevenue": {}, "growth": {}}, "epsTrend": {"current": {}, "7daysAgo": {}, "30daysAgo": {}, "60daysAgo": {}, "90daysAgo": {}}, "epsRevisions": {"upLast7days": {}, "upLast30days": {}, "downLast30days": {}, "downLast90days": {}}}], "maxAge": 1}, "financialData": {"maxAge": 86400, "currentPrice": 269.9, "targetHighPrice": 279.0, "targetLowPrice": 165.0, "targetMeanPrice": 216.19, "targetMedianPrice": 221.5, "recommendationMean": 2.2, "recommendationKey": "buy", "numberOfAnalystOpinions": 26, "grossProfits": 37446703000, "financialCurrency": "INR"}}}