{"GSTL.BO": {"cashflowStatementHistory": {"cashflowStatements": [{"maxAge": 1, "endDate": "2020-03-31", "netIncome": 30905000, "depreciation": 14792000, "changeToNetincome": -980000, "changeToAccountReceivables": 71120000, "changeToLiabilities": -4184000, "changeToInventory": -61456000, "changeToOperatingActivities": -44110000, "totalCashFromOperatingActivities": 6087000, "capitalExpenditures": -32278000, "otherCashflowsFromInvestingActivities": -74000, "totalCashflowsFromInvestingActivities": -32352000, "netBorrowings": 31988000, "otherCashflowsFromFinancingActivities": -8513000, "totalCashFromFinancingActivities": 23475000, "changeInCash": -2790000}, {"maxAge": 1, "endDate": "2019-03-31", "netIncome": 11492099, "depreciation": 2617925, "changeToNetincome": -349599, "changeToAccountReceivables": -143797220, "changeToLiabilities": 15350074, "changeToInventory": -5785823, "changeToOperatingActivities": -112675557, "totalCashFromOperatingActivities": -199375859, "capitalExpenditures": -25763841, "investments": -3209429, "otherCashflowsFromInvestingActivities": 1316554, "totalCashflowsFromInvestingActivities": -27656716, "netBorrowings": 44325588, "otherCashflowsFromFinancingActivities": 7485680, "totalCashFromFinancingActivities": 51811268, "changeInCash": -175221307}, {"maxAge": 1, "endDate": "2018-03-31", "netIncome": 23213211, "depreciation": 2259629, "changeToNetincome": 1938093, "changeToAccountReceivables": -66389588, "changeToLiabilities": 16996205, "changeToInventory": 32161294, "changeToOperatingActivities": -13105200, "totalCashFromOperatingActivities": 16249561, "capitalExpenditures": -92018012, "investments": -28173048, "otherCashflowsFromInvestingActivities": 1012318, "totalCashflowsFromInvestingActivities": -119178742, "netBorrowings": -19799014, "otherCashflowsFromFinancingActivities": -10527121, "totalCashFromFinancingActivities": 169917865, "changeInCash": 66988685, "issuanceOfStock": 200244000}, {"maxAge": 1, "endDate": "2017-03-31", "netIncome": 10247031, "depreciation": 1316710, "changeToNetincome": 12426461, "changeToAccountReceivables": -47567509, "changeToLiabilities": -18115253, "changeToInventory": 24233783, "changeToOperatingActivities": 13587306, "totalCashFromOperatingActivities": 7426693, "capitalExpenditures": -53723041, "investments": -28173048, "otherCashflowsFromInvestingActivities": 1012318, "totalCashflowsFromInvestingActivities": -53723041, "netBorrowings": 30047537, "otherCashflowsFromFinancingActivities": -9864881, "totalCashFromFinancingActivities": 45839580, "changeInCash": -456769, "issuanceOfStock": 25656924}], "maxAge": 86400}, "institutionOwnership": {"ownershipList": [], "maxAge": 1}, "balanceSheetHistoryQuarterly": {"balanceSheetStatements": [{"maxAge": 1, "endDate": "2020-06-30", "totalStockholderEquity": 333401000, "netTangibleAssets": 309774000}, {"maxAge": 1, "endDate": "2020-03-31", "cash": 1575000, "netReceivables": 107832000, "inventory": 67242000, "otherCurrentAssets": 91438000, "totalCurrentAssets": 268087000, "propertyPlantEquipment": 85458000, "goodWill": 4046000, "intangibleAssets": 19581000, "otherAssets": 53495000, "totalAssets": 430667000, "accountsPayable": 11276000, "otherCurrentLiab": 16013000, "longTermDebt": 36939000, "otherLiab": 6193000, "minorityInterest": 1862000, "totalCurrentLiabilities": 52272000, "totalLiab": 95404000, "commonStock": 114566000, "treasuryStock": 218835000, "otherStockholderEquity": 218835000, "totalStockholderEquity": 333401000, "netTangibleAssets": 309774000}, {"maxAge": 1, "endDate": "2019-12-31", "cash": 1575000, "netReceivables": 107832000, "inventory": 67242000, "otherCurrentAssets": 91438000, "totalCurrentAssets": 268087000, "propertyPlantEquipment": 85458000, "goodWill": 4046000, "intangibleAssets": 19581000, "otherAssets": 53495000, "totalAssets": 430667000, "accountsPayable": 11276000, "otherCurrentLiab": 16013000, "longTermDebt": 36939000, "otherLiab": 6193000, "minorityInterest": 1862000, "totalCurrentLiabilities": 52272000, "totalLiab": 95404000, "commonStock": 114566000, "treasuryStock": 218835000, "otherStockholderEquity": 218835000, "totalStockholderEquity": 333401000, "netTangibleAssets": 309774000}, {"maxAge": 1, "endDate": "2019-06-30"}], "maxAge": 86400}, "indexTrend": {"maxAge": 1, "symbol": "SP5", "peRatio": 19.7411, "pegRatio": 1.34172, "estimates": [{"period": "0q", "growth": 0.549}, {"period": "+1q", "growth": 0.431}, {"period": "0y", "growth": 0.305}, {"period": "+1y", "growth": 0.109}, {"period": "+5y", "growth": 0.120859005}, {"period": "-5y"}]}, "insiderTransactions": {"transactions": [{"maxAge": 1, "shares": 20000, "filerUrl": "", "transactionText": "", "filerName": "Choice Equity Broking Pvt Ltd", "filerRelation": "Institution- Corporation", "moneyText": "", "startDate": "2018-08-20", "ownership": "D"}], "maxAge": 1}, "quoteType": {"exchange": "BSE", "quoteType": "EQUITY", "symbol": "GSTL.BO", "underlyingSymbol": "GSTL.BO", "shortName": "GlobalSpace Technologies Limit", "longName": "GlobalSpace Technologies Limited", "firstTradeDateEpochUtc": "2017-08-07 09:15:00", "timeZoneFullName": "Asia/Kolkata", "timeZoneShortName": "IST", "uuid": "cdcfe433-7631-304e-913e-cbfa94bce0b0", "gmtOffSetMilliseconds": 19800000, "maxAge": 1}, "incomeStatementHistory": {"incomeStatementHistory": [{"maxAge": 1, "endDate": "2020-03-31", "totalRevenue": 259137000, "costOfRevenue": 141635000, "grossProfit": 117502000, "researchDevelopment": {}, "sellingGeneralAdministrative": {}, "nonRecurring": {}, "otherOperatingExpenses": 51724000, "totalOperatingExpenses": 202060000, "operatingIncome": 57077000, "totalOtherIncomeExpenseNet": -14708000, "ebit": 57077000, "interestExpense": -14792000, "incomeBeforeTax": 42369000, "incomeTaxExpense": 13851000, "minorityInterest": 1862000, "netIncomeFromContinuingOps": 28518000, "discontinuedOperations": {}, "extraordinaryItems": {}, "effectOfAccountingCharges": {}, "otherItems": {}, "netIncome": 30905000, "netIncomeApplicableToCommonShares": 30905000}, {"maxAge": 1, "endDate": "2019-03-31", "totalRevenue": 153411309, "costOfRevenue": 55862728, "grossProfit": 97548581, "researchDevelopment": {}, "sellingGeneralAdministrative": 6348163, "nonRecurring": {}, "otherOperatingExpenses": 28557483, "totalOperatingExpenses": 127158541, "operatingIncome": 26252768, "totalOtherIncomeExpenseNet": -6291990, "ebit": 26252768, "interestExpense": -7849956, "incomeBeforeTax": 19960778, "incomeTaxExpense": 8468679, "minorityInterest": 10000, "netIncomeFromContinuingOps": 11492099, "discontinuedOperations": {}, "extraordinaryItems": {}, "effectOfAccountingCharges": {}, "otherItems": {}, "netIncome": 11492099, "netIncomeApplicableToCommonShares": 11492099}, {"maxAge": 1, "endDate": "2018-03-31", "totalRevenue": 291826060, "costOfRevenue": 123951402, "grossProfit": 167874658, "researchDevelopment": {}, "sellingGeneralAdministrative": 9244362, "nonRecurring": {}, "otherOperatingExpenses": 95823061, "totalOperatingExpenses": 250454371, "operatingIncome": 41371689, "totalOtherIncomeExpenseNet": -7484795, "ebit": 41371689, "interestExpense": -8208168, "incomeBeforeTax": 33886894, "incomeTaxExpense": 10673683, "minorityInterest": 10000, "netIncomeFromContinuingOps": 23213211, "discontinuedOperations": {}, "extraordinaryItems": {}, "effectOfAccountingCharges": {}, "otherItems": {}, "netIncome": 23213211, "netIncomeApplicableToCommonShares": 23213211}, {"maxAge": 1, "endDate": "2017-03-31", "totalRevenue": 172782420, "costOfRevenue": 123109809, "grossProfit": 49672611, "researchDevelopment": {}, "sellingGeneralAdministrative": 3434479, "nonRecurring": {}, "otherOperatingExpenses": 10436987, "totalOperatingExpenses": 149596149, "operatingIncome": 23186271, "totalOtherIncomeExpenseNet": -7432880, "ebit": 23186271, "interestExpense": -6899288, "incomeBeforeTax": 15753391, "incomeTaxExpense": 5506360, "minorityInterest": 10000, "netIncomeFromContinuingOps": 10247031, "discontinuedOperations": {}, "extraordinaryItems": {}, "effectOfAccountingCharges": {}, "otherItems": {}, "netIncome": 10247031, "netIncomeApplicableToCommonShares": 10247031}], "maxAge": 86400}, "fundOwnership": {"ownershipList": [], "maxAge": 1}, "summaryDetail": {"maxAge": 1, "priceHint": 2, "previousClose": 61.0, "open": 61.9, "dayLow": 60.05, "dayHigh": 62.5, "regularMarketPreviousClose": 61.0, "regularMarketOpen": 61.9, "regularMarketDayLow": 60.05, "regularMarketDayHigh": 62.5, "trailingPE": 19.012768, "volume": 6417, "regularMarketVolume": 6417, "averageVolume": 10913, "averageVolume10days": 3251, "averageDailyVolume10Day": 3251, "bid": 60.2, "ask": 61.15, "bidSize": 0, "askSize": 0, "marketCap": 699425408, "fiftyTwoWeekLow": 44.0, "fiftyTwoWeekHigh": 135.85, "fiftyDayAverage": 62.022728, "twoHundredDayAverage": 72.98676, "currency": "INR", "fromCurrency": null, "lastMarket": null, "algorithm": null, "tradeable": false}, "incomeStatementHistoryQuarterly": {"incomeStatementHistory": [{"maxAge": 1, "endDate": "2020-06-30", "totalRevenue": 58713000, "costOfRevenue": 20375000, "grossProfit": 38338000, "researchDevelopment": {}, "sellingGeneralAdministrative": {}, "nonRecurring": {}, "otherOperatingExpenses": 4416000, "totalOperatingExpenses": 29934000, "operatingIncome": 28779000, "totalOtherIncomeExpenseNet": -1277000, "ebit": 28779000, "interestExpense": -2177000, "incomeBeforeTax": 27502000, "incomeTaxExpense": 6853000, "minorityInterest": {}, "netIncomeFromContinuingOps": 20649000, "discontinuedOperations": {}, "extraordinaryItems": {}, "effectOfAccountingCharges": {}, "otherItems": {}, "netIncome": 20636000, "netIncomeApplicableToCommonShares": 20636000}, {"maxAge": 1, "endDate": "2020-03-31", "totalRevenue": 84520000, "costOfRevenue": -2555000, "grossProfit": 87075000, "researchDevelopment": {}, "sellingGeneralAdministrative": {}, "nonRecurring": {}, "otherOperatingExpenses": 22520000, "totalOperatingExpenses": 17392000, "operatingIncome": 67128000, "totalOtherIncomeExpenseNet": -2957000, "ebit": 67128000, "interestExpense": -3041000, "incomeBeforeTax": 64171000, "incomeTaxExpense": 9300000, "minorityInterest": 1862000, "netIncomeFromContinuingOps": 54871000, "discontinuedOperations": {}, "extraordinaryItems": {}, "effectOfAccountingCharges": {}, "otherItems": {}, "netIncome": 56728000, "netIncomeApplicableToCommonShares": 56728000}, {"maxAge": 1, "endDate": "2019-12-31", "totalRevenue": 72208500, "costOfRevenue": 38138000, "grossProfit": 34070500, "researchDevelopment": {}, "sellingGeneralAdministrative": {}, "nonRecurring": {}, "otherOperatingExpenses": 17356000, "totalOperatingExpenses": 50931500, "operatingIncome": 21277000, "totalOtherIncomeExpenseNet": -5504500, "ebit": 21277000, "interestExpense": -5546500, "incomeBeforeTax": 15772500, "incomeTaxExpense": 4778000, "minorityInterest": 1862000, "netIncomeFromContinuingOps": 10994500, "discontinuedOperations": {}, "extraordinaryItems": {}, "effectOfAccountingCharges": {}, "otherItems": {}, "netIncome": 11235500, "netIncomeApplicableToCommonShares": 11235500}, {"maxAge": 1, "endDate": "2019-06-30", "totalRevenue": 50310000, "costOfRevenue": 26750000, "grossProfit": 23560000, "researchDevelopment": {}, "sellingGeneralAdministrative": {}, "nonRecurring": {}, "otherOperatingExpenses": 4280000, "totalOperatingExpenses": 36480000, "operatingIncome": 13830000, "totalOtherIncomeExpenseNet": -1025000, "ebit": 13830000, "interestExpense": -1025000, "incomeBeforeTax": 12805000, "incomeTaxExpense": 1146000, "minorityInterest": 1862000, "netIncomeFromContinuingOps": 11659000, "discontinuedOperations": {}, "extraordinaryItems": {}, "effectOfAccountingCharges": {}, "otherItems": {}, "netIncome": 11659000, "netIncomeApplicableToCommonShares": 11659000}], "maxAge": 86400}, "cashflowStatementHistoryQuarterly": {"cashflowStatements": [{"maxAge": 1, "endDate": "2020-06-30", "netIncome": 20636000, "depreciation": 5143000, "changeToNetincome": 3994000, "changeToAccountReceivables": 30499000, "changeToLiabilities": 1541000, "changeToInventory": 2458000, "changeToOperatingActivities": -73998000, "totalCashFromOperatingActivities": -9727000, "capitalExpenditures": -5064000, "otherCashflowsFromInvestingActivities": -900000, "totalCashflowsFromInvestingActivities": -5964000, "netBorrowings": 20794000, "otherCashflowsFromFinancingActivities": -2177000, "totalCashFromFinancingActivities": 18617000, "changeInCash": 2926000}, {"maxAge": 1, "endDate": "2020-03-31", "netIncome": 56728000, "depreciation": -1517000, "changeToNetincome": -1387500, "changeToAccountReceivables": 37892500, "changeToLiabilities": -7073000, "changeToInventory": -15098000, "changeToOperatingActivities": -27108500, "totalCashFromOperatingActivities": -3056000, "capitalExpenditures": -13280000, "otherCashflowsFromInvestingActivities": -37000, "totalCashflowsFromInvestingActivities": -13317000, "netBorrowings": 7786500, "otherCashflowsFromFinancingActivities": -2407000, "totalCashFromFinancingActivities": 5378000, "changeInCash": -10995000, "repurchaseOfStock": -3000, "issuanceOfStock": 1500}, {"maxAge": 1, "endDate": "2019-12-31", "netIncome": 11235500, "depreciation": -1517000, "changeToNetincome": -1387500, "changeToAccountReceivables": 37892500, "changeToLiabilities": -7073000, "changeToInventory": -15098000, "changeToOperatingActivities": -27108500, "totalCashFromOperatingActivities": -3056000, "capitalExpenditures": -13280000, "otherCashflowsFromInvestingActivities": -37000, "totalCashflowsFromInvestingActivities": -13317000, "netBorrowings": 7786500, "otherCashflowsFromFinancingActivities": -2407000, "totalCashFromFinancingActivities": 5378000, "changeInCash": -10995000, "repurchaseOfStock": -1500, "issuanceOfStock": 1500}, {"maxAge": 1, "endDate": "2019-06-30", "netIncome": 11659000, "depreciation": -1517000, "changeToNetincome": -1387500, "changeToAccountReceivables": 37892500, "changeToLiabilities": 0, "changeToInventory": -15098000, "changeToOperatingActivities": -27108500, "totalCashFromOperatingActivities": -3056000, "capitalExpenditures": -13280000, "otherCashflowsFromInvestingActivities": -37000, "totalCashflowsFromInvestingActivities": -13317000, "netBorrowings": 7786500, "otherCashflowsFromFinancingActivities": -2407000, "totalCashFromFinancingActivities": 5378000, "changeInCash": -10995000, "repurchaseOfStock": -1500, "issuanceOfStock": 1500}], "maxAge": 86400}, "insiderHolders": {"holders": [{"maxAge": 1, "name": "Choice Equity Broking Pvt Ltd", "relation": "Institution- Corporation", "url": "", "transactionDescription": "Acquisition", "latestTransDate": "2018-08-20", "positionDirect": 478000, "positionDirectDate": "2018-08-20"}], "maxAge": 1}, "calendarEvents": {"maxAge": 1, "earnings": {"earningsDate": ["2020-09-12 05:30:S"]}}, "upgradeDowngradeHistory": {"history": [], "maxAge": 86400}, "price": {"maxAge": 1, "regularMarketChangePercent": 0.0008196596, "regularMarketChange": 0.049999237, "regularMarketTime": "2021-04-30 15:26:01", "priceHint": 2, "regularMarketPrice": 61.05, "regularMarketDayHigh": 62.5, "regularMarketDayLow": 60.05, "regularMarketVolume": 6417, "averageDailyVolume10Day": 3251, "averageDailyVolume3Month": 10913, "regularMarketPreviousClose": 61.0, "regularMarketSource": "FREE_REALTIME", "regularMarketOpen": 61.9, "exchange": "BSE", "exchangeName": "BSE", "exchangeDataDelayedBy": 0, "marketState": "CLOSED", "quoteType": "EQUITY", "symbol": "GSTL.BO", "underlyingSymbol": null, "shortName": "GlobalSpace Technologies Limit", "longName": "GlobalSpace Technologies Limited", "currency": "INR", "quoteSourceName": "Delayed Quote", "currencySymbol": "\u20b9", "fromCurrency": null, "lastMarket": null, "marketCap": 699425408}, "balanceSheetHistory": {"balanceSheetStatements": [{"maxAge": 1, "endDate": "2020-03-31", "cash": 1575000, "netReceivables": 107832000, "inventory": 67242000, "otherCurrentAssets": 91438000, "totalCurrentAssets": 268087000, "propertyPlantEquipment": 85458000, "goodWill": 4046000, "intangibleAssets": 19581000, "otherAssets": 53495000, "totalAssets": 430667000, "accountsPayable": 11276000, "otherCurrentLiab": 16013000, "longTermDebt": 36939000, "otherLiab": 6193000, "minorityInterest": 1862000, "totalCurrentLiabilities": 52272000, "totalLiab": 95404000, "commonStock": 114566000, "treasuryStock": 218835000, "otherStockholderEquity": 218835000, "totalStockholderEquity": 333401000, "netTangibleAssets": 309774000}, {"maxAge": 1, "endDate": "2019-03-31", "cash": 4364530, "netReceivables": 144788313, "inventory": 5785823, "otherCurrentAssets": 19020401, "totalCurrentAssets": 174233086, "longTermInvestments": 3209429, "propertyPlantEquipment": 29779899, "intangibleAssets": 90693695, "otherAssets": 112433901, "totalAssets": 410350010, "accountsPayable": 15248864, "shortLongTermDebt": 6254143, "otherCurrentLiab": 330266, "longTermDebt": 30701651, "otherLiab": 4440714, "minorityInterest": 10000, "totalCurrentLiabilities": 39439854, "totalLiab": 74582219, "commonStock": 114566010, "retainedEarnings": 47344386, "capitalSurplus": 173847395, "totalStockholderEquity": 335757791, "netTangibleAssets": 245064096}, {"maxAge": 1, "endDate": "2018-03-31", "cash": 95233331, "netReceivables": 206070370, "inventory": 11293086, "otherCurrentAssets": 1123347, "totalCurrentAssets": 313720134, "propertyPlantEquipment": 19602647, "intangibleAssets": 111497273, "otherAssets": 25846570, "totalAssets": 470666624, "accountsPayable": 34618836, "otherCurrentLiab": 55438786, "longTermDebt": 29506262, "otherLiab": 7761811, "totalCurrentLiabilities": 108947975, "totalLiab": 146216048, "commonStock": 114566010, "retainedEarnings": 35852286, "capitalSurplus": 174032280, "totalStockholderEquity": 324450576, "netTangibleAssets": 212953303}, {"maxAge": 1, "endDate": "2017-03-31", "cash": 71598, "netReceivables": 123381782, "inventory": 43454380, "otherCurrentAssets": 1709073, "totalCurrentAssets": 168652000, "propertyPlantEquipment": 21802113, "intangibleAssets": 38288841, "otherAssets": 200000, "totalAssets": 228942954, "accountsPayable": 16635850, "shortLongTermDebt": 13248454, "otherCurrentLiab": 17591283, "longTermDebt": 27719131, "otherLiab": 4014681, "totalCurrentLiabilities": 93913673, "totalLiab": 125647485, "commonStock": 84226010, "retainedEarnings": 12639075, "capitalSurplus": 6430384, "totalStockholderEquity": 103295469, "netTangibleAssets": 65006628}], "maxAge": 86400}, "financialData": {"maxAge": 86400, "currentPrice": 61.05, "recommendationKey": "none", "grossProfits": 117502000, "financialCurrency": "INR"}}}