{"GTLINFRA.BO": {"recommendationTrend": {"trend": [{"period": "0m", "strongBuy": 0, "buy": 0, "hold": 0, "sell": 0, "strongSell": 0}, {"period": "-1m", "strongBuy": 0, "buy": 0, "hold": 0, "sell": 0, "strongSell": 0}, {"period": "-2m", "strongBuy": 0, "buy": 0, "hold": 0, "sell": 0, "strongSell": 0}, {"period": "-3m", "strongBuy": 0, "buy": 0, "hold": 0, "sell": 0, "strongSell": 0}], "maxAge": 86400}, "cashflowStatementHistory": {"cashflowStatements": [{"maxAge": 1, "endDate": "2020-03-31", "netIncome": -18635400000, "depreciation": 6339900000, "changeToNetincome": 16064000000, "changeToAccountReceivables": 474700000, "changeToLiabilities": 51300000, "changeToInventory": 5100000, "totalCashFromOperatingActivities": 4361400000, "capitalExpenditures": -543200000, "investments": -433900000, "otherCashflowsFromInvestingActivities": 94500000, "totalCashflowsFromInvestingActivities": -639900000, "netBorrowings": -560300000, "otherCashflowsFromFinancingActivities": -1639300000, "totalCashFromFinancingActivities": -2199600000, "changeInCash": 1521900000}, {"maxAge": 1, "endDate": "2019-03-31", "netIncome": -15394000000, "depreciation": 6229100000, "changeToNetincome": 11541400000, "changeToAccountReceivables": -664200000, "changeToLiabilities": 886400000, "changeToInventory": 5900000, "totalCashFromOperatingActivities": 2636100000, "capitalExpenditures": -512900000, "investments": 1325600000, "otherCashflowsFromInvestingActivities": 33200000, "totalCashflowsFromInvestingActivities": 1020900000, "netBorrowings": -750400000, "otherCashflowsFromFinancingActivities": -3632700000, "totalCashFromFinancingActivities": -4383100000, "changeInCash": -726100000}, {"maxAge": 1, "endDate": "2018-03-31", "netIncome": -18929500000, "depreciation": 7996300000, "changeToNetincome": 20878300000, "changeToAccountReceivables": -1091100000, "changeToLiabilities": -1804800000, "changeToInventory": -32000000, "totalCashFromOperatingActivities": 7045400000, "capitalExpenditures": -1979200000, "investments": -680800000, "otherCashflowsFromInvestingActivities": 105200000, "totalCashflowsFromInvestingActivities": -2282100000, "netBorrowings": -40800000, "otherCashflowsFromFinancingActivities": -4037500000, "totalCashFromFinancingActivities": -4078300000, "changeInCash": 684900000}, {"maxAge": 1, "endDate": "2017-03-31", "netIncome": -6025400000, "depreciation": 2387500000, "changeToNetincome": 7862700000, "changeToAccountReceivables": 266100000, "changeToLiabilities": 930200000, "changeToInventory": 1200000, "totalCashFromOperatingActivities": 5433800000, "capitalExpenditures": -1982600000, "investments": 263400000, "otherCashflowsFromInvestingActivities": 118100000, "totalCashflowsFromInvestingActivities": -1385400000, "netBorrowings": -327400000, "otherCashflowsFromFinancingActivities": -3805800000, "totalCashFromFinancingActivities": -4133200000, "changeInCash": -84700000}], "maxAge": 86400}, "institutionOwnership": {"ownershipList": [], "maxAge": 1}, "balanceSheetHistoryQuarterly": {"balanceSheetStatements": [{"maxAge": 1, "endDate": "2020-06-30", "totalStockholderEquity": -1933000000, "netTangibleAssets": -1934800000}, {"maxAge": 1, "endDate": "2020-03-31", "cash": 2186100000, "netReceivables": 1702200000, "inventory": 26000000, "otherCurrentAssets": 3679100000, "totalCurrentAssets": 8247600000, "propertyPlantEquipment": 64645200000, "intangibleAssets": 1800000, "otherAssets": 1407100000, "totalAssets": 74301700000, "accountsPayable": 163800000, "shortLongTermDebt": 49472800000, "otherCurrentLiab": 8256500000, "otherLiab": 1427600000, "totalCurrentLiabilities": 69667900000, "totalLiab": 76234700000, "commonStock": 123191000000, "retainedEarnings": -135743900000, "treasuryStock": 4553200000, "capitalSurplus": 6066700000, "otherStockholderEquity": 4553200000, "totalStockholderEquity": -1933000000, "netTangibleAssets": -1934800000}, {"maxAge": 1, "endDate": "2019-12-31", "totalStockholderEquity": 11663700000, "netTangibleAssets": 11659700000}, {"maxAge": 1, "endDate": "2019-09-30", "cash": 3587100000, "shortTermInvestments": 722900000, "netReceivables": 1446100000, "inventory": 29300000, "otherCurrentAssets": 1660400000, "totalCurrentAssets": 7445800000, "propertyPlantEquipment": 71409200000, "intangibleAssets": 4000000, "otherAssets": 1170100000, "totalAssets": 80029100000, "accountsPayable": 195000000, "otherCurrentLiab": 59286900000, "otherLiab": 2257900000, "totalCurrentLiabilities": 60821400000, "totalLiab": 68365400000, "commonStock": 123191000000, "treasuryStock": -111527300000, "otherStockholderEquity": -111527300000, "totalStockholderEquity": 11663700000, "netTangibleAssets": 11659700000}], "maxAge": 86400}, "earningsHistory": {"history": [{"maxAge": 1, "epsActual": {}, "epsEstimate": {}, "epsDifference": {}, "surprisePercent": {}, "quarter": {}, "period": "-4q"}, {"maxAge": 1, "epsActual": {}, "epsEstimate": {}, "epsDifference": {}, "surprisePercent": {}, "quarter": {}, "period": "-3q"}, {"maxAge": 1, "epsActual": {}, "epsEstimate": {}, "epsDifference": {}, "surprisePercent": {}, "quarter": {}, "period": "-2q"}, {"maxAge": 1, "epsActual": {}, "epsEstimate": {}, "epsDifference": {}, "surprisePercent": {}, "quarter": {}, "period": "-1q"}], "maxAge": 86400}, "indexTrend": {"maxAge": 1, "symbol": "SP5", "peRatio": 19.7411, "pegRatio": 1.34172, "estimates": [{"period": "0q", "growth": 0.549}, {"period": "+1q", "growth": 0.431}, {"period": "0y", "growth": 0.305}, {"period": "+1y", "growth": 0.109}, {"period": "+5y", "growth": 0.120865}, {"period": "-5y"}]}, "industryTrend": {"maxAge": 1, "symbol": null, "estimates": []}, "insiderTransactions": {"transactions": [{"maxAge": 1, "shares": 1700742399, "filerUrl": "", "transactionText": "", "filerName": "GTL Ltd", "filerRelation": "Promoter", "moneyText": "", "startDate": "2018-01-31", "ownership": "D"}, {"maxAge": 1, "shares": 72611470, "filerUrl": "", "transactionText": "", "filerName": "Global Holding Corporation Pvt Ltd", "filerRelation": "Promoter", "moneyText": "", "startDate": "2018-01-31", "ownership": "D"}, {"maxAge": 1, "shares": 175536793, "filerUrl": "", "transactionText": "", "filerName": "GTL Ltd", "filerRelation": "Promoter", "moneyText": "", "startDate": "2013-11-21", "ownership": "D"}, {"maxAge": 1, "shares": 175536793, "filerUrl": "", "transactionText": "", "filerName": "IFCI Ltd", "filerRelation": "Institution- Corporation", "moneyText": "", "startDate": "2013-11-21", "ownership": "D"}, {"maxAge": 1, "shares": 48858703, "filerUrl": "", "transactionText": "", "filerName": "ELM Park Fund Ltd", "filerRelation": "Investment Management Company", "moneyText": "", "startDate": "2013-04-30", "ownership": "D"}, {"maxAge": 1, "shares": 8900000, "filerUrl": "", "transactionText": "", "filerName": "Technology Infrastructure Ltd", "filerRelation": "Institution- Corporation", "moneyText": "", "startDate": "2013-03-15", "ownership": "D"}, {"maxAge": 1, "shares": 9900000, "filerUrl": "", "transactionText": "", "filerName": "ELM Park Fund Ltd", "filerRelation": "Investment Management Company", "moneyText": "", "startDate": "2013-03-12", "ownership": "D"}, {"maxAge": 1, "shares": 62800000, "filerUrl": "", "transactionText": "", "filerName": "Technology Infrastructure Ltd", "filerRelation": "Institution- Corporation", "moneyText": "", "startDate": "2013-03-08", "ownership": "D"}, {"maxAge": 1, "shares": 7500000, "filerUrl": "", "transactionText": "", "filerName": "Technology Infrastructure Ltd", "filerRelation": "Institution- Corporation", "moneyText": "", "startDate": "2013-02-05", "ownership": "D"}, {"maxAge": 1, "shares": 1500000, "filerUrl": "", "transactionText": "", "filerName": "Technology Infrastructure Ltd", "filerRelation": "Institution- Corporation", "moneyText": "", "startDate": "2013-01-29", "ownership": "D"}, {"maxAge": 1, "shares": 44191209, "filerUrl": "", "transactionText": "", "filerName": "Technology Infrastructure Ltd", "filerRelation": "Institution- Corporation", "moneyText": "", "startDate": "2013-01-25", "ownership": "D"}, {"maxAge": 1, "shares": 161976510, "filerUrl": "", "transactionText": "", "filerName": "Indian Overseas Bank", "filerRelation": "Institution- Corporation", "moneyText": "", "startDate": "2012-05-07", "ownership": "D"}, {"maxAge": 1, "shares": 225051987, "filerUrl": "", "transactionText": "", "filerName": "Global Holding Corporation Pvt Ltd", "filerRelation": "Promoter", "moneyText": "", "startDate": "2012-05-07", "ownership": "D"}, {"maxAge": 1, "shares": 121034708, "filerUrl": "", "transactionText": "", "filerName": "Union Bank of India", "filerRelation": "Institution- Corporation", "moneyText": "", "startDate": "2012-05-07", "ownership": "D"}, {"maxAge": 1, "shares": 6424000, "filerUrl": "", "transactionText": "", "filerName": "Ranjalkar (Prakash)", "filerRelation": "UNREPORTED", "moneyText": "", "startDate": "2012-03-06", "ownership": "D"}, {"maxAge": 1, "shares": 28500000, "filerUrl": "", "transactionText": "", "filerName": "Global Holding Corporation Pvt Ltd", "filerRelation": "Promoter", "moneyText": "", "startDate": "2011-07-26", "ownership": "D"}, {"maxAge": 1, "shares": 84919, "filerUrl": "", "transactionText": "", "filerName": "Pathak (Vishwas)", "filerRelation": "Director (Non-Executive)", "moneyText": "", "startDate": "2010-09-21", "ownership": "D"}, {"maxAge": 1, "shares": 25081, "filerUrl": "", "transactionText": "", "filerName": "Pathak (Vishwas)", "filerRelation": "Director (Non-Executive)", "moneyText": "", "startDate": "2010-09-20", "ownership": "D"}, {"maxAge": 1, "shares": 109681, "filerUrl": "", "transactionText": "", "filerName": "Pathak (Vishwas)", "filerRelation": "Director (Non-Executive)", "moneyText": "", "startDate": "2010-02-02", "ownership": "D"}, {"maxAge": 1, "shares": 140319, "filerUrl": "", "transactionText": "", "filerName": "Pathak (Vishwas)", "filerRelation": "Director (Non-Executive)", "moneyText": "", "startDate": "2010-02-01", "ownership": "D"}, {"maxAge": 1, "shares": 6424000, "filerUrl": "", "transactionText": "", "filerName": "Ranjalkar (Prakash)", "filerRelation": "Director", "moneyText": "", "startDate": "2010-01-01", "ownership": "D"}, {"maxAge": 1, "shares": 450000, "filerUrl": "", "transactionText": "", "filerName": "Agarwala (Vinod B)", "filerRelation": "UNREPORTED", "moneyText": "", "startDate": "2009-11-21", "ownership": "D"}, {"maxAge": 1, "shares": 65000, "filerUrl": "", "transactionText": "", "filerName": "Ahluwalia (Rupinder Singh)", "filerRelation": "Executive Vice President", "moneyText": "", "startDate": "2009-10-12", "ownership": "D"}, {"maxAge": 1, "shares": 62000, "filerUrl": "", "transactionText": "", "filerName": "Bharat (M R)", "filerRelation": "President", "moneyText": "", "startDate": "2009-10-12", "ownership": "D"}, {"maxAge": 1, "shares": 35500, "filerUrl": "", "transactionText": "", "filerName": "Bidnurkar (Prasanna M)", "filerRelation": "UNREPORTED", "moneyText": "", "startDate": "2009-10-12", "ownership": "D"}, {"maxAge": 1, "shares": 150000, "filerUrl": "", "transactionText": "", "filerName": "Chandratrey (Ashutosh)", "filerRelation": "Senior Vice President", "moneyText": "", "startDate": "2009-10-12", "ownership": "D"}, {"maxAge": 1, "shares": 168000, "filerUrl": "", "transactionText": "", "filerName": "Parikh (Shishir)", "filerRelation": "Chief Financial Officer", "moneyText": "", "startDate": "2009-10-12", "ownership": "D"}, {"maxAge": 1, "shares": 35000, "filerUrl": "", "transactionText": "", "filerName": "Naik (Charudatta)", "filerRelation": "Chief Operating Officer", "moneyText": "", "startDate": "2009-10-03", "ownership": "D"}], "maxAge": 1}, "quoteType": {"exchange": "BSE", "quoteType": "EQUITY", "symbol": "GTLINFRA.BO", "underlyingSymbol": "GTLINFRA.BO", "shortName": "GTL INFRASTRUCTURE LTD.", "longName": "GTL Infrastructure Limited", "firstTradeDateEpochUtc": "2000-01-03 09:15:00", "timeZoneFullName": "Asia/Kolkata", "timeZoneShortName": "IST", "uuid": "bc6d7417-5205-36bd-8bb8-a6bc98656d88", "gmtOffSetMilliseconds": 19800000, "maxAge": 1}, "incomeStatementHistory": {"incomeStatementHistory": [{"maxAge": 1, "endDate": "2020-03-31", "totalRevenue": 14169400000, "costOfRevenue": 8281500000, "grossProfit": 5887900000, "researchDevelopment": {}, "sellingGeneralAdministrative": 1034700000, "nonRecurring": {}, "otherOperatingExpenses": 1274800000, "totalOperatingExpenses": 17459000000, "operatingIncome": -3289600000, "totalOtherIncomeExpenseNet": -15345800000, "ebit": -3289600000, "interestExpense": -6622200000, "incomeBeforeTax": -18635400000, "incomeTaxExpense": 0, "minorityInterest": {}, "netIncomeFromContinuingOps": -18635400000, "discontinuedOperations": {}, "extraordinaryItems": {}, "effectOfAccountingCharges": {}, "otherItems": {}, "netIncome": -18635400000, "netIncomeApplicableToCommonShares": -18635400000}, {"maxAge": 1, "endDate": "2019-03-31", "totalRevenue": 15002100000, "costOfRevenue": 8958800000, "grossProfit": 6043300000, "researchDevelopment": {}, "sellingGeneralAdministrative": 2635700000, "nonRecurring": {}, "otherOperatingExpenses": 894700000, "totalOperatingExpenses": 19131700000, "operatingIncome": -4129600000, "totalOtherIncomeExpenseNet": -11264400000, "ebit": -4129600000, "interestExpense": -5334300000, "incomeBeforeTax": -15394000000, "incomeTaxExpense": 0, "minorityInterest": {}, "netIncomeFromContinuingOps": -15394000000, "discontinuedOperations": {}, "extraordinaryItems": {}, "effectOfAccountingCharges": {}, "otherItems": {}, "netIncome": -15394000000, "netIncomeApplicableToCommonShares": -15394000000}, {"maxAge": 1, "endDate": "2018-03-31", "totalRevenue": 23333300000, "costOfRevenue": 8634500000, "grossProfit": 14698800000, "researchDevelopment": {}, "sellingGeneralAdministrative": 3431900000, "nonRecurring": {}, "otherOperatingExpenses": 1156000000, "totalOperatingExpenses": 23676000000, "operatingIncome": -342700000, "totalOtherIncomeExpenseNet": -18586800000, "ebit": -342700000, "interestExpense": -5682000000, "incomeBeforeTax": -18929500000, "incomeTaxExpense": 0, "minorityInterest": {}, "netIncomeFromContinuingOps": -18929500000, "discontinuedOperations": {}, "extraordinaryItems": {}, "effectOfAccountingCharges": {}, "otherItems": {}, "netIncome": -18929500000, "netIncomeApplicableToCommonShares": -18929500000}, {"maxAge": 1, "endDate": "2017-03-31", "totalRevenue": 9521100000, "costOfRevenue": 3903600000, "grossProfit": 5617500000, "researchDevelopment": {}, "sellingGeneralAdministrative": 917200000, "nonRecurring": {}, "otherOperatingExpenses": 356800000, "totalOperatingExpenses": 7783600000, "operatingIncome": 1737500000, "totalOtherIncomeExpenseNet": -7762900000, "ebit": 1737500000, "interestExpense": -4576600000, "incomeBeforeTax": -6025400000, "incomeTaxExpense": 0, "minorityInterest": {}, "netIncomeFromContinuingOps": -6025400000, "discontinuedOperations": {}, "extraordinaryItems": {}, "effectOfAccountingCharges": {}, "otherItems": {}, "netIncome": -6025400000, "netIncomeApplicableToCommonShares": -6025400000}], "maxAge": 86400}, "fundOwnership": {"ownershipList": [{"maxAge": 1, "reportDate": "2020-08-31", "organization": "SPDR Portfolio Emerging Markets ETF", "pctHeld": 0.0002, "position": 2249785, "value": 1732334}], "maxAge": 1}, "summaryDetail": {"maxAge": 1, "priceHint": 4, "previousClose": 0.68, "open": 0.68, "dayLow": 0.65, "dayHigh": 0.69, "regularMarketPreviousClose": 0.68, "regularMarketOpen": 0.68, "regularMarketDayLow": 0.65, "regularMarketDayHigh": 0.69, "volume": 7984040, "regularMarketVolume": 7984040, "averageVolume": 9960101, "averageVolume10days": 14831766, "averageDailyVolume10Day": 14831766, "bid": 0.0, "ask": 0.0, "bidSize": 0, "askSize": 0, "marketCap": 7945794560, "fiftyTwoWeekLow": 0.21, "fiftyTwoWeekHigh": 1.28, "fiftyDayAverage": 0.8790909, "twoHundredDayAverage": 0.7261765, "currency": "INR", "fromCurrency": null, "lastMarket": null, "algorithm": null, "tradeable": false}, "sectorTrend": {"maxAge": 1, "symbol": null, "estimates": []}, "incomeStatementHistoryQuarterly": {"incomeStatementHistory": [{"maxAge": 1, "endDate": "2020-06-30", "totalRevenue": 3437100000, "costOfRevenue": 2265600000, "grossProfit": 1171500000, "researchDevelopment": {}, "sellingGeneralAdministrative": {}, "nonRecurring": {}, "otherOperatingExpenses": 129100000, "totalOperatingExpenses": 3900200000, "operatingIncome": -463100000, "totalOtherIncomeExpenseNet": -1621000000, "ebit": -463100000, "interestExpense": -1645000000, "incomeBeforeTax": -2084100000, "incomeTaxExpense": 0, "minorityInterest": {}, "netIncomeFromContinuingOps": -2084100000, "discontinuedOperations": {}, "extraordinaryItems": {}, "effectOfAccountingCharges": {}, "otherItems": {}, "netIncome": -2084100000, "netIncomeApplicableToCommonShares": -2084100000}, {"maxAge": 1, "endDate": "2020-03-31", "totalRevenue": 3694600000, "costOfRevenue": 1315200000, "grossProfit": 2379400000, "researchDevelopment": {}, "sellingGeneralAdministrative": 1034700000, "nonRecurring": {}, "otherOperatingExpenses": 155800000, "totalOperatingExpenses": 4299200000, "operatingIncome": -604600000, "totalOtherIncomeExpenseNet": -10602100000, "ebit": -604600000, "interestExpense": -1739000000, "incomeBeforeTax": -11206700000, "incomeTaxExpense": 0, "minorityInterest": {}, "netIncomeFromContinuingOps": -11206700000, "discontinuedOperations": {}, "extraordinaryItems": {}, "effectOfAccountingCharges": {}, "otherItems": {}, "netIncome": -11206700000, "netIncomeApplicableToCommonShares": -11206700000}, {"maxAge": 1, "endDate": "2019-12-31", "totalRevenue": 3434000000, "costOfRevenue": 2336400000, "grossProfit": 1097600000, "researchDevelopment": {}, "sellingGeneralAdministrative": 1034700000, "nonRecurring": {}, "otherOperatingExpenses": 175000000, "totalOperatingExpenses": 4179500000, "operatingIncome": -745500000, "totalOtherIncomeExpenseNet": -1646800000, "ebit": -745500000, "interestExpense": -1702900000, "incomeBeforeTax": -2392300000, "incomeTaxExpense": 0, "minorityInterest": {}, "netIncomeFromContinuingOps": -2392300000, "discontinuedOperations": {}, "extraordinaryItems": {}, "effectOfAccountingCharges": {}, "otherItems": {}, "netIncome": -2392300000, "netIncomeApplicableToCommonShares": -2392300000}, {"maxAge": 1, "endDate": "2019-09-30", "totalRevenue": 3417100000, "costOfRevenue": 2342200000, "grossProfit": 1074900000, "researchDevelopment": {}, "sellingGeneralAdministrative": 1034700000, "nonRecurring": {}, "otherOperatingExpenses": 744800000, "totalOperatingExpenses": 4719700000, "operatingIncome": -1302600000, "totalOtherIncomeExpenseNet": -1663900000, "ebit": -1302600000, "interestExpense": -1662700000, "incomeBeforeTax": -2966500000, "incomeTaxExpense": 0, "minorityInterest": {}, "netIncomeFromContinuingOps": -2966500000, "discontinuedOperations": {}, "extraordinaryItems": {}, "effectOfAccountingCharges": {}, "otherItems": {}, "netIncome": -2966500000, "netIncomeApplicableToCommonShares": -2966500000}], "maxAge": 86400}, "cashflowStatementHistoryQuarterly": {"cashflowStatements": [{"maxAge": 1, "endDate": "2020-06-30", "netIncome": -2084100000, "changeToLiabilities": 0}, {"maxAge": 1, "endDate": "2020-03-31", "netIncome": -11206700000, "changeToLiabilities": 0}, {"maxAge": 1, "endDate": "2019-12-31", "netIncome": -2392300000, "changeToLiabilities": 0}, {"maxAge": 1, "endDate": "2019-09-30", "netIncome": -2966500000, "changeToLiabilities": 0}], "maxAge": 86400}, "insiderHolders": {"holders": [{"maxAge": 1, "name": "Agarwala (Vinod B)", "relation": "UNREPORTED", "url": "", "transactionDescription": "Acquisition", "latestTransDate": "2009-11-21", "positionDirect": 464000, "positionDirectDate": "2009-11-21"}, {"maxAge": 1, "name": "ELM Park Fund Ltd", "relation": "Investment Management Company", "url": "", "transactionDescription": "Acquisition", "latestTransDate": "2013-04-30", "positionDirect": 164671057, "positionDirectDate": "2013-04-30"}, {"maxAge": 1, "name": "GTL Ltd", "relation": "Promoter", "url": "", "transactionDescription": "Purchase", "latestTransDate": "2018-01-31", "positionDirect": 2046505865, "positionDirectDate": "2018-01-31"}, {"maxAge": 1, "name": "Global Holding Corporation Pvt Ltd", "relation": "Promoter", "url": "", "transactionDescription": "Purchase", "latestTransDate": "2018-01-31", "positionDirect": 320144016, "positionDirectDate": "2018-01-31"}, {"maxAge": 1, "name": "IFCI Ltd", "relation": "Institution- Corporation", "url": "", "transactionDescription": "Sale", "latestTransDate": "2013-11-21", "positionDirect": 0, "positionDirectDate": "2013-11-21"}, {"maxAge": 1, "name": "Indian Overseas Bank", "relation": "Institution- Corporation", "url": "", "transactionDescription": "Acquisition", "latestTransDate": "2012-05-07", "positionDirect": 161976510, "positionDirectDate": "2012-05-07"}, {"maxAge": 1, "name": "Pathak (Vishwas)", "relation": "Director (Non-Executive)", "url": "", "transactionDescription": "Sale", "latestTransDate": "2010-09-21", "positionDirect": 0, "positionDirectDate": "2010-09-21"}, {"maxAge": 1, "name": "Ranjalkar (Prakash)", "relation": "UNREPORTED", "url": "", "transactionDescription": "Sale", "latestTransDate": "2012-03-06", "positionDirect": 28400, "positionDirectDate": "2012-03-06"}, {"maxAge": 1, "name": "Technology Infrastructure Ltd", "relation": "Institution- Corporation", "url": "", "transactionDescription": "Sale", "latestTransDate": "2013-03-15", "positionDirect": 97504491, "positionDirectDate": "2013-03-15"}, {"maxAge": 1, "name": "Union Bank of India", "relation": "Institution- Corporation", "url": "", "transactionDescription": "Acquisition", "latestTransDate": "2012-05-07", "positionDirect": 121034708, "positionDirectDate": "2012-05-07"}], "maxAge": 1}, "earnings": {"maxAge": 86400, "earningsChart": {"quarterly": [], "earningsDate": []}, "financialsChart": {"yearly": [{"date": 2017, "revenue": 9521100000, "earnings": -6025400000}, {"date": 2018, "revenue": 23333300000, "earnings": -18929500000}, {"date": 2019, "revenue": 15002100000, "earnings": -15394000000}, {"date": 2020, "revenue": 14169400000, "earnings": -18635400000}], "quarterly": [{"date": "3Q2019", "revenue": 3417100000, "earnings": -2966500000}, {"date": "4Q2019", "revenue": 3434000000, "earnings": -2392300000}, {"date": "1Q2020", "revenue": 3694600000, "earnings": -11206700000}, {"date": "2Q2020", "revenue": 3437100000, "earnings": -2084100000}]}, "financialCurrency": "INR"}, "calendarEvents": {"maxAge": 1, "earnings": {"earningsDate": []}}, "upgradeDowngradeHistory": {"history": [], "maxAge": 86400}, "price": {"maxAge": 1, "regularMarketChangePercent": -0.044117693, "regularMarketChange": -0.030000031, "regularMarketTime": "2021-04-30 15:53:21", "priceHint": 4, "regularMarketPrice": 0.65, "regularMarketDayHigh": 0.69, "regularMarketDayLow": 0.65, "regularMarketVolume": 7984040, "averageDailyVolume10Day": 14831766, "averageDailyVolume3Month": 9960101, "regularMarketPreviousClose": 0.68, "regularMarketSource": "FREE_REALTIME", "regularMarketOpen": 0.68, "exchange": "BSE", "exchangeName": "BSE", "exchangeDataDelayedBy": 0, "marketState": "CLOSED", "quoteType": "EQUITY", "symbol": "GTLINFRA.BO", "underlyingSymbol": null, "shortName": "GTL INFRASTRUCTURE LTD.", "longName": "GTL Infrastructure Limited", "currency": "INR", "quoteSourceName": "Delayed Quote", "currencySymbol": "\u20b9", "fromCurrency": null, "lastMarket": null, "marketCap": 7945794560}, "balanceSheetHistory": {"balanceSheetStatements": [{"maxAge": 1, "endDate": "2020-03-31", "cash": 2186100000, "netReceivables": 1702200000, "inventory": 26000000, "otherCurrentAssets": 3679100000, "totalCurrentAssets": 8247600000, "propertyPlantEquipment": 64645200000, "intangibleAssets": 1800000, "otherAssets": 1407100000, "totalAssets": 74301700000, "accountsPayable": 163800000, "shortLongTermDebt": 49472800000, "otherCurrentLiab": 8256500000, "otherLiab": 1427600000, "totalCurrentLiabilities": 69667900000, "totalLiab": 76234700000, "commonStock": 123191000000, "retainedEarnings": -135743900000, "treasuryStock": 4553200000, "capitalSurplus": 6066700000, "otherStockholderEquity": 4553200000, "totalStockholderEquity": -1933000000, "netTangibleAssets": -1934800000}, {"maxAge": 1, "endDate": "2019-03-31", "cash": 664200000, "shortTermInvestments": 500000, "netReceivables": 2332800000, "inventory": 31100000, "otherCurrentAssets": 3226600000, "totalCurrentAssets": 6398900000, "propertyPlantEquipment": 67978900000, "intangibleAssets": 6200000, "otherAssets": 1273700000, "totalAssets": 75657700000, "accountsPayable": 199200000, "shortLongTermDebt": 49126900000, "otherCurrentLiab": 3505200000, "otherLiab": 2238800000, "totalCurrentLiabilities": 56713900000, "totalLiab": 58952700000, "commonStock": 123191000000, "retainedEarnings": -117108500000, "treasuryStock": 4555800000, "capitalSurplus": 6066700000, "otherStockholderEquity": 4555800000, "totalStockholderEquity": 16705000000, "netTangibleAssets": 16698800000}, {"maxAge": 1, "endDate": "2018-03-31", "cash": 1390300000, "shortTermInvestments": 6700000, "netReceivables": 1737200000, "inventory": 37000000, "otherCurrentAssets": 1642200000, "totalCurrentAssets": 6271500000, "propertyPlantEquipment": 79868900000, "intangibleAssets": 4800000, "otherAssets": 1379600000, "totalAssets": 87524800000, "accountsPayable": 198300000, "shortLongTermDebt": 3606100000, "otherCurrentLiab": 2866400000, "longTermDebt": 45958100000, "otherLiab": 2212500000, "totalCurrentLiabilities": 7249200000, "totalLiab": 55419800000, "commonStock": 121252700000, "retainedEarnings": -101714500000, "treasuryStock": 6500100000, "capitalSurplus": 6066700000, "otherStockholderEquity": 6500100000, "totalStockholderEquity": 32105000000, "netTangibleAssets": 32100200000}, {"maxAge": 1, "endDate": "2017-03-31", "cash": 403000000, "netReceivables": 1407600000, "inventory": 3400000, "otherCurrentAssets": 779500000, "totalCurrentAssets": 2688600000, "longTermInvestments": 5252600000, "propertyPlantEquipment": 31814100000, "intangibleAssets": 2700000, "otherAssets": 971300000, "totalAssets": 40729300000, "accountsPayable": 407200000, "shortLongTermDebt": 18212000000, "otherCurrentLiab": 2622300000, "longTermDebt": 30734800000, "otherLiab": 1303400000, "totalCurrentLiabilities": 22975600000, "totalLiab": 55013800000, "commonStock": 24600800000, "retainedEarnings": -46369000000, "treasuryStock": 1417000000, "capitalSurplus": 6066700000, "otherStockholderEquity": 1417000000, "totalStockholderEquity": -14284500000, "netTangibleAssets": -14287200000}], "maxAge": 86400}, "earningsTrend": {"trend": [{"maxAge": 1, "period": "0q", "endDate": null, "growth": {}, "earningsEstimate": {"avg": 0.0, "low": 0.0, "high": 0.0, "yearAgoEps": {}, "numberOfAnalysts": 0, "growth": {}}, "revenueEstimate": {"avg": 0, "low": 0, "high": 0, "numberOfAnalysts": 0, "yearAgoRevenue": {}, "growth": {}}, "epsTrend": {"current": 0.0, "7daysAgo": 0.0, "30daysAgo": 0.0, "60daysAgo": 0.0, "90daysAgo": 0.0}, "epsRevisions": {"upLast7days": 0, "upLast30days": 0, "downLast30days": 0, "downLast90days": {}}}, {"maxAge": 1, "period": "+1q", "endDate": null, "growth": {}, "earningsEstimate": {"avg": 0.0, "low": 0.0, "high": 0.0, "yearAgoEps": {}, "numberOfAnalysts": 0, "growth": {}}, "revenueEstimate": {"avg": 0, "low": 0, "high": 0, "numberOfAnalysts": 0, "yearAgoRevenue": {}, "growth": {}}, "epsTrend": {"current": 0.0, "7daysAgo": 0.0, "30daysAgo": 0.0, "60daysAgo": 0.0, "90daysAgo": 0.0}, "epsRevisions": {"upLast7days": 0, "upLast30days": 0, "downLast30days": 0, "downLast90days": {}}}, {"maxAge": 1, "period": "0y", "endDate": null, "growth": {}, "earningsEstimate": {"avg": 0.0, "low": 0.0, "high": 0.0, "yearAgoEps": {}, "numberOfAnalysts": 0, "growth": {}}, "revenueEstimate": {"avg": 0, "low": 0, "high": 0, "numberOfAnalysts": 0, "yearAgoRevenue": {}, "growth": {}}, "epsTrend": {"current": 0.0, "7daysAgo": 0.0, "30daysAgo": 0.0, "60daysAgo": 0.0, "90daysAgo": 0.0}, "epsRevisions": {"upLast7days": 0, "upLast30days": 0, "downLast30days": 0, "downLast90days": {}}}, {"maxAge": 1, "period": "+1y", "endDate": null, "growth": {}, "earningsEstimate": {"avg": 0.0, "low": 0.0, "high": 0.0, "yearAgoEps": {}, "numberOfAnalysts": 0, "growth": {}}, "revenueEstimate": {"avg": 0, "low": 0, "high": 0, "numberOfAnalysts": 0, "yearAgoRevenue": {}, "growth": {}}, "epsTrend": {"current": 0.0, "7daysAgo": 0.0, "30daysAgo": 0.0, "60daysAgo": 0.0, "90daysAgo": 0.0}, "epsRevisions": {"upLast7days": 0, "upLast30days": 0, "downLast30days": 0, "downLast90days": {}}}, {"maxAge": 1, "period": "+5y", "endDate": null, "growth": 0.0, "earningsEstimate": {"avg": {}, "low": {}, "high": {}, "yearAgoEps": {}, "numberOfAnalysts": {}, "growth": {}}, "revenueEstimate": {"avg": {}, "low": {}, "high": {}, "numberOfAnalysts": {}, "yearAgoRevenue": {}, "growth": {}}, "epsTrend": {"current": {}, "7daysAgo": {}, "30daysAgo": {}, "60daysAgo": {}, "90daysAgo": {}}, "epsRevisions": {"upLast7days": {}, "upLast30days": {}, "downLast30days": {}, "downLast90days": {}}}, {"maxAge": 1, "period": "-5y", "endDate": null, "growth": {}, "earningsEstimate": {"avg": {}, "low": {}, "high": {}, "yearAgoEps": {}, "numberOfAnalysts": {}, "growth": {}}, "revenueEstimate": {"avg": {}, "low": {}, "high": {}, "numberOfAnalysts": {}, "yearAgoRevenue": {}, "growth": {}}, "epsTrend": {"current": {}, "7daysAgo": {}, "30daysAgo": {}, "60daysAgo": {}, "90daysAgo": {}}, "epsRevisions": {"upLast7days": {}, "upLast30days": {}, "downLast30days": {}, "downLast90days": {}}}], "maxAge": 1}, "financialData": {"maxAge": 86400, "currentPrice": 0.65, "targetHighPrice": 6.0, "targetLowPrice": 6.0, "targetMeanPrice": 6.0, "targetMedianPrice": 6.0, "recommendationKey": "none", "numberOfAnalystOpinions": 1, "grossProfits": 5887900000, "financialCurrency": "INR"}}}