{"GTNINDS.BO": {"recommendationTrend": {"trend": [{"period": "0m", "strongBuy": 0, "buy": 0, "hold": 0, "sell": 0, "strongSell": 0}, {"period": "-1m", "strongBuy": 0, "buy": 0, "hold": 0, "sell": 0, "strongSell": 0}, {"period": "-2m", "strongBuy": 0, "buy": 0, "hold": 0, "sell": 0, "strongSell": 0}, {"period": "-3m", "strongBuy": 0, "buy": 0, "hold": 0, "sell": 0, "strongSell": 0}], "maxAge": 86400}, "cashflowStatementHistory": {"cashflowStatements": [{"maxAge": 1, "endDate": "2020-03-31", "netIncome": -54435000, "depreciation": 91391000, "changeToNetincome": 155347000, "changeToAccountReceivables": 26167000, "changeToLiabilities": 11858000, "changeToInventory": -78619000, "changeToOperatingActivities": -70863000, "totalCashFromOperatingActivities": 80846000, "capitalExpenditures": -24430000, "totalCashflowsFromInvestingActivities": 219280000, "netBorrowings": -54935000, "otherCashflowsFromFinancingActivities": -230731000, "totalCashFromFinancingActivities": -285666000, "changeInCash": 14460000}, {"maxAge": 1, "endDate": "2019-03-31", "netIncome": -83532000, "depreciation": 91977000, "changeToNetincome": 235601000, "changeToAccountReceivables": 52507000, "changeToLiabilities": 20994000, "changeToInventory": 92713000, "changeToOperatingActivities": -180918000, "totalCashFromOperatingActivities": 229342000, "capitalExpenditures": -69193000, "totalCashflowsFromInvestingActivities": -64266000, "netBorrowings": 86372000, "otherCashflowsFromFinancingActivities": -229858000, "totalCashFromFinancingActivities": -143486000, "changeInCash": 21590000}, {"maxAge": 1, "endDate": "2018-03-31", "netIncome": -62413000, "depreciation": 87610000, "changeToNetincome": 221617000, "changeToAccountReceivables": -177149000, "changeToLiabilities": 111266000, "changeToInventory": -40935000, "changeToOperatingActivities": -18441000, "totalCashFromOperatingActivities": 121555000, "capitalExpenditures": -310144000, "totalCashflowsFromInvestingActivities": -301693000, "netBorrowings": 209461000, "otherCashflowsFromFinancingActivities": -222054000, "totalCashFromFinancingActivities": 157407000, "changeInCash": -22731000}, {"maxAge": 1, "endDate": "2017-03-31", "netIncome": -47248000, "depreciation": 87666000, "changeToNetincome": 190887000, "changeToAccountReceivables": -37412000, "changeToLiabilities": 71339000, "changeToInventory": -23876000, "changeToOperatingActivities": -31092000, "totalCashFromOperatingActivities": 210264000, "capitalExpenditures": -19093000, "totalCashflowsFromInvestingActivities": -17982000, "netBorrowings": -31611000, "otherCashflowsFromFinancingActivities": -183948000, "totalCashFromFinancingActivities": -195559000, "changeInCash": -3277000}], "maxAge": 86400}, "institutionOwnership": {"maxAge": 1, "ownershipList": []}, "balanceSheetHistoryQuarterly": {"balanceSheetStatements": [{"maxAge": 1, "endDate": "2020-06-30", "totalStockholderEquity": 518673000, "netTangibleAssets": 518392000}, {"maxAge": 1, "endDate": "2020-03-31", "cash": 40852000, "netReceivables": 414873000, "inventory": 618518000, "otherCurrentAssets": 130982000, "totalCurrentAssets": 1221618000, "propertyPlantEquipment": 1459295000, "intangibleAssets": 281000, "otherAssets": 55992000, "deferredLongTermAssetCharges": 6750000, "totalAssets": 2737186000, "accountsPayable": 411264000, "shortLongTermDebt": 96603000, "otherCurrentLiab": 26515000, "longTermDebt": 710753000, "otherLiab": 12653000, "totalCurrentLiabilities": 1495107000, "totalLiab": 2218513000, "commonStock": 175496000, "retainedEarnings": 173953000, "treasuryStock": 58016000, "capitalSurplus": 111208000, "otherStockholderEquity": 58016000, "totalStockholderEquity": 518673000, "netTangibleAssets": 518392000}, {"maxAge": 1, "endDate": "2019-12-31", "totalStockholderEquity": 555400000, "netTangibleAssets": 555100000}, {"maxAge": 1, "endDate": "2019-09-30", "cash": 105200000, "shortTermInvestments": 6300000, "netReceivables": 229900000, "inventory": 740300000, "otherCurrentAssets": 227700000, "totalCurrentAssets": 1309400000, "propertyPlantEquipment": 1533700000, "intangibleAssets": 300000, "otherAssets": 50000000, "deferredLongTermAssetCharges": 2500000, "totalAssets": 2893400000, "accountsPayable": 526500000, "shortLongTermDebt": 117500000, "otherCurrentLiab": 35000000, "longTermDebt": 753000000, "otherLiab": 9200000, "totalCurrentLiabilities": 1575800000, "totalLiab": 2338000000, "commonStock": 175500000, "treasuryStock": 379900000, "otherStockholderEquity": 379900000, "totalStockholderEquity": 555400000, "netTangibleAssets": 555100000}], "maxAge": 86400}, "earningsHistory": {"history": [{"maxAge": 1, "epsActual": {}, "epsEstimate": {}, "epsDifference": {}, "surprisePercent": {}, "quarter": {}, "period": "-4q"}, {"maxAge": 1, "epsActual": {}, "epsEstimate": {}, "epsDifference": {}, "surprisePercent": {}, "quarter": {}, "period": "-3q"}, {"maxAge": 1, "epsActual": {}, "epsEstimate": {}, "epsDifference": {}, "surprisePercent": {}, "quarter": {}, "period": "-2q"}, {"maxAge": 1, "epsActual": {}, "epsEstimate": {}, "epsDifference": {}, "surprisePercent": {}, "quarter": {}, "period": "-1q"}], "maxAge": 86400}, "indexTrend": {"maxAge": 1, "symbol": "SP5", "peRatio": 19.7411, "pegRatio": 1.34172, "estimates": [{"period": "0q", "growth": 0.549}, {"period": "+1q", "growth": 0.431}, {"period": "0y", "growth": 0.305}, {"period": "+1y", "growth": 0.109}, {"period": "+5y", "growth": 0.120859005}, {"period": "-5y"}]}, "industryTrend": {"maxAge": 1, "symbol": null, "estimates": []}, "insiderTransactions": {"transactions": [{"maxAge": 1, "shares": 2456000, "filerUrl": "", "transactionText": "", "filerName": "GTN Engineering India Ltd", "filerRelation": "Promoter", "moneyText": "", "startDate": "2018-11-24", "ownership": "D"}, {"maxAge": 1, "shares": 3197000, "filerUrl": "", "transactionText": "", "filerName": "JEL Finance & Investments Ltd", "filerRelation": "Promoter", "moneyText": "", "startDate": "2018-11-24", "ownership": "D"}, {"maxAge": 1, "shares": 741000, "filerUrl": "", "transactionText": "", "filerName": "Patodia (Mahendra Kumar)", "filerRelation": "Executive Chairman", "moneyText": "", "startDate": "2018-11-24", "ownership": "D"}], "maxAge": 1}, "quoteType": {"exchange": "BSE", "quoteType": "EQUITY", "symbol": "GTNINDS.BO", "underlyingSymbol": "GTNINDS.BO", "shortName": "GTN INDUSTRIES LTD.", "longName": "GTN Industries Limited", "firstTradeDateEpochUtc": "2000-08-11 09:15:00", "timeZoneFullName": "Asia/Kolkata", "timeZoneShortName": "IST", "uuid": "b6d2c1b5-e330-32ea-94e6-156be8ab8121", "messageBoardId": null, "gmtOffSetMilliseconds": 19800000, "maxAge": 1}, "incomeStatementHistory": {"incomeStatementHistory": [{"maxAge": 1, "endDate": "2020-03-31", "totalRevenue": 3441813000, "costOfRevenue": 2311817000, "grossProfit": 1129996000, "researchDevelopment": {}, "sellingGeneralAdministrative": 327257000, "nonRecurring": {}, "otherOperatingExpenses": 610355000, "totalOperatingExpenses": 3340820000, "operatingIncome": 100993000, "totalOtherIncomeExpenseNet": -150077000, "ebit": 100993000, "interestExpense": -230579000, "incomeBeforeTax": -49084000, "incomeTaxExpense": 5351000, "minorityInterest": {}, "netIncomeFromContinuingOps": -54435000, "discontinuedOperations": {}, "extraordinaryItems": {}, "effectOfAccountingCharges": {}, "otherItems": {}, "netIncome": -54435000, "netIncomeApplicableToCommonShares": -54435000}, {"maxAge": 1, "endDate": "2019-03-31", "totalRevenue": 3567033000, "costOfRevenue": 2407009000, "grossProfit": 1160024000, "researchDevelopment": {}, "sellingGeneralAdministrative": 340305000, "nonRecurring": {}, "otherOperatingExpenses": 633976000, "totalOperatingExpenses": 3473267000, "operatingIncome": 93766000, "totalOtherIncomeExpenseNet": -223380000, "ebit": 93766000, "interestExpense": -209544000, "incomeBeforeTax": -129614000, "incomeTaxExpense": -46082000, "minorityInterest": {}, "netIncomeFromContinuingOps": -83532000, "discontinuedOperations": {}, "extraordinaryItems": {}, "effectOfAccountingCharges": {}, "otherItems": {}, "netIncome": -83532000, "netIncomeApplicableToCommonShares": -83532000}, {"maxAge": 1, "endDate": "2018-03-31", "totalRevenue": 2955347000, "costOfRevenue": 1898124000, "grossProfit": 1057223000, "researchDevelopment": {}, "sellingGeneralAdministrative": 290003000, "nonRecurring": {}, "otherOperatingExpenses": 576517000, "totalOperatingExpenses": 2852254000, "operatingIncome": 103093000, "totalOtherIncomeExpenseNet": -190346000, "ebit": 103093000, "interestExpense": -203405000, "incomeBeforeTax": -87253000, "incomeTaxExpense": -24840000, "minorityInterest": {}, "netIncomeFromContinuingOps": -62413000, "discontinuedOperations": {}, "extraordinaryItems": {}, "effectOfAccountingCharges": {}, "otherItems": {}, "netIncome": -62413000, "netIncomeApplicableToCommonShares": -62413000}, {"maxAge": 1, "endDate": "2017-03-31", "totalRevenue": 2837172000, "costOfRevenue": 1809491000, "grossProfit": 1027681000, "researchDevelopment": {}, "sellingGeneralAdministrative": 278054000, "nonRecurring": {}, "otherOperatingExpenses": 556503000, "totalOperatingExpenses": 2731714000, "operatingIncome": 105458000, "totalOtherIncomeExpenseNet": -174353000, "ebit": 105458000, "interestExpense": -162427000, "incomeBeforeTax": -68895000, "incomeTaxExpense": -21647000, "minorityInterest": {}, "netIncomeFromContinuingOps": -47248000, "discontinuedOperations": {}, "extraordinaryItems": {}, "effectOfAccountingCharges": {}, "otherItems": {}, "netIncome": -47248000, "netIncomeApplicableToCommonShares": -47248000}], "maxAge": 86400}, "fundOwnership": {"maxAge": 1, "ownershipList": []}, "summaryDetail": {"maxAge": 1, "priceHint": 2, "previousClose": 9.75, "open": 9.1, "dayLow": 9.1, "dayHigh": 9.7, "regularMarketPreviousClose": 9.75, "regularMarketOpen": 9.1, "regularMarketDayLow": 9.1, "regularMarketDayHigh": 9.7, "volume": 468, "regularMarketVolume": 468, "averageVolume": 3745, "averageVolume10days": 4067, "averageDailyVolume10Day": 4067, "bid": 9.35, "ask": 9.7, "bidSize": 0, "askSize": 0, "marketCap": 164002752, "fiftyTwoWeekLow": 4.94, "fiftyTwoWeekHigh": 15.25, "fiftyDayAverage": 12.982572, "twoHundredDayAverage": 9.737826, "currency": "INR", "fromCurrency": null, "toCurrency": null, "lastMarket": null, "algorithm": null, "tradeable": false}, "sectorTrend": {"maxAge": 1, "symbol": null, "estimates": []}, "incomeStatementHistoryQuarterly": {"incomeStatementHistory": [{"maxAge": 1, "endDate": "2020-06-30", "totalRevenue": 421000000, "costOfRevenue": 275700000, "grossProfit": 145300000, "researchDevelopment": {}, "sellingGeneralAdministrative": 57100000, "nonRecurring": {}, "otherOperatingExpenses": 98800000, "totalOperatingExpenses": 453900000, "operatingIncome": -32900000, "totalOtherIncomeExpenseNet": -51400000, "ebit": -32900000, "interestExpense": -53900000, "incomeBeforeTax": -84300000, "incomeTaxExpense": -24200000, "minorityInterest": {}, "netIncomeFromContinuingOps": -60100000, "discontinuedOperations": {}, "extraordinaryItems": {}, "effectOfAccountingCharges": {}, "otherItems": {}, "netIncome": -60100000, "netIncomeApplicableToCommonShares": -60100000}, {"maxAge": 1, "endDate": "2020-03-31", "totalRevenue": 763813000, "costOfRevenue": 524617000, "grossProfit": 239196000, "researchDevelopment": {}, "sellingGeneralAdministrative": 83157000, "nonRecurring": {}, "otherOperatingExpenses": 122755000, "totalOperatingExpenses": 752820000, "operatingIncome": 10993000, "totalOtherIncomeExpenseNet": -47977000, "ebit": 10993000, "interestExpense": -36979000, "incomeBeforeTax": -36984000, "incomeTaxExpense": -2549000, "minorityInterest": {}, "netIncomeFromContinuingOps": -34435000, "discontinuedOperations": {}, "extraordinaryItems": {}, "effectOfAccountingCharges": {}, "otherItems": {}, "netIncome": -34435000, "netIncomeApplicableToCommonShares": -34435000}, {"maxAge": 1, "endDate": "2019-12-31", "totalRevenue": 913500000, "costOfRevenue": 616600000, "grossProfit": 296900000, "researchDevelopment": {}, "sellingGeneralAdministrative": 80300000, "nonRecurring": {}, "otherOperatingExpenses": 166500000, "totalOperatingExpenses": 886300000, "operatingIncome": 27200000, "totalOtherIncomeExpenseNet": -34700000, "ebit": 27200000, "interestExpense": -63600000, "incomeBeforeTax": -7500000, "incomeTaxExpense": -5600000, "minorityInterest": {}, "netIncomeFromContinuingOps": -1900000, "discontinuedOperations": {}, "extraordinaryItems": {}, "effectOfAccountingCharges": {}, "otherItems": {}, "netIncome": -1900000, "netIncomeApplicableToCommonShares": -1900000}, {"maxAge": 1, "endDate": "2019-09-30", "totalRevenue": 904500000, "costOfRevenue": 588200000, "grossProfit": 316300000, "researchDevelopment": {}, "sellingGeneralAdministrative": 83800000, "nonRecurring": {}, "otherOperatingExpenses": 167300000, "totalOperatingExpenses": 862400000, "operatingIncome": 42100000, "totalOtherIncomeExpenseNet": -5800000, "ebit": 42100000, "interestExpense": -64000000, "incomeBeforeTax": 36300000, "incomeTaxExpense": 18500000, "minorityInterest": {}, "netIncomeFromContinuingOps": 17800000, "discontinuedOperations": {}, "extraordinaryItems": {}, "effectOfAccountingCharges": {}, "otherItems": {}, "netIncome": 17800000, "netIncomeApplicableToCommonShares": 17800000}], "maxAge": 86400}, "cashflowStatementHistoryQuarterly": {"cashflowStatements": [{"maxAge": 1, "endDate": "2020-06-30", "netIncome": -60100000, "changeToLiabilities": 0}, {"maxAge": 1, "endDate": "2020-03-31", "netIncome": -34435000, "changeToLiabilities": 0}, {"maxAge": 1, "endDate": "2019-12-31", "netIncome": -1900000, "changeToLiabilities": 0}, {"maxAge": 1, "endDate": "2019-09-30", "netIncome": 17800000, "changeToLiabilities": 0}], "maxAge": 86400}, "insiderHolders": {"holders": [{"maxAge": 1, "name": "GTN Engineering India Ltd", "relation": "Promoter", "url": "", "transactionDescription": "Purchase", "latestTransDate": "2018-11-24", "positionDirect": 8684679, "positionDirectDate": "2018-11-24"}, {"maxAge": 1, "name": "JEL Finance & Investments Ltd", "relation": "Promoter", "url": "", "transactionDescription": "Sale", "latestTransDate": "2018-11-24", "positionDirect": 0, "positionDirectDate": "2018-11-24"}, {"maxAge": 1, "name": "Patodia (Mahendra Kumar)", "relation": "Executive Chairman", "url": "", "transactionDescription": "Purchase", "latestTransDate": "2018-11-24", "positionDirect": 2727713, "positionDirectDate": "2018-11-24"}], "maxAge": 1}, "earnings": {"maxAge": 86400, "earningsChart": {"quarterly": [], "earningsDate": ["2020-02-13 05:30:S", "2020-02-14 05:30:S"]}, "financialsChart": {"yearly": [{"date": 2017, "revenue": 2837172000, "earnings": -47248000}, {"date": 2018, "revenue": 2955347000, "earnings": -62413000}, {"date": 2019, "revenue": 3567033000, "earnings": -83532000}, {"date": 2020, "revenue": 3441813000, "earnings": -54435000}], "quarterly": [{"date": "3Q2019", "revenue": 904500000, "earnings": 17800000}, {"date": "4Q2019", "revenue": 913500000, "earnings": -1900000}, {"date": "1Q2020", "revenue": 763813000, "earnings": -34435000}, {"date": "2Q2020", "revenue": 421000000, "earnings": -60100000}]}, "financialCurrency": "INR"}, "calendarEvents": {"maxAge": 1, "earnings": {"earningsDate": ["2020-02-13 05:30:S", "2020-02-14 05:30:S"]}}, "price": {"maxAge": 1, "regularMarketChangePercent": -0.0410256, "regularMarketChange": -0.39999962, "regularMarketTime": "2021-04-30 14:43:10", "priceHint": 2, "regularMarketPrice": 9.35, "regularMarketDayHigh": 9.7, "regularMarketDayLow": 9.1, "regularMarketVolume": 468, "averageDailyVolume10Day": 4067, "averageDailyVolume3Month": 3745, "regularMarketPreviousClose": 9.75, "regularMarketSource": "FREE_REALTIME", "regularMarketOpen": 9.1, "exchange": "BSE", "exchangeName": "BSE", "exchangeDataDelayedBy": 0, "marketState": "CLOSED", "quoteType": "EQUITY", "symbol": "GTNINDS.BO", "underlyingSymbol": null, "shortName": "GTN INDUSTRIES LTD.", "longName": "GTN Industries Limited", "currency": "INR", "quoteSourceName": "Delayed Quote", "currencySymbol": "\u20b9", "fromCurrency": null, "toCurrency": null, "lastMarket": null, "marketCap": 164002752}, "balanceSheetHistory": {"balanceSheetStatements": [{"maxAge": 1, "endDate": "2020-03-31", "cash": 40852000, "netReceivables": 414873000, "inventory": 618518000, "otherCurrentAssets": 130982000, "totalCurrentAssets": 1221618000, "propertyPlantEquipment": 1459295000, "intangibleAssets": 281000, "otherAssets": 55992000, "deferredLongTermAssetCharges": 6750000, "totalAssets": 2737186000, "accountsPayable": 411264000, "shortLongTermDebt": 96603000, "otherCurrentLiab": 26515000, "longTermDebt": 710753000, "otherLiab": 12653000, "totalCurrentLiabilities": 1495107000, "totalLiab": 2218513000, "commonStock": 175496000, "retainedEarnings": 173953000, "treasuryStock": 58016000, "capitalSurplus": 111208000, "otherStockholderEquity": 58016000, "totalStockholderEquity": 518673000, "netTangibleAssets": 518392000}, {"maxAge": 1, "endDate": "2019-03-31", "cash": 26392000, "shortTermInvestments": 595000, "netReceivables": 419309000, "inventory": 539899000, "otherCurrentAssets": 95394000, "totalCurrentAssets": 1088573000, "longTermInvestments": 43980000, "propertyPlantEquipment": 1677455000, "intangibleAssets": 302000, "otherAssets": 58239000, "deferredLongTermAssetCharges": 7230000, "totalAssets": 2824569000, "accountsPayable": 396529000, "shortLongTermDebt": 116155000, "otherCurrentLiab": 19368000, "longTermDebt": 790608000, "otherLiab": 8764000, "totalCurrentLiabilities": 1450885000, "totalLiab": 2250257000, "commonStock": 175496000, "retainedEarnings": 228388000, "treasuryStock": 59220000, "capitalSurplus": 111208000, "otherStockholderEquity": 59220000, "totalStockholderEquity": 574312000, "netTangibleAssets": 574010000}, {"maxAge": 1, "endDate": "2018-03-31", "cash": 4802000, "shortTermInvestments": 296000, "netReceivables": 491510000, "inventory": 632612000, "otherCurrentAssets": 91609000, "totalCurrentAssets": 1234388000, "longTermInvestments": 5000, "propertyPlantEquipment": 1705248000, "intangibleAssets": 216000, "otherAssets": 79555000, "totalAssets": 3019407000, "accountsPayable": 375534000, "shortLongTermDebt": 239526000, "otherCurrentLiab": 81606000, "longTermDebt": 614310000, "otherLiab": 46832000, "totalCurrentLiabilities": 1702954000, "totalLiab": 2364096000, "commonStock": 175496000, "retainedEarnings": 311920000, "treasuryStock": 56687000, "capitalSurplus": 111208000, "otherStockholderEquity": 56687000, "totalStockholderEquity": 655311000, "netTangibleAssets": 655095000}, {"maxAge": 1, "endDate": "2017-03-31", "cash": 27533000, "shortTermInvestments": 1343000, "netReceivables": 205036000, "inventory": 591677000, "otherCurrentAssets": 69716000, "totalCurrentAssets": 910976000, "longTermInvestments": 5000, "propertyPlantEquipment": 1491735000, "intangibleAssets": 216000, "otherAssets": 60938000, "totalAssets": 2463870000, "accountsPayable": 264267000, "shortLongTermDebt": 127716000, "otherCurrentLiab": 32470000, "longTermDebt": 499196000, "otherLiab": 81445000, "totalCurrentLiabilities": 1301422000, "totalLiab": 1882063000, "commonStock": 175496000, "retainedEarnings": 232954000, "treasuryStock": 62149000, "capitalSurplus": 111208000, "otherStockholderEquity": 62149000, "totalStockholderEquity": 581807000, "netTangibleAssets": 581591000}], "maxAge": 86400}, "earningsTrend": {"trend": [{"maxAge": 1, "period": "0q", "endDate": null, "growth": {}, "earningsEstimate": {"avg": 0.0, "low": 0.0, "high": 0.0, "yearAgoEps": {}, "numberOfAnalysts": 0, "growth": {}}, "revenueEstimate": {"avg": 0, "low": 0, "high": 0, "numberOfAnalysts": 0, "yearAgoRevenue": {}, "growth": {}}, "epsTrend": {"current": 0.0, "7daysAgo": 0.0, "30daysAgo": 0.0, "60daysAgo": 0.0, "90daysAgo": 0.0}, "epsRevisions": {"upLast7days": 0, "upLast30days": 0, "downLast30days": 0, "downLast90days": {}}}, {"maxAge": 1, "period": "+1q", "endDate": null, "growth": {}, "earningsEstimate": {"avg": 0.0, "low": 0.0, "high": 0.0, "yearAgoEps": {}, "numberOfAnalysts": 0, "growth": {}}, "revenueEstimate": {"avg": 0, "low": 0, "high": 0, "numberOfAnalysts": 0, "yearAgoRevenue": {}, "growth": {}}, "epsTrend": {"current": 0.0, "7daysAgo": 0.0, "30daysAgo": 0.0, "60daysAgo": 0.0, "90daysAgo": 0.0}, "epsRevisions": {"upLast7days": 0, "upLast30days": 0, "downLast30days": 0, "downLast90days": {}}}, {"maxAge": 1, "period": "0y", "endDate": null, "growth": {}, "earningsEstimate": {"avg": 0.0, "low": 0.0, "high": 0.0, "yearAgoEps": {}, "numberOfAnalysts": 0, "growth": {}}, "revenueEstimate": {"avg": 0, "low": 0, "high": 0, "numberOfAnalysts": 0, "yearAgoRevenue": {}, "growth": {}}, "epsTrend": {"current": 0.0, "7daysAgo": 0.0, "30daysAgo": 0.0, "60daysAgo": 0.0, "90daysAgo": 0.0}, "epsRevisions": {"upLast7days": 0, "upLast30days": 0, "downLast30days": 0, "downLast90days": {}}}, {"maxAge": 1, "period": "+1y", "endDate": null, "growth": {}, "earningsEstimate": {"avg": 0.0, "low": 0.0, "high": 0.0, "yearAgoEps": {}, "numberOfAnalysts": 0, "growth": {}}, "revenueEstimate": {"avg": 0, "low": 0, "high": 0, "numberOfAnalysts": 0, "yearAgoRevenue": {}, "growth": {}}, "epsTrend": {"current": 0.0, "7daysAgo": 0.0, "30daysAgo": 0.0, "60daysAgo": 0.0, "90daysAgo": 0.0}, "epsRevisions": {"upLast7days": 0, "upLast30days": 0, "downLast30days": 0, "downLast90days": {}}}, {"maxAge": 1, "period": "+5y", "endDate": null, "growth": {}, "earningsEstimate": {"avg": {}, "low": {}, "high": {}, "yearAgoEps": {}, "numberOfAnalysts": {}, "growth": {}}, "revenueEstimate": {"avg": {}, "low": {}, "high": {}, "numberOfAnalysts": {}, "yearAgoRevenue": {}, "growth": {}}, "epsTrend": {"current": {}, "7daysAgo": {}, "30daysAgo": {}, "60daysAgo": {}, "90daysAgo": {}}, "epsRevisions": {"upLast7days": {}, "upLast30days": {}, "downLast30days": {}, "downLast90days": {}}}, {"maxAge": 1, "period": "-5y", "endDate": null, "growth": {}, "earningsEstimate": {"avg": {}, "low": {}, "high": {}, "yearAgoEps": {}, "numberOfAnalysts": {}, "growth": {}}, "revenueEstimate": {"avg": {}, "low": {}, "high": {}, "numberOfAnalysts": {}, "yearAgoRevenue": {}, "growth": {}}, "epsTrend": {"current": {}, "7daysAgo": {}, "30daysAgo": {}, "60daysAgo": {}, "90daysAgo": {}}, "epsRevisions": {"upLast7days": {}, "upLast30days": {}, "downLast30days": {}, "downLast90days": {}}}], "maxAge": 1}, "financialData": {"maxAge": 86400, "currentPrice": 9.35, "recommendationKey": "none", "grossProfits": 1129996000, "financialCurrency": "INR"}}}