{"GTNTEX.NS": {"assetProfile": {"address1": "Palal Towers", "address2": "3rd Floor M.G. Road Ravipuram", "city": "Kochi", "zip": "682016", "country": "India", "phone": "91 48 4266 1900", "fax": "91 48 4237 0812", "website": "http://www.gtntextiles.com", "industry": "Textile Manufacturing", "sector": "Consumer Cyclical", "longBusinessSummary": "GTN Textiles Limited engages in the manufacture and sale of combed cotton yarn in India. It operates through, Yarn and Realty segments. The company's product includes compact, ring spun, siro compact, and slub yarns, as well as knitted fabrics. It is also involved in real estate business. The company also export its products. GTN Textiles Limited was incorporated in 2005 and is headquartered in Kochi, India.", "fullTimeEmployees": 706, "companyOfficers": [{"maxAge": 1, "name": "Mr. Binod Kumar Patodia", "age": 75, "title": "Chairman & MD", "yearBorn": 1945, "fiscalYear": 2020, "totalPay": 4225000, "exercisedValue": 0, "unexercisedValue": 0}, {"maxAge": 1, "name": "Mr. Arun S. Mohan", "title": "Chief Financial Officer", "exercisedValue": 0, "unexercisedValue": 0}, {"maxAge": 1, "name": "Mr. E. K. Balakrishnan", "title": "VP of Corp. Affairs & Company Sec.", "fiscalYear": 2016, "exercisedValue": 0, "unexercisedValue": 0}], "compensationAsOfEpochDate": "2020-12-31 05:30:00", "maxAge": 86400}, "cashflowStatementHistory": {"cashflowStatements": [{"maxAge": 1, "endDate": "2020-03-31", "netIncome": -100969000, "depreciation": 32268000, "changeToNetincome": 56078000, "changeToAccountReceivables": 31723000, "changeToLiabilities": -161943000, "changeToInventory": 162802000, "changeToOperatingActivities": 13572000, "totalCashFromOperatingActivities": 33531000, "capitalExpenditures": -437000, "otherCashflowsFromInvestingActivities": 2948000, "totalCashflowsFromInvestingActivities": 2614000, "netBorrowings": 44647000, "otherCashflowsFromFinancingActivities": -34200000, "totalCashFromFinancingActivities": 10447000, "changeInCash": 46592000}, {"maxAge": 1, "endDate": "2019-03-31", "netIncome": -84240000, "depreciation": 32909000, "changeToNetincome": 83968000, "changeToAccountReceivables": -19303000, "changeToLiabilities": -45728000, "changeToInventory": 87976000, "changeToOperatingActivities": 20900000, "totalCashFromOperatingActivities": 76482000, "capitalExpenditures": -5397000, "otherCashflowsFromInvestingActivities": 2288000, "totalCashflowsFromInvestingActivities": 49378000, "netBorrowings": -61517000, "otherCashflowsFromFinancingActivities": -60031000, "totalCashFromFinancingActivities": -121548000, "changeInCash": 4312000}, {"maxAge": 1, "endDate": "2018-03-31", "netIncome": -41930000, "depreciation": 37063000, "changeToNetincome": 119597000, "changeToAccountReceivables": 15086000, "changeToLiabilities": 66308000, "changeToInventory": -156600000, "changeToOperatingActivities": 1471000, "totalCashFromOperatingActivities": 40995000, "capitalExpenditures": -2888000, "otherCashflowsFromInvestingActivities": 2595000, "totalCashflowsFromInvestingActivities": 5645000, "netBorrowings": 33002000, "otherCashflowsFromFinancingActivities": -89235000, "totalCashFromFinancingActivities": -56233000, "changeInCash": -9593000}, {"maxAge": 1, "endDate": "2017-03-31", "netIncome": -16770000, "depreciation": 39165000, "changeToNetincome": -5486000, "changeToAccountReceivables": 29526000, "changeToLiabilities": -3098000, "changeToInventory": 64720000, "changeToOperatingActivities": 73091000, "totalCashFromOperatingActivities": 181148000, "capitalExpenditures": -2574000, "otherCashflowsFromInvestingActivities": 2425000, "totalCashflowsFromInvestingActivities": 4348000, "netBorrowings": -157445000, "otherCashflowsFromFinancingActivities": -26660000, "totalCashFromFinancingActivities": -184105000, "changeInCash": 1391000}], "maxAge": 86400}, "institutionOwnership": {"ownershipList": [], "maxAge": 1}, "majorHoldersBreakdown": {"maxAge": 1, "insidersPercentHeld": 0.65099, "institutionsPercentHeld": 0.0, "institutionsFloatPercentHeld": 0.0, "institutionsCount": 0}, "balanceSheetHistoryQuarterly": {"balanceSheetStatements": [{"maxAge": 1, "endDate": "2020-12-31", "totalStockholderEquity": 628500000, "netTangibleAssets": 626400000}, {"maxAge": 1, "endDate": "2020-09-30", "cash": 40500000, "netReceivables": 66500000, "inventory": 129800000, "otherCurrentAssets": 43400000, "totalCurrentAssets": 280200000, "propertyPlantEquipment": 1198600000, "intangibleAssets": 2100000, "otherAssets": 80500000, "deferredLongTermAssetCharges": 76900000, "totalAssets": 1561400000, "accountsPayable": 205600000, "otherCurrentLiab": 28900000, "longTermDebt": 92800000, "otherLiab": 32700000, "totalCurrentLiabilities": 807400000, "totalLiab": 932900000, "commonStock": 116400000, "treasuryStock": 512100000, "otherStockholderEquity": 512100000, "totalStockholderEquity": 628500000, "netTangibleAssets": 626400000}, {"maxAge": 1, "endDate": "2020-06-30", "totalStockholderEquity": 742500000, "netTangibleAssets": 739900000}, {"maxAge": 1, "endDate": "2020-03-31", "cash": 52642000, "netReceivables": 112144000, "inventory": 266883000, "otherCurrentAssets": 54061000, "totalCurrentAssets": 489368000, "longTermInvestments": 43000, "propertyPlantEquipment": 1213703000, "intangibleAssets": 2561000, "otherAssets": 81307000, "deferredLongTermAssetCharges": 76876000, "totalAssets": 1786982000, "accountsPayable": 319682000, "otherCurrentLiab": 12219000, "longTermDebt": 41700000, "otherLiab": 32691000, "totalCurrentLiabilities": 969912000, "totalLiab": 1044453000, "commonStock": 116405000, "retainedEarnings": -297861000, "treasuryStock": 923985000, "otherStockholderEquity": 923985000, "totalStockholderEquity": 742529000, "netTangibleAssets": 739968000}], "maxAge": 86400}, "indexTrend": {"maxAge": 1, "symbol": "SP5", "peRatio": 19.7411, "pegRatio": 1.34172, "estimates": [{"period": "0q", "growth": 0.549}, {"period": "+1q", "growth": 0.431}, {"period": "0y", "growth": 0.305}, {"period": "+1y", "growth": 0.109}, {"period": "+5y", "growth": 0.120865}, {"period": "-5y"}]}, "defaultKeyStatistics": {"maxAge": 1, "priceHint": 2, "enterpriseValue": 674468992, "profitMargins": -0.27912, "floatShares": 3649132, "sharesOutstanding": 11640500, "heldPercentInsiders": 0.65099, "heldPercentInstitutions": 0.0, "beta": 0.204202, "category": null, "bookValue": 53.957, "priceToBook": 0.09822637, "fundFamily": null, "legalType": null, "lastFiscalYearEnd": "2020-03-31 05:30:00", "nextFiscalYearEnd": "2022-03-31 05:30:00", "mostRecentQuarter": "2020-12-31 05:30:00", "netIncomeToCommon": -164368992, "trailingEps": -14.125, "lastSplitFactor": null, "enterpriseToRevenue": 1.145, "enterpriseToEbitda": -10.379}, "summaryProfile": {"address1": "Palal Towers", "address2": "3rd Floor M.G. Road Ravipuram", "city": "Kochi", "zip": "682016", "country": "India", "phone": "91 48 4266 1900", "fax": "91 48 4237 0812", "website": "http://www.gtntextiles.com", "industry": "Textile Manufacturing", "sector": "Consumer Cyclical", "longBusinessSummary": "GTN Textiles Limited engages in the manufacture and sale of combed cotton yarn in India. It operates through, Yarn and Realty segments. The company's product includes compact, ring spun, siro compact, and slub yarns, as well as knitted fabrics. It is also involved in real estate business. The company also export its products. GTN Textiles Limited was incorporated in 2005 and is headquartered in Kochi, India.", "fullTimeEmployees": 706, "companyOfficers": [], "maxAge": 86400}, "netSharePurchaseActivity": {"maxAge": 1, "period": "6m", "buyInfoCount": 0, "buyInfoShares": 0, "sellInfoCount": 0, "netInfoCount": 0, "netInfoShares": 0, "netPercentInsiderShares": 0.0, "totalInsiderShares": 7572435}, "insiderTransactions": {"transactions": [{"maxAge": 1, "shares": 101501, "filerUrl": "", "transactionText": "", "filerName": "Patodia Exports & Investments Pvt Ltd", "filerRelation": "Promoter", "moneyText": "", "startDate": "2017-02-22", "ownership": "D"}, {"maxAge": 1, "shares": 13236, "filerUrl": "", "transactionText": "", "filerName": "Patodia Exports & Investments Pvt Ltd", "filerRelation": "Promoter", "moneyText": "", "startDate": "2013-10-19", "ownership": "D"}, {"maxAge": 1, "shares": 26151, "filerUrl": "", "transactionText": "", "filerName": "Beekaypee Credit Pvt Ltd", "filerRelation": "Promoter", "moneyText": "", "startDate": "2011-09-21", "ownership": "D"}, {"maxAge": 1, "shares": 25456, "filerUrl": "", "transactionText": "", "filerName": "Beekaypee Credit Pvt Ltd", "filerRelation": "Promoter", "moneyText": "", "startDate": "2011-08-23", "ownership": "D"}], "maxAge": 1}, "quoteType": {"exchange": "NSI", "quoteType": "EQUITY", "symbol": "GTNTEX.NS", "underlyingSymbol": "GTNTEX.NS", "shortName": "GTN TEXTILES", "longName": "GTN Textiles Limited", "firstTradeDateEpochUtc": "2006-05-18 09:15:00", "timeZoneFullName": "Asia/Kolkata", "timeZoneShortName": "IST", "uuid": "bd4ad08f-3573-3beb-926a-e9c4138a73ed", "gmtOffSetMilliseconds": 19800000, "maxAge": 1}, "incomeStatementHistory": {"incomeStatementHistory": [{"maxAge": 1, "endDate": "2020-03-31", "totalRevenue": 1309987000, "costOfRevenue": 843959000, "grossProfit": 466028000, "researchDevelopment": {}, "sellingGeneralAdministrative": 209416000, "nonRecurring": {}, "otherOperatingExpenses": 242518000, "totalOperatingExpenses": 1328161000, "operatingIncome": -18174000, "totalOtherIncomeExpenseNet": -111833000, "ebit": -18174000, "interestExpense": -74900000, "incomeBeforeTax": -130007000, "incomeTaxExpense": -29038000, "minorityInterest": {}, "netIncomeFromContinuingOps": -100969000, "discontinuedOperations": {}, "extraordinaryItems": {}, "effectOfAccountingCharges": {}, "otherItems": {}, "netIncome": -100969000, "netIncomeApplicableToCommonShares": -100969000}, {"maxAge": 1, "endDate": "2019-03-31", "totalRevenue": 1422610000, "costOfRevenue": 912545000, "grossProfit": 510065000, "researchDevelopment": {}, "sellingGeneralAdministrative": 212736000, "nonRecurring": {}, "otherOperatingExpenses": 246854000, "totalOperatingExpenses": 1405044000, "operatingIncome": 17566000, "totalOtherIncomeExpenseNet": -112948000, "ebit": 17566000, "interestExpense": -80981000, "incomeBeforeTax": -95382000, "incomeTaxExpense": -11142000, "minorityInterest": {}, "netIncomeFromContinuingOps": -84240000, "discontinuedOperations": {}, "extraordinaryItems": {}, "effectOfAccountingCharges": {}, "otherItems": {}, "netIncome": -84240000, "netIncomeApplicableToCommonShares": -84240000}, {"maxAge": 1, "endDate": "2018-03-31", "totalRevenue": 1427869000, "costOfRevenue": 804170000, "grossProfit": 623699000, "researchDevelopment": {}, "sellingGeneralAdministrative": 228738000, "nonRecurring": {}, "otherOperatingExpenses": 255112000, "totalOperatingExpenses": 1325083000, "operatingIncome": 102786000, "totalOtherIncomeExpenseNet": -149436000, "ebit": 102786000, "interestExpense": -91535000, "incomeBeforeTax": -46650000, "incomeTaxExpense": -4720000, "minorityInterest": {}, "netIncomeFromContinuingOps": -41930000, "discontinuedOperations": {}, "extraordinaryItems": {}, "effectOfAccountingCharges": {}, "otherItems": {}, "netIncome": -41930000, "netIncomeApplicableToCommonShares": -41930000}, {"maxAge": 1, "endDate": "2017-03-31", "totalRevenue": 1136319000, "costOfRevenue": 657725000, "grossProfit": 478594000, "researchDevelopment": {}, "sellingGeneralAdministrative": 201859000, "nonRecurring": {}, "otherOperatingExpenses": 211102000, "totalOperatingExpenses": 1109851000, "operatingIncome": 26468000, "totalOtherIncomeExpenseNet": -65922000, "ebit": 26468000, "interestExpense": -86660000, "incomeBeforeTax": -39454000, "incomeTaxExpense": -22684000, "minorityInterest": {}, "netIncomeFromContinuingOps": -16770000, "discontinuedOperations": {}, "extraordinaryItems": {}, "effectOfAccountingCharges": {}, "otherItems": {}, "netIncome": -16770000, "netIncomeApplicableToCommonShares": -16770000}], "maxAge": 86400}, "fundOwnership": {"ownershipList": [], "maxAge": 1}, "summaryDetail": {"maxAge": 1, "priceHint": 2, "previousClose": 5.25, "open": 5.25, "dayLow": 5.25, "dayHigh": 5.3, "regularMarketPreviousClose": 5.25, "regularMarketOpen": 5.25, "regularMarketDayLow": 5.25, "regularMarketDayHigh": 5.3, "exDividendDate": "2008-07-17 05:30:00", "payoutRatio": 0.0, "beta": 0.204202, "volume": 279, "regularMarketVolume": 279, "averageVolume": 1627, "averageVolume10days": 257, "averageDailyVolume10Day": 257, "bid": 0.0, "ask": 0.0, "bidSize": 0, "askSize": 0, "marketCap": 71095792, "fiftyTwoWeekLow": 4.6, "fiftyTwoWeekHigh": 8.0, "priceToSalesTrailing12Months": 0.120729096, "fiftyDayAverage": 5.380303, "twoHundredDayAverage": 5.7353573, "currency": "INR", "fromCurrency": null, "lastMarket": null, "algorithm": null, "tradeable": false}, "incomeStatementHistoryQuarterly": {"incomeStatementHistory": [{"maxAge": 1, "endDate": "2020-12-31", "totalRevenue": 109500000, "costOfRevenue": 64000000, "grossProfit": 45500000, "researchDevelopment": {}, "sellingGeneralAdministrative": 34000000, "nonRecurring": {}, "otherOperatingExpenses": 29800000, "totalOperatingExpenses": 135600000, "operatingIncome": -26100000, "totalOtherIncomeExpenseNet": -24500000, "ebit": -26100000, "interestExpense": -25100000, "incomeBeforeTax": -50600000, "incomeTaxExpense": 0, "minorityInterest": {}, "netIncomeFromContinuingOps": -50600000, "discontinuedOperations": {}, "extraordinaryItems": {}, "effectOfAccountingCharges": {}, "otherItems": {}, "netIncome": -50600000, "netIncomeApplicableToCommonShares": -50600000}, {"maxAge": 1, "endDate": "2020-09-30", "totalRevenue": 63600000, "costOfRevenue": 60000000, "grossProfit": 3600000, "researchDevelopment": {}, "sellingGeneralAdministrative": 19600000, "nonRecurring": {}, "otherOperatingExpenses": 18700000, "totalOperatingExpenses": 106100000, "operatingIncome": -42500000, "totalOtherIncomeExpenseNet": -20400000, "ebit": -42500000, "interestExpense": -20600000, "incomeBeforeTax": -62900000, "incomeTaxExpense": 0, "minorityInterest": {}, "netIncomeFromContinuingOps": -62900000, "discontinuedOperations": {}, "extraordinaryItems": {}, "effectOfAccountingCharges": {}, "otherItems": {}, "netIncome": -62900000, "netIncomeApplicableToCommonShares": -62900000}, {"maxAge": 1, "endDate": "2020-06-30", "totalRevenue": 123100000, "costOfRevenue": 93000000, "grossProfit": 30100000, "researchDevelopment": {}, "sellingGeneralAdministrative": 29000000, "nonRecurring": {}, "otherOperatingExpenses": 26700000, "totalOperatingExpenses": 156500000, "operatingIncome": -33400000, "totalOtherIncomeExpenseNet": -20500000, "ebit": -33400000, "interestExpense": -21000000, "incomeBeforeTax": -53900000, "incomeTaxExpense": 0, "minorityInterest": {}, "netIncomeFromContinuingOps": -53900000, "discontinuedOperations": {}, "extraordinaryItems": {}, "effectOfAccountingCharges": {}, "otherItems": {}, "netIncome": -53900000, "netIncomeApplicableToCommonShares": -53900000}, {"maxAge": 1, "endDate": "2020-03-31", "totalRevenue": 292687000, "costOfRevenue": 197259000, "grossProfit": 95428000, "researchDevelopment": {}, "sellingGeneralAdministrative": 48016000, "nonRecurring": {}, "otherOperatingExpenses": 33918000, "totalOperatingExpenses": 287461000, "operatingIncome": 5226000, "totalOtherIncomeExpenseNet": -31233000, "ebit": 5226000, "interestExpense": -6800000, "incomeBeforeTax": -26007000, "incomeTaxExpense": -29038000, "minorityInterest": {}, "netIncomeFromContinuingOps": 3031000, "discontinuedOperations": {}, "extraordinaryItems": {}, "effectOfAccountingCharges": {}, "otherItems": {}, "netIncome": 3031000, "netIncomeApplicableToCommonShares": 3031000}], "maxAge": 86400}, "cashflowStatementHistoryQuarterly": {"cashflowStatements": [{"maxAge": 1, "endDate": "2020-12-31", "netIncome": -50600000, "changeToLiabilities": 0}, {"maxAge": 1, "endDate": "2020-09-30", "netIncome": -62900000, "changeToLiabilities": 0}, {"maxAge": 1, "endDate": "2020-06-30", "netIncome": -53900000, "changeToLiabilities": 0}, {"maxAge": 1, "endDate": "2020-03-31", "netIncome": 3031000, "changeToLiabilities": 0}], "maxAge": 86400}, "insiderHolders": {"holders": [{"maxAge": 1, "name": "Beekaypee Credit Pvt Ltd", "relation": "Promoter", "url": "", "transactionDescription": "Acquisition", "latestTransDate": "2011-09-21", "positionDirect": 807849, "positionDirectDate": "2011-09-21"}, {"maxAge": 1, "name": "Patodia Exports & Investments Pvt Ltd", "relation": "Promoter", "url": "", "transactionDescription": "Acquisition", "latestTransDate": "2017-02-22", "positionDirect": 774487, "positionDirectDate": "2017-02-22"}], "maxAge": 1}, "calendarEvents": {"maxAge": 1, "earnings": {"earningsDate": []}, "exDividendDate": "2008-07-17 05:30:00"}, "upgradeDowngradeHistory": {"history": [], "maxAge": 86400}, "price": {"maxAge": 1, "regularMarketChangePercent": 0.009523846, "regularMarketChange": 0.05000019, "regularMarketTime": "2021-04-30 14:14:13", "priceHint": 2, "regularMarketPrice": 5.3, "regularMarketDayHigh": 5.3, "regularMarketDayLow": 5.25, "regularMarketVolume": 279, "averageDailyVolume10Day": 257, "averageDailyVolume3Month": 1627, "regularMarketPreviousClose": 5.25, "regularMarketSource": "FREE_REALTIME", "regularMarketOpen": 5.25, "exchange": "NSI", "exchangeName": "NSE", "exchangeDataDelayedBy": 15, "marketState": "CLOSED", "quoteType": "EQUITY", "symbol": "GTNTEX.NS", "underlyingSymbol": null, "shortName": "GTN TEXTILES", "longName": "GTN Textiles Limited", "currency": "INR", "quoteSourceName": "Delayed Quote", "currencySymbol": "\u20b9", "fromCurrency": null, "lastMarket": null, "marketCap": 71095792}, "balanceSheetHistory": {"balanceSheetStatements": [{"maxAge": 1, "endDate": "2020-03-31", "cash": 52642000, "netReceivables": 112144000, "inventory": 266883000, "otherCurrentAssets": 54061000, "totalCurrentAssets": 489368000, "longTermInvestments": 43000, "propertyPlantEquipment": 1213703000, "intangibleAssets": 2561000, "otherAssets": 81307000, "deferredLongTermAssetCharges": 76876000, "totalAssets": 1786982000, "accountsPayable": 319682000, "otherCurrentLiab": 12219000, "longTermDebt": 41700000, "otherLiab": 32691000, "totalCurrentLiabilities": 969912000, "totalLiab": 1044453000, "commonStock": 116405000, "retainedEarnings": -297861000, "treasuryStock": 923985000, "otherStockholderEquity": 923985000, "totalStockholderEquity": 742529000, "netTangibleAssets": 739968000}, {"maxAge": 1, "endDate": "2019-03-31", "cash": 6050000, "netReceivables": 144153000, "inventory": 429685000, "otherCurrentAssets": 71710000, "totalCurrentAssets": 655341000, "longTermInvestments": 13694000, "propertyPlantEquipment": 1247884000, "intangibleAssets": 330000, "otherAssets": 55952000, "deferredLongTermAssetCharges": 47838000, "totalAssets": 1973201000, "accountsPayable": 481556000, "shortLongTermDebt": 16238000, "otherCurrentLiab": 16676000, "longTermDebt": 38000000, "otherLiab": 26348000, "totalCurrentLiabilities": 1060786000, "totalLiab": 1125414000, "commonStock": 116405000, "retainedEarnings": -213624000, "treasuryStock": 945006000, "otherStockholderEquity": 945006000, "totalStockholderEquity": 847787000, "netTangibleAssets": 847457000}, {"maxAge": 1, "endDate": "2018-03-31", "cash": 2136000, "netReceivables": 126162000, "inventory": 477687000, "otherCurrentAssets": 68898000, "totalCurrentAssets": 679587000, "longTermInvestments": 31492000, "propertyPlantEquipment": 1292675000, "intangibleAssets": 441000, "otherAssets": 44465000, "deferredLongTermAssetCharges": 36696000, "totalAssets": 2048660000, "accountsPayable": 527070000, "shortLongTermDebt": 62592000, "otherCurrentLiab": 1874000, "longTermDebt": 50751000, "otherLiab": 27878000, "totalCurrentLiabilities": 1110999000, "totalLiab": 1190067000, "commonStock": 116405000, "retainedEarnings": -166111000, "treasuryStock": 908299000, "otherStockholderEquity": 908299000, "totalStockholderEquity": 858593000, "netTangibleAssets": 858152000}, {"maxAge": 1, "endDate": "2017-03-31", "cash": 11729000, "netReceivables": 147930000, "inventory": 320894000, "otherCurrentAssets": 56011000, "totalCurrentAssets": 542106000, "longTermInvestments": 51582000, "propertyPlantEquipment": 1346231000, "intangibleAssets": 359000, "otherAssets": 37723000, "deferredLongTermAssetCharges": 33017000, "totalAssets": 1978001000, "accountsPayable": 458329000, "shortLongTermDebt": 96269000, "otherCurrentLiab": 65000, "longTermDebt": 96511000, "otherLiab": 29486000, "totalCurrentLiabilities": 953460000, "totalLiab": 1079744000, "commonStock": 116405000, "retainedEarnings": -124868000, "treasuryStock": 906720000, "otherStockholderEquity": 906720000, "totalStockholderEquity": 898257000, "netTangibleAssets": 897898000}], "maxAge": 86400}, "financialData": {"maxAge": 86400, "currentPrice": 5.3, "recommendationKey": "none", "totalCash": 40500000, "totalCashPerShare": 3.482, "ebitda": -64986752, "totalDebt": 653900032, "totalRevenue": 588886976, "debtToEquity": 104.041, "revenuePerShare": 50.606, "grossProfits": 466028000, "revenueGrowth": -0.613, "grossMargins": 0.29654, "ebitdaMargins": -0.110360004, "operatingMargins": -0.16433, "profitMargins": -0.27912, "financialCurrency": "INR"}}}