{"GTPL.NS": {"assetProfile": {"address1": "GTPL House, Shree One Building", "address2": "Opposite Armieda Sindhu Bhavan Road Near Pakwan Cross Road, Bodakdev", "city": "Ahmedabad", "zip": "380059", "country": "India", "phone": "91 79 6140 0000", "website": "http://www.gtpl.net", "industry": "Entertainment", "sector": "Communication Services", "longBusinessSummary": "GTPL Hathway Limited, through its subsidiaries, provides cable television and broadband services. It operates through three segments: Cable Television, Internet, and EPC Project. The company engages in the distribution of television channels through digital cable distribution network. It has a network of approximately 40,000 kilometers of optical fiber cable. The company serves its customers in approximately 800 cities across 12 states in India, including Gujarat, Rajasthan, Maharashtra, Goa, Jharkhand, Bihar, Assam, West Bengal, Andhra Pradesh, Telangana, Uttar Pradesh, and Tamil Nadu. It also acts as an Internet service provider. The company was incorporated in 2006 and is headquartered in Ahmedabad, India.", "companyOfficers": [{"maxAge": 1, "name": "Mr. Aniruddhasinhji Nogubha Jadeja", "age": 47, "title": "MD & Director", "yearBorn": 1973, "fiscalYear": 2020, "totalPay": 27580000, "exercisedValue": 0, "unexercisedValue": 0}, {"maxAge": 1, "name": "Mr. Amit Jayantilal Shah", "age": 52, "title": "Whole - Time Director", "yearBorn": 1968, "fiscalYear": 2020, "totalPay": 9530000, "exercisedValue": 0, "unexercisedValue": 0}, {"maxAge": 1, "name": "Mr. Anil  Bothra", "title": "Chief Financial Officer", "exercisedValue": 0, "unexercisedValue": 0}, {"maxAge": 1, "name": "Mr. Hardik  Sanghvi", "title": "Company Sec. & Compliance Officer", "exercisedValue": 0, "unexercisedValue": 0}, {"maxAge": 1, "name": "Mr. Kanaksinh Bhurubha Rana", "age": 50, "title": "Bus. Head of Local Content & Production", "yearBorn": 1970, "fiscalYear": 2017, "exercisedValue": 0, "unexercisedValue": 0}, {"maxAge": 1, "name": "Piyush  Pankaj", "title": "Head of CATV Bus. & Chief Strategy Officer", "exercisedValue": 0, "unexercisedValue": 0}], "compensationAsOfEpochDate": "2020-12-31 05:30:00", "maxAge": 86400}, "recommendationTrend": {"trend": [{"period": "0m", "strongBuy": 0, "buy": 0, "hold": 0, "sell": 0, "strongSell": 0}, {"period": "-1m", "strongBuy": 1, "buy": 0, "hold": 0, "sell": 0, "strongSell": 0}, {"period": "-2m", "strongBuy": 1, "buy": 0, "hold": 0, "sell": 0, "strongSell": 0}, {"period": "-3m", "strongBuy": 0, "buy": 0, "hold": 0, "sell": 0, "strongSell": 0}], "maxAge": 86400}, "cashflowStatementHistory": {"cashflowStatements": [{"maxAge": 1, "endDate": "2021-03-31", "netIncome": 1881020000, "depreciation": 2604310000, "changeToNetincome": 1092710000, "changeToAccountReceivables": -1209750000, "changeToLiabilities": 0, "changeToInventory": 146480000, "changeToOperatingActivities": 961940000, "totalCashFromOperatingActivities": 5476710000, "capitalExpenditures": -3709680000, "otherCashflowsFromInvestingActivities": 29230000, "totalCashflowsFromInvestingActivities": -3750200000, "dividendsPaid": -337390000, "netBorrowings": -636560000, "otherCashflowsFromFinancingActivities": -656730000, "totalCashFromFinancingActivities": -1630680000, "changeInCash": 95830000}, {"maxAge": 1, "endDate": "2020-03-31", "netIncome": 777450000, "depreciation": 2249210000, "changeToNetincome": 1981560000, "changeToAccountReceivables": -1268760000, "changeToLiabilities": 0, "changeToInventory": 24390000, "changeToOperatingActivities": 107900000, "totalCashFromOperatingActivities": 3939970000, "capitalExpenditures": -2506740000, "investments": -1400000, "otherCashflowsFromInvestingActivities": 50090000, "totalCashflowsFromInvestingActivities": -2578340000, "dividendsPaid": -112480000, "netBorrowings": -1310280000, "otherCashflowsFromFinancingActivities": -446830000, "totalCashFromFinancingActivities": -1869590000, "changeInCash": -465540000}, {"maxAge": 1, "endDate": "2019-03-31", "netIncome": 188810000, "depreciation": 1923860000, "changeToNetincome": 1157760000, "changeToAccountReceivables": -511520000, "changeToLiabilities": 0, "changeToInventory": -249690000, "changeToOperatingActivities": 287490000, "totalCashFromOperatingActivities": 2844440000, "capitalExpenditures": -2274730000, "investments": 9080000, "otherCashflowsFromInvestingActivities": 48210000, "totalCashflowsFromInvestingActivities": -2349170000, "dividendsPaid": -112460000, "netBorrowings": 167950000, "otherCashflowsFromFinancingActivities": -109170000, "totalCashFromFinancingActivities": -53680000, "changeInCash": 441590000}, {"maxAge": 1, "endDate": "2018-03-31", "netIncome": 610960000, "depreciation": 1668730000, "changeToNetincome": 713590000, "changeToAccountReceivables": -475690000, "changeToLiabilities": 0, "changeToInventory": -249690000, "changeToOperatingActivities": 1563290000, "totalCashFromOperatingActivities": 4122890000, "capitalExpenditures": -3282810000, "investments": -31910000, "otherCashflowsFromInvestingActivities": 39540000, "totalCashflowsFromInvestingActivities": -3344440000, "dividendsPaid": -112460000, "netBorrowings": -2189250000, "otherCashflowsFromFinancingActivities": -742710000, "totalCashFromFinancingActivities": -644390000, "changeInCash": 134060000, "issuanceOfStock": 2400030000}], "maxAge": 86400}, "indexTrend": {"maxAge": 1, "symbol": "SP5", "peRatio": 19.7411, "pegRatio": 1.34172, "estimates": [{"period": "0q", "growth": 0.549}, {"period": "+1q", "growth": 0.431}, {"period": "0y", "growth": 0.305}, {"period": "+1y", "growth": 0.109}, {"period": "+5y", "growth": 0.120865}, {"period": "-5y"}]}, "defaultKeyStatistics": {"maxAge": 1, "priceHint": 2, "enterpriseValue": 14692442112, "forwardPE": 10.950765, "profitMargins": 0.07435, "floatShares": 24955969, "sharesOutstanding": 112463000, "heldPercentInsiders": 0.75, "heldPercentInstitutions": 0.071550004, "beta": 0.988805, "category": null, "bookValue": 78.273, "priceToBook": 1.6480778, "fundFamily": null, "legalType": null, "lastFiscalYearEnd": "2021-03-31 05:30:00", "nextFiscalYearEnd": "2023-03-31 05:30:00", "mostRecentQuarter": "2021-03-31 05:30:00", "netIncomeToCommon": 1881020032, "trailingEps": 16.73, "forwardEps": 11.78, "lastSplitFactor": null, "enterpriseToRevenue": 0.581, "enterpriseToEbitda": 2.567}, "industryTrend": {"maxAge": 1, "symbol": null, "estimates": []}, "quoteType": {"exchange": "NSI", "quoteType": "EQUITY", "symbol": "GTPL.NS", "underlyingSymbol": "GTPL.NS", "shortName": "GTPL HATHWAY LTD", "longName": "GTPL Hathway Limited", "firstTradeDateEpochUtc": "2017-07-04 09:15:00", "timeZoneFullName": "Asia/Kolkata", "timeZoneShortName": "IST", "uuid": "eea50460-fce3-3b21-a0f1-dbe2300644b3", "gmtOffSetMilliseconds": 19800000, "maxAge": 1}, "incomeStatementHistory": {"incomeStatementHistory": [{"maxAge": 1, "endDate": "2021-03-31", "totalRevenue": 25300350000, "costOfRevenue": 14120640000, "grossProfit": 11179710000, "researchDevelopment": {}, "sellingGeneralAdministrative": 1147970000, "nonRecurring": {}, "otherOperatingExpenses": 4308040000, "totalOperatingExpenses": 22180960000, "operatingIncome": 3119390000, "totalOtherIncomeExpenseNet": -240340000, "ebit": 3119390000, "interestExpense": -230340000, "incomeBeforeTax": 2879050000, "incomeTaxExpense": 775040000, "minorityInterest": 725310000, "netIncomeFromContinuingOps": 2104010000, "discontinuedOperations": {}, "extraordinaryItems": {}, "effectOfAccountingCharges": {}, "otherItems": {}, "netIncome": 1881020000, "netIncomeApplicableToCommonShares": 1881020000}, {"maxAge": 1, "endDate": "2020-03-31", "totalRevenue": 24202590000, "costOfRevenue": 15521240000, "grossProfit": 8681350000, "researchDevelopment": {}, "sellingGeneralAdministrative": 1569710000, "nonRecurring": {}, "otherOperatingExpenses": 2093700000, "totalOperatingExpenses": 21502080000, "operatingIncome": 2700510000, "totalOtherIncomeExpenseNet": -1125280000, "ebit": 2700510000, "interestExpense": -303370000, "incomeBeforeTax": 1575230000, "incomeTaxExpense": 698040000, "minorityInterest": 457710000, "netIncomeFromContinuingOps": 877190000, "discontinuedOperations": {}, "extraordinaryItems": {}, "effectOfAccountingCharges": {}, "otherItems": {}, "netIncome": 777450000, "netIncomeApplicableToCommonShares": 777450000}, {"maxAge": 1, "endDate": "2019-03-31", "totalRevenue": 12617970000, "costOfRevenue": 6187880000, "grossProfit": 6430090000, "researchDevelopment": {}, "sellingGeneralAdministrative": 1600600000, "nonRecurring": {}, "otherOperatingExpenses": 1236540000, "totalOperatingExpenses": 10996610000, "operatingIncome": 1621360000, "totalOtherIncomeExpenseNet": -1188870000, "ebit": 1621360000, "interestExpense": -253820000, "incomeBeforeTax": 432490000, "incomeTaxExpense": 184540000, "minorityInterest": 364300000, "netIncomeFromContinuingOps": 247950000, "discontinuedOperations": {}, "extraordinaryItems": {}, "effectOfAccountingCharges": {}, "otherItems": {}, "netIncome": 188810000, "netIncomeApplicableToCommonShares": 188810000}, {"maxAge": 1, "endDate": "2018-03-31", "totalRevenue": 11067240000, "costOfRevenue": 5438540000, "grossProfit": 5628700000, "researchDevelopment": {}, "sellingGeneralAdministrative": 1401140000, "nonRecurring": {}, "otherOperatingExpenses": 1054670000, "totalOperatingExpenses": 9605090000, "operatingIncome": 1462150000, "totalOtherIncomeExpenseNet": -484130000, "ebit": 1462150000, "interestExpense": -261210000, "incomeBeforeTax": 978020000, "incomeTaxExpense": 414030000, "minorityInterest": 302710000, "netIncomeFromContinuingOps": 563990000, "discontinuedOperations": {}, "extraordinaryItems": {}, "effectOfAccountingCharges": {}, "otherItems": {}, "netIncome": 610960000, "netIncomeApplicableToCommonShares": 610960000}], "maxAge": 86400}, "fundOwnership": {"ownershipList": [], "maxAge": 1}, "summaryDetail": {"maxAge": 1, "priceHint": 2, "previousClose": 130.45, "open": 130.0, "dayLow": 127.75, "dayHigh": 130.15, "regularMarketPreviousClose": 130.45, "regularMarketOpen": 130.0, "regularMarketDayLow": 127.75, "regularMarketDayHigh": 130.15, "dividendRate": 3.0, "dividendYield": 0.023, "exDividendDate": "2020-08-19 05:30:00", "payoutRatio": 0.17930001, "beta": 0.988805, "trailingPE": 7.7106996, "forwardPE": 10.950765, "volume": 54593, "regularMarketVolume": 54593, "averageVolume": 196669, "averageVolume10days": 116061, "averageDailyVolume10Day": 116061, "bid": 0.0, "ask": 0.0, "bidSize": 0, "askSize": 0, "marketCap": 14507726848, "fiftyTwoWeekLow": 41.0, "fiftyTwoWeekHigh": 163.0, "priceToSalesTrailing12Months": 0.57342, "fiftyDayAverage": 121.32059, "twoHundredDayAverage": 121.36844, "trailingAnnualDividendRate": 4.0, "trailingAnnualDividendYield": 0.03066309, "currency": "INR", "fromCurrency": null, "lastMarket": null, "algorithm": null, "tradeable": false}, "insiderHolders": {"holders": [{"maxAge": 1, "name": "Gujarat Digicom Pvt. Ltd.", "relation": "Institution- Corporation", "url": "", "transactionDescription": "Sale", "latestTransDate": "2018-09-27", "positionDirect": 0, "positionDirectDate": "2018-09-27"}, {"maxAge": 1, "name": "Pruthvi Steel Pvt. Ltd.", "relation": "Institution- Corporation", "url": "", "transactionDescription": "Other", "latestTransDate": "2018-09-27", "positionDirect": 23719753, "positionDirectDate": "2018-09-27"}, {"maxAge": 1, "name": "Reliance Industries Ltd", "relation": "Promoter", "url": "", "transactionDescription": "Other", "latestTransDate": "2020-03-02", "positionDirect": 725131, "positionDirectDate": "2020-03-02"}], "maxAge": 1}, "calendarEvents": {"maxAge": 1, "earnings": {"earningsDate": ["2019-08-08 05:30:S", "2019-08-13 05:30:S"]}, "exDividendDate": "2020-08-19 05:30:00"}, "upgradeDowngradeHistory": {"history": [], "maxAge": 86400}, "price": {"maxAge": 1, "regularMarketChangePercent": -0.011115347, "regularMarketChange": -1.449997, "regularMarketTime": "2021-04-30 15:29:42", "priceHint": 2, "regularMarketPrice": 129.0, "regularMarketDayHigh": 130.15, "regularMarketDayLow": 127.75, "regularMarketVolume": 54593, "averageDailyVolume10Day": 116061, "averageDailyVolume3Month": 196669, "regularMarketPreviousClose": 130.45, "regularMarketSource": "FREE_REALTIME", "regularMarketOpen": 130.0, "exchange": "NSI", "exchangeName": "NSE", "exchangeDataDelayedBy": 15, "marketState": "CLOSED", "quoteType": "EQUITY", "symbol": "GTPL.NS", "underlyingSymbol": null, "shortName": "GTPL HATHWAY LTD", "longName": "GTPL Hathway Limited", "currency": "INR", "quoteSourceName": "Delayed Quote", "currencySymbol": "\u20b9", "fromCurrency": null, "lastMarket": null, "marketCap": 14507726848}, "balanceSheetHistory": {"balanceSheetStatements": [{"maxAge": 1, "endDate": "2021-03-31", "cash": 1446810000, "shortTermInvestments": 501050000, "netReceivables": 4304600000, "inventory": 78820000, "otherCurrentAssets": 1007470000, "totalCurrentAssets": 7338750000, "longTermInvestments": 200640000, "propertyPlantEquipment": 11946990000, "goodWill": 729750000, "intangibleAssets": 1965590000, "otherAssets": 1345470000, "deferredLongTermAssetCharges": 752550000, "totalAssets": 23527190000, "accountsPayable": 6879910000, "otherCurrentLiab": 5046050000, "longTermDebt": 155360000, "otherLiab": 660370000, "minorityInterest": 725310000, "totalCurrentLiabilities": 13027600000, "totalLiab": 14000510000, "commonStock": 1124630000, "treasuryStock": 7676740000, "otherStockholderEquity": 7676740000, "totalStockholderEquity": 8801370000, "netTangibleAssets": 6106030000}, {"maxAge": 1, "endDate": "2020-03-31", "cash": 769490000, "shortTermInvestments": 139100000, "netReceivables": 3834790000, "inventory": 225300000, "otherCurrentAssets": 1390360000, "totalCurrentAssets": 6429180000, "longTermInvestments": 242560000, "propertyPlantEquipment": 11158970000, "goodWill": 745430000, "intangibleAssets": 1669570000, "otherAssets": 1593730000, "deferredLongTermAssetCharges": 1032660000, "totalAssets": 21839440000, "accountsPayable": 5742330000, "shortLongTermDebt": 643170000, "otherCurrentLiab": 4257320000, "longTermDebt": 584060000, "otherLiab": 1035690000, "minorityInterest": 457710000, "totalCurrentLiabilities": 12226140000, "totalLiab": 14098740000, "commonStock": 1124630000, "retainedEarnings": 2743210000, "treasuryStock": 17750000, "capitalSurplus": 3397400000, "otherStockholderEquity": 17750000, "totalStockholderEquity": 7282990000, "netTangibleAssets": 4867990000}, {"maxAge": 1, "endDate": "2019-03-31", "cash": 1235030000, "shortTermInvestments": 139400000, "netReceivables": 3946880000, "inventory": 249690000, "otherCurrentAssets": 704860000, "totalCurrentAssets": 6358880000, "longTermInvestments": 235540000, "propertyPlantEquipment": 10760600000, "goodWill": 466820000, "intangibleAssets": 1232480000, "otherAssets": 1265430000, "deferredLongTermAssetCharges": 955770000, "totalAssets": 20319750000, "accountsPayable": 2991910000, "shortLongTermDebt": 671220000, "otherCurrentLiab": 4812340000, "longTermDebt": 1526410000, "otherLiab": 1535810000, "minorityInterest": 364300000, "totalCurrentLiabilities": 10245460000, "totalLiab": 13307680000, "commonStock": 1124630000, "retainedEarnings": 2100850000, "treasuryStock": 24890000, "capitalSurplus": 3397400000, "otherStockholderEquity": 24890000, "totalStockholderEquity": 6647770000, "netTangibleAssets": 4948470000}, {"maxAge": 1, "endDate": "2018-03-31", "cash": 793440000, "shortTermInvestments": 55480000, "netReceivables": 3462400000, "otherCurrentAssets": 964120000, "totalCurrentAssets": 5363860000, "longTermInvestments": 253260000, "propertyPlantEquipment": 10856290000, "goodWill": 487800000, "intangibleAssets": 1141650000, "otherAssets": 1082390000, "deferredLongTermAssetCharges": 751990000, "totalAssets": 19185250000, "accountsPayable": 1958840000, "shortLongTermDebt": 304670000, "otherCurrentLiab": 4451750000, "longTermDebt": 1102950000, "otherLiab": 2014200000, "minorityInterest": 302710000, "totalCurrentLiabilities": 9188550000, "totalLiab": 12305700000, "commonStock": 1124630000, "retainedEarnings": 2049660000, "treasuryStock": 5150000, "capitalSurplus": 3397400000, "otherStockholderEquity": 5150000, "totalStockholderEquity": 6576840000, "netTangibleAssets": 4947390000}], "maxAge": 86400}, "earningsTrend": {"trend": [{"maxAge": 1, "period": "0q", "endDate": "2018-06-30", "growth": {}, "earningsEstimate": {"avg": 0.0, "low": 0.0, "high": 0.0, "yearAgoEps": {}, "numberOfAnalysts": 0, "growth": {}}, "revenueEstimate": {"avg": 0, "low": 0, "high": 0, "numberOfAnalysts": 0, "yearAgoRevenue": {}, "growth": {}}, "epsTrend": {"current": 0.0, "7daysAgo": 0.0, "30daysAgo": 0.0, "60daysAgo": 0.0, "90daysAgo": 0.0}, "epsRevisions": {"upLast7days": 0, "upLast30days": 0, "downLast30days": 0, "downLast90days": {}}}, {"maxAge": 1, "period": "+1q", "endDate": "2018-09-30", "growth": {}, "earningsEstimate": {"avg": 0.0, "low": 0.0, "high": 0.0, "yearAgoEps": {}, "numberOfAnalysts": 0, "growth": {}}, "revenueEstimate": {"avg": 0, "low": 0, "high": 0, "numberOfAnalysts": 0, "yearAgoRevenue": {}, "growth": {}}, "epsTrend": {"current": 0.0, "7daysAgo": 0.0, "30daysAgo": 0.0, "60daysAgo": 0.0, "90daysAgo": 0.0}, "epsRevisions": {"upLast7days": 0, "upLast30days": 0, "downLast30days": 0, "downLast90days": {}}}, {"maxAge": 1, "period": "0y", "endDate": "2019-03-31", "growth": 0.44799998, "earningsEstimate": {"avg": 8.41, "low": 8.41, "high": 8.41, "yearAgoEps": 5.81, "numberOfAnalysts": 1, "growth": 0.44799998}, "revenueEstimate": {"avg": 8694090000, "low": 8694090000, "high": 8694090000, "numberOfAnalysts": 1, "yearAgoRevenue": 7389460000, "growth": 0.177}, "epsTrend": {"current": 8.41, "7daysAgo": 8.41, "30daysAgo": 8.41, "60daysAgo": 8.41, "90daysAgo": 9.6}, "epsRevisions": {"upLast7days": 0, "upLast30days": 0, "downLast30days": 0, "downLast90days": {}}}, {"maxAge": 1, "period": "+1y", "endDate": "2020-03-31", "growth": 0.401, "earningsEstimate": {"avg": 11.78, "low": 10.76, "high": 12.8, "yearAgoEps": 8.41, "numberOfAnalysts": 2, "growth": 0.401}, "revenueEstimate": {"avg": 14118000000, "low": 14110000000, "high": 14126000000, "numberOfAnalysts": 2, "yearAgoRevenue": 8694090000, "growth": 0.624}, "epsTrend": {"current": 11.78, "7daysAgo": 11.78, "30daysAgo": 11.78, "60daysAgo": 11.3, "90daysAgo": 11.3}, "epsRevisions": {"upLast7days": 0, "upLast30days": 0, "downLast30days": 0, "downLast90days": {}}}, {"maxAge": 1, "period": "+5y", "endDate": null, "growth": {}, "earningsEstimate": {"avg": {}, "low": {}, "high": {}, "yearAgoEps": {}, "numberOfAnalysts": {}, "growth": {}}, "revenueEstimate": {"avg": {}, "low": {}, "high": {}, "numberOfAnalysts": {}, "yearAgoRevenue": {}, "growth": {}}, "epsTrend": {"current": {}, "7daysAgo": {}, "30daysAgo": {}, "60daysAgo": {}, "90daysAgo": {}}, "epsRevisions": {"upLast7days": {}, "upLast30days": {}, "downLast30days": {}, "downLast90days": {}}}, {"maxAge": 1, "period": "-5y", "endDate": null, "growth": {}, "earningsEstimate": {"avg": {}, "low": {}, "high": {}, "yearAgoEps": {}, "numberOfAnalysts": {}, "growth": {}}, "revenueEstimate": {"avg": {}, "low": {}, "high": {}, "numberOfAnalysts": {}, "yearAgoRevenue": {}, "growth": {}}, "epsTrend": {"current": {}, "7daysAgo": {}, "30daysAgo": {}, "60daysAgo": {}, "90daysAgo": {}}, "epsRevisions": {"upLast7days": {}, "upLast30days": {}, "downLast30days": {}, "downLast90days": {}}}], "maxAge": 1}, "institutionOwnership": {"ownershipList": [], "maxAge": 1}, "majorHoldersBreakdown": {"maxAge": 1, "insidersPercentHeld": 0.75, "institutionsPercentHeld": 0.071550004, "institutionsFloatPercentHeld": 0.28621, "institutionsCount": 6}, "balanceSheetHistoryQuarterly": {"balanceSheetStatements": [{"maxAge": 1, "endDate": "2021-03-31", "cash": 1446810000, "shortTermInvestments": 501050000, "netReceivables": 4304600000, "inventory": 78820000, "otherCurrentAssets": 1007470000, "totalCurrentAssets": 7338750000, "longTermInvestments": 200640000, "propertyPlantEquipment": 11946990000, "goodWill": 729750000, "intangibleAssets": 1965590000, "otherAssets": 1345470000, "deferredLongTermAssetCharges": 752550000, "totalAssets": 23527190000, "accountsPayable": 6879910000, "otherCurrentLiab": 5046050000, "longTermDebt": 155360000, "otherLiab": 660370000, "minorityInterest": 725310000, "totalCurrentLiabilities": 13027600000, "totalLiab": 14000510000, "commonStock": 1124630000, "treasuryStock": 7676740000, "otherStockholderEquity": 7676740000, "totalStockholderEquity": 8801370000, "netTangibleAssets": 6106030000}, {"maxAge": 1, "endDate": "2020-12-31", "totalStockholderEquity": 7807070000, "netTangibleAssets": 5194310000}, {"maxAge": 1, "endDate": "2020-09-30", "cash": 909430000, "shortTermInvestments": 585740000, "netReceivables": 3607890000, "inventory": 160980000, "otherCurrentAssets": 1613830000, "totalCurrentAssets": 6877870000, "longTermInvestments": 221970000, "propertyPlantEquipment": 11334800000, "goodWill": 744170000, "intangibleAssets": 1868590000, "otherAssets": 1689200000, "deferredLongTermAssetCharges": 1057620000, "totalAssets": 22736600000, "accountsPayable": 6398930000, "otherCurrentLiab": 5603160000, "longTermDebt": 328760000, "otherLiab": 842500000, "minorityInterest": 576110000, "totalCurrentLiabilities": 12902490000, "totalLiab": 14353420000, "commonStock": 1124630000, "treasuryStock": 6682440000, "otherStockholderEquity": 6682440000, "totalStockholderEquity": 7807070000, "netTangibleAssets": 5194310000}, {"maxAge": 1, "endDate": "2020-06-30", "totalStockholderEquity": 7282990000, "netTangibleAssets": 4867990000}], "maxAge": 86400}, "earningsHistory": {"history": [{"maxAge": 1, "epsActual": {}, "epsEstimate": {}, "epsDifference": {}, "surprisePercent": {}, "quarter": {}, "period": "-4q"}, {"maxAge": 1, "epsActual": {}, "epsEstimate": {}, "epsDifference": {}, "surprisePercent": {}, "quarter": {}, "period": "-3q"}, {"maxAge": 1, "epsActual": {}, "epsEstimate": {}, "epsDifference": {}, "surprisePercent": {}, "quarter": {}, "period": "-2q"}, {"maxAge": 1, "epsActual": 0.78, "epsEstimate": 2.19, "epsDifference": -1.41, "surprisePercent": -0.644, "quarter": "2018-03-31", "period": "-1q"}], "maxAge": 86400}, "summaryProfile": {"address1": "GTPL House, Shree One Building", "address2": "Opposite Armieda Sindhu Bhavan Road Near Pakwan Cross Road, Bodakdev", "city": "Ahmedabad", "zip": "380059", "country": "India", "phone": "91 79 6140 0000", "website": "http://www.gtpl.net", "industry": "Entertainment", "sector": "Communication Services", "longBusinessSummary": "GTPL Hathway Limited, through its subsidiaries, provides cable television and broadband services. It operates through three segments: Cable Television, Internet, and EPC Project. The company engages in the distribution of television channels through digital cable distribution network. It has a network of approximately 40,000 kilometers of optical fiber cable. The company serves its customers in approximately 800 cities across 12 states in India, including Gujarat, Rajasthan, Maharashtra, Goa, Jharkhand, Bihar, Assam, West Bengal, Andhra Pradesh, Telangana, Uttar Pradesh, and Tamil Nadu. It also acts as an Internet service provider. The company was incorporated in 2006 and is headquartered in Ahmedabad, India.", "companyOfficers": [], "maxAge": 86400}, "netSharePurchaseActivity": {"maxAge": 1, "period": "6m", "buyInfoCount": 0, "buyInfoShares": 0, "sellInfoCount": 0, "netInfoCount": 0, "netInfoShares": 0, "netPercentInsiderShares": 0.0, "totalInsiderShares": 84333496}, "insiderTransactions": {"transactions": [{"maxAge": 1, "shares": 4312703, "filerUrl": "", "transactionText": "", "filerName": "Reliance Industries Ltd", "filerRelation": "Promoter", "moneyText": "", "startDate": "2020-03-02", "ownership": "D"}, {"maxAge": 1, "shares": 5037834, "filerUrl": "", "transactionText": "", "filerName": "Reliance Industries Ltd", "filerRelation": "Institution- Corporation", "moneyText": "", "startDate": "2019-03-05", "ownership": "D"}, {"maxAge": 1, "shares": 23719753, "filerUrl": "", "transactionText": "", "filerName": "Pruthvi Steel Pvt. Ltd.", "filerRelation": "Institution- Corporation", "moneyText": "", "startDate": "2018-09-27", "ownership": "D"}, {"maxAge": 1, "shares": 23719753, "filerUrl": "", "transactionText": "", "filerName": "Gujarat Digicom Pvt. Ltd.", "filerRelation": "Institution- Corporation", "moneyText": "", "startDate": "2018-09-27", "ownership": "D"}, {"maxAge": 1, "shares": 32000, "filerUrl": "", "transactionText": "", "filerName": "Gujarat Digicom Pvt. Ltd.", "filerRelation": "Promoter", "moneyText": "", "startDate": "2018-08-02", "ownership": "D"}, {"maxAge": 1, "shares": 49000, "filerUrl": "", "transactionText": "", "filerName": "Gujarat Digicom Pvt. Ltd.", "filerRelation": "Promoter", "moneyText": "", "startDate": "2018-08-01", "ownership": "D"}, {"maxAge": 1, "shares": 75688, "filerUrl": "", "transactionText": "", "filerName": "Gujarat Digicom Pvt. Ltd.", "filerRelation": "Promoter", "moneyText": "", "startDate": "2018-07-31", "ownership": "D"}, {"maxAge": 1, "shares": 57000, "filerUrl": "", "transactionText": "", "filerName": "Gujarat Digicom Pvt. Ltd.", "filerRelation": "Promoter", "moneyText": "", "startDate": "2018-07-30", "ownership": "D"}, {"maxAge": 1, "shares": 17000, "filerUrl": "", "transactionText": "", "filerName": "Gujarat Digicom Pvt. Ltd.", "filerRelation": "Promoter", "moneyText": "", "startDate": "2018-07-30", "ownership": "D"}, {"maxAge": 1, "shares": 54000, "filerUrl": "", "transactionText": "", "filerName": "Gujarat Digicom Pvt. Ltd.", "filerRelation": "Promoter", "moneyText": "", "startDate": "2018-07-27", "ownership": "D"}, {"maxAge": 1, "shares": 40000, "filerUrl": "", "transactionText": "", "filerName": "Gujarat Digicom Pvt. Ltd.", "filerRelation": "Promoter", "moneyText": "", "startDate": "2018-07-26", "ownership": "D"}, {"maxAge": 1, "shares": 10000, "filerUrl": "", "transactionText": "", "filerName": "Gujarat Digicom Pvt. Ltd.", "filerRelation": "Promoter", "moneyText": "", "startDate": "2018-07-25", "ownership": "D"}, {"maxAge": 1, "shares": 15000, "filerUrl": "", "transactionText": "", "filerName": "Gujarat Digicom Pvt. Ltd.", "filerRelation": "Promoter", "moneyText": "", "startDate": "2018-07-24", "ownership": "D"}, {"maxAge": 1, "shares": 52000, "filerUrl": "", "transactionText": "", "filerName": "Gujarat Digicom Pvt. Ltd.", "filerRelation": "Promoter", "moneyText": "", "startDate": "2018-07-23", "ownership": "D"}, {"maxAge": 1, "shares": 54336, "filerUrl": "", "transactionText": "", "filerName": "Gujarat Digicom Pvt. Ltd.", "filerRelation": "Promoter", "moneyText": "", "startDate": "2018-07-20", "ownership": "D"}, {"maxAge": 1, "shares": 53000, "filerUrl": "", "transactionText": "", "filerName": "Gujarat Digicom Pvt. Ltd.", "filerRelation": "Promoter", "moneyText": "", "startDate": "2018-07-19", "ownership": "D"}, {"maxAge": 1, "shares": 37637, "filerUrl": "", "transactionText": "", "filerName": "Gujarat Digicom Pvt. Ltd.", "filerRelation": "Promoter", "moneyText": "", "startDate": "2018-07-17", "ownership": "D"}, {"maxAge": 1, "shares": 30000, "filerUrl": "", "transactionText": "", "filerName": "Gujarat Digicom Pvt. Ltd.", "filerRelation": "Promoter", "moneyText": "", "startDate": "2018-07-16", "ownership": "D"}, {"maxAge": 1, "shares": 25408, "filerUrl": "", "transactionText": "", "filerName": "Gujarat Digicom Pvt. Ltd.", "filerRelation": "Promoter", "moneyText": "", "startDate": "2018-07-12", "ownership": "D"}], "maxAge": 1}, "sectorTrend": {"maxAge": 1, "symbol": null, "estimates": []}, "incomeStatementHistoryQuarterly": {"incomeStatementHistory": [{"maxAge": 1, "endDate": "2021-03-31", "totalRevenue": 7877210000, "costOfRevenue": 4672230000, "grossProfit": 3204980000, "researchDevelopment": {}, "sellingGeneralAdministrative": 290720000, "nonRecurring": {}, "otherOperatingExpenses": 1360060000, "totalOperatingExpenses": 6977850000, "operatingIncome": 899360000, "totalOtherIncomeExpenseNet": -42620000, "ebit": 899360000, "interestExpense": -42780000, "incomeBeforeTax": 856740000, "incomeTaxExpense": 240050000, "minorityInterest": 725310000, "netIncomeFromContinuingOps": 616690000, "discontinuedOperations": {}, "extraordinaryItems": {}, "effectOfAccountingCharges": {}, "otherItems": {}, "netIncome": 568970000, "netIncomeApplicableToCommonShares": 568970000}, {"maxAge": 1, "endDate": "2020-12-31", "totalRevenue": 6556110000, "costOfRevenue": 3723290000, "grossProfit": 2832820000, "researchDevelopment": {}, "sellingGeneralAdministrative": 279600000, "nonRecurring": {}, "otherOperatingExpenses": 1058490000, "totalOperatingExpenses": 5750410000, "operatingIncome": 805700000, "totalOtherIncomeExpenseNet": -55780000, "ebit": 805700000, "interestExpense": -50270000, "incomeBeforeTax": 749920000, "incomeTaxExpense": 226360000, "minorityInterest": 725310000, "netIncomeFromContinuingOps": 523560000, "discontinuedOperations": {}, "extraordinaryItems": {}, "effectOfAccountingCharges": {}, "otherItems": {}, "netIncome": 452260000, "netIncomeApplicableToCommonShares": 452260000}, {"maxAge": 1, "endDate": "2020-09-30", "totalRevenue": 5847060000, "costOfRevenue": 3178050000, "grossProfit": 2669010000, "researchDevelopment": {}, "sellingGeneralAdministrative": 264830000, "nonRecurring": {}, "otherOperatingExpenses": 1014410000, "totalOperatingExpenses": 5088150000, "operatingIncome": 758910000, "totalOtherIncomeExpenseNet": -61340000, "ebit": 758910000, "interestExpense": -57000000, "incomeBeforeTax": 697570000, "incomeTaxExpense": 198540000, "minorityInterest": 576110000, "netIncomeFromContinuingOps": 499030000, "discontinuedOperations": {}, "extraordinaryItems": {}, "effectOfAccountingCharges": {}, "otherItems": {}, "netIncome": 451140000, "netIncomeApplicableToCommonShares": 451140000}, {"maxAge": 1, "endDate": "2020-06-30", "totalRevenue": 5019970000, "costOfRevenue": 2547060000, "grossProfit": 2472910000, "researchDevelopment": {}, "sellingGeneralAdministrative": 312820000, "nonRecurring": {}, "otherOperatingExpenses": 873090000, "totalOperatingExpenses": 4362550000, "operatingIncome": 657420000, "totalOtherIncomeExpenseNet": -82600000, "ebit": 657420000, "interestExpense": -82290000, "incomeBeforeTax": 574820000, "incomeTaxExpense": 110090000, "minorityInterest": 576110000, "netIncomeFromContinuingOps": 464730000, "discontinuedOperations": {}, "extraordinaryItems": {}, "effectOfAccountingCharges": {}, "otherItems": {}, "netIncome": 408650000, "netIncomeApplicableToCommonShares": 408650000}], "maxAge": 86400}, "cashflowStatementHistoryQuarterly": {"cashflowStatements": [{"maxAge": 1, "endDate": "2021-03-31", "netIncome": 568970000, "changeToLiabilities": 0}, {"maxAge": 1, "endDate": "2020-12-31", "netIncome": 452260000, "changeToLiabilities": 0}, {"maxAge": 1, "endDate": "2020-09-30", "netIncome": 451140000, "changeToLiabilities": 0}, {"maxAge": 1, "endDate": "2020-06-30", "netIncome": 408650000, "changeToLiabilities": 0}], "maxAge": 86400}, "earnings": {"maxAge": 86400, "earningsChart": {"quarterly": [{"date": "1Q2018", "actual": 0.78, "estimate": 2.19}], "currentQuarterEstimateDate": "2Q", "currentQuarterEstimateYear": 2018, "earningsDate": ["2019-08-08 05:30:S", "2019-08-13 05:30:S"]}, "financialsChart": {"yearly": [{"date": 2018, "revenue": 11067240000, "earnings": 610960000}, {"date": 2019, "revenue": 12617970000, "earnings": 188810000}, {"date": 2020, "revenue": 24202590000, "earnings": 777450000}, {"date": 2021, "revenue": 25300350000, "earnings": 1881020000}], "quarterly": [{"date": "2Q2020", "revenue": 5019970000, "earnings": 408650000}, {"date": "3Q2020", "revenue": 5847060000, "earnings": 451140000}, {"date": "4Q2020", "revenue": 6556110000, "earnings": 452260000}, {"date": "1Q2021", "revenue": 7877210000, "earnings": 568970000}]}, "financialCurrency": "INR"}, "financialData": {"maxAge": 86400, "currentPrice": 129.0, "targetHighPrice": 215.0, "targetLowPrice": 196.0, "targetMeanPrice": 205.5, "targetMedianPrice": 205.5, "recommendationMean": 1.7, "recommendationKey": "buy", "numberOfAnalystOpinions": 2, "totalCash": 1947859968, "totalCashPerShare": 17.323, "ebitda": 5723700224, "totalDebt": 1409629952, "quickRatio": 0.468, "currentRatio": 0.563, "totalRevenue": 25300350976, "debtToEquity": 14.797, "revenuePerShare": 225.024, "returnOnAssets": 0.08595, "returnOnEquity": 0.24370001, "grossProfits": 11179710000, "freeCashflow": 2169416192, "operatingCashflow": 5476709888, "revenueGrowth": 0.19, "grossMargins": 0.44188, "ebitdaMargins": 0.22623, "operatingMargins": 0.12329, "profitMargins": 0.07435, "financialCurrency": "INR"}}}