{"GUFICBIO.NS": {"assetProfile": {"address1": "SM House", "address2": "1st to 4th Floor 11, Sahakar Road Vile Parle (East)", "city": "Mumbai", "zip": "400057", "country": "India", "phone": "91 22 6726 1000", "fax": "91 22 6726 1068", "website": "http://gufic.com", "industry": "Drug Manufacturers\u2014Specialty & Generic", "sector": "Healthcare", "longBusinessSummary": "Gufic Biosciences Limited engages in the manufacture and marketing of active pharmaceutical ingredients (APIs), generic pharmaceuticals, and related services in India. It manufactures APIs and bulk drugs, such as antifungals, anaesthetics, and immuno suppressants, as well as intermediates for antifungals. The company also manufactures lyophilized injections, which include antibiotic, antifungal, cardiac, infertility, antiviral, and proton-pump inhibitor segments. In addition, it offers spark, criti care, and ferticare pharmaceutical products; and herbal and personal care products. The company supplies its products to hospital chains and medical facilities. It also exports its products. The company was founded in 1970 and is based in Mumbai, India.", "fullTimeEmployees": 1044, "companyOfficers": [{"maxAge": 1, "name": "Mr. Jayesh Pannalal Choksi", "age": 66, "title": "Chairman & MD", "yearBorn": 1954, "fiscalYear": 2020, "totalPay": 6477020, "exercisedValue": 0, "unexercisedValue": 0}, {"maxAge": 1, "name": "Mr. Pranav Jayesh Choksi", "age": 37, "title": "CEO & Whole Time Director", "yearBorn": 1983, "fiscalYear": 2020, "totalPay": 4650151, "exercisedValue": 0, "unexercisedValue": 0}, {"maxAge": 1, "name": "Mr. Devkinandan B. Roonghta", "age": 55, "title": "Chief Financial Officer", "yearBorn": 1965, "fiscalYear": 2020, "totalPay": 2959343, "exercisedValue": 0, "unexercisedValue": 0}, {"maxAge": 1, "name": "Ms. Ami Naresh Shah", "title": "Company Sec., Compliance Officer & Exec. of Legal", "fiscalYear": 2020, "totalPay": 892958, "exercisedValue": 0, "unexercisedValue": 0}, {"maxAge": 1, "name": "Mr. Pankaj Jayakumar Gandhi", "age": 61, "title": "Whole-Time Director", "yearBorn": 1959, "fiscalYear": 2020, "totalPay": 997608, "exercisedValue": 0, "unexercisedValue": 0}, {"maxAge": 1, "name": "Mr. Y.  Nagesh", "title": "Chief Operating Officer", "exercisedValue": 0, "unexercisedValue": 0}, {"maxAge": 1, "name": "Mr. Dilip  Ghosh", "title": "Whole Time Director", "exercisedValue": 0, "unexercisedValue": 0}, {"maxAge": 1, "name": "Dr. Debesh  Das", "title": "Vice-Pres of Ethical Sales & Marketing", "exercisedValue": 0, "unexercisedValue": 0}], "compensationAsOfEpochDate": "2020-12-31 05:30:00", "maxAge": 86400}, "cashflowStatementHistory": {"cashflowStatements": [{"maxAge": 1, "endDate": "2020-03-31", "netIncome": 228567000, "depreciation": 83053000, "changeToNetincome": 74246000, "changeToAccountReceivables": -148104000, "changeToLiabilities": 367879000, "changeToInventory": -149131000, "totalCashFromOperatingActivities": 456943000, "capitalExpenditures": -401172000, "otherCashflowsFromInvestingActivities": -23319000, "totalCashflowsFromInvestingActivities": -424442000, "dividendsPaid": -4875000, "netBorrowings": 103222000, "otherCashflowsFromFinancingActivities": -125623000, "totalCashFromFinancingActivities": -27276000, "changeInCash": 5223000}, {"maxAge": 1, "endDate": "2019-03-31", "netIncome": 219407000, "depreciation": 45977000, "changeToNetincome": 121431000, "changeToAccountReceivables": -350812000, "changeToLiabilities": 16474000, "changeToInventory": -836000, "totalCashFromOperatingActivities": 52074000, "capitalExpenditures": -130839000, "otherCashflowsFromInvestingActivities": 845000, "totalCashflowsFromInvestingActivities": -129944000, "dividendsPaid": -3875000, "netBorrowings": 180660000, "otherCashflowsFromFinancingActivities": -99691000, "totalCashFromFinancingActivities": 77094000, "changeInCash": -776000}, {"maxAge": 1, "endDate": "2018-03-31", "netIncome": 164762000, "depreciation": 43708000, "changeToNetincome": 47080000, "changeToAccountReceivables": -241068000, "changeToLiabilities": 244833000, "changeToInventory": -307800000, "totalCashFromOperatingActivities": -48195000, "capitalExpenditures": -81077000, "otherCashflowsFromInvestingActivities": -5919000, "totalCashflowsFromInvestingActivities": -88362000, "dividendsPaid": -3876000, "netBorrowings": 229587000, "otherCashflowsFromFinancingActivities": -81691000, "totalCashFromFinancingActivities": 144020000, "changeInCash": 7462000}, {"maxAge": 1, "endDate": "2017-03-31", "netIncome": 90208000, "depreciation": 36833000, "changeToNetincome": 68679000, "changeToAccountReceivables": -123650000, "changeToLiabilities": 14165000, "changeToInventory": -127532000, "totalCashFromOperatingActivities": -41297000, "capitalExpenditures": -41489000, "otherCashflowsFromInvestingActivities": -5393000, "totalCashflowsFromInvestingActivities": -46882000, "dividendsPaid": -3898000, "netBorrowings": 140880000, "otherCashflowsFromFinancingActivities": -62900000, "totalCashFromFinancingActivities": 74082000, "changeInCash": -14097000}], "maxAge": 86400}, "institutionOwnership": {"ownershipList": [], "maxAge": 1}, "majorHoldersBreakdown": {"maxAge": 1, "insidersPercentHeld": 0.72352, "institutionsPercentHeld": 0.08728, "institutionsFloatPercentHeld": 0.31569, "institutionsCount": 3}, "balanceSheetHistoryQuarterly": {"balanceSheetStatements": [{"maxAge": 1, "endDate": "2020-12-31", "totalStockholderEquity": 1084389000, "netTangibleAssets": 1079556000}, {"maxAge": 1, "endDate": "2020-09-30", "cash": 113447000, "netReceivables": 994145000, "inventory": 1056860000, "otherCurrentAssets": 549301000, "totalCurrentAssets": 2713753000, "longTermInvestments": 50000, "propertyPlantEquipment": 761318000, "intangibleAssets": 4833000, "otherAssets": 189979000, "deferredLongTermAssetCharges": 5121000, "totalAssets": 3669933000, "accountsPayable": 818501000, "otherCurrentLiab": 369362000, "longTermDebt": 395162000, "otherLiab": 121367000, "totalCurrentLiabilities": 2024585000, "totalLiab": 2585544000, "commonStock": 77830000, "treasuryStock": 1006559000, "otherStockholderEquity": 1006559000, "totalStockholderEquity": 1084389000, "netTangibleAssets": 1079556000}, {"maxAge": 1, "endDate": "2020-06-30", "totalStockholderEquity": 958539000, "netTangibleAssets": 952969000}, {"maxAge": 1, "endDate": "2020-03-31", "cash": 41839000, "netReceivables": 1042612000, "inventory": 1091977000, "otherCurrentAssets": 452485000, "totalCurrentAssets": 2634806000, "longTermInvestments": 50000, "propertyPlantEquipment": 716963000, "goodWill": 210000, "intangibleAssets": 5360000, "otherAssets": 205018000, "deferredLongTermAssetCharges": 4356000, "totalAssets": 3562407000, "accountsPayable": 1086228000, "shortLongTermDebt": 33742000, "otherCurrentLiab": 95019000, "longTermDebt": 179235000, "otherLiab": 116948000, "totalCurrentLiabilities": 2245672000, "totalLiab": 2603868000, "commonStock": 77830000, "retainedEarnings": 897167000, "treasuryStock": -19083000, "capitalSurplus": 2625000, "otherStockholderEquity": -19083000, "totalStockholderEquity": 958539000, "netTangibleAssets": 952969000}], "maxAge": 86400}, "indexTrend": {"maxAge": 1, "symbol": "SP5", "peRatio": 19.7411, "pegRatio": 1.34172, "estimates": [{"period": "0q", "growth": 0.549}, {"period": "+1q", "growth": 0.431}, {"period": "0y", "growth": 0.305}, {"period": "+1y", "growth": 0.109}, {"period": "+5y", "growth": 0.120865}, {"period": "-5y"}]}, "defaultKeyStatistics": {"maxAge": 1, "priceHint": 2, "enterpriseValue": 11714344960, "profitMargins": 0.07612, "floatShares": 20025193, "sharesOutstanding": 77830000, "heldPercentInsiders": 0.72352, "heldPercentInstitutions": 0.08728, "beta": 1.141617, "category": null, "bookValue": 13.943, "priceToBook": 9.814961, "fundFamily": null, "legalType": null, "lastFiscalYearEnd": "2020-03-31 05:30:00", "nextFiscalYearEnd": "2022-03-31 05:30:00", "mostRecentQuarter": "2020-12-31 05:30:00", "earningsQuarterlyGrowth": 0.878, "netIncomeToCommon": 304875008, "trailingEps": 3.917, "lastSplitFactor": null, "enterpriseToRevenue": 2.925, "enterpriseToEbitda": 21.047}, "summaryProfile": {"address1": "SM House", "address2": "1st to 4th Floor 11, Sahakar Road Vile Parle (East)", "city": "Mumbai", "zip": "400057", "country": "India", "phone": "91 22 6726 1000", "fax": "91 22 6726 1068", "website": "http://gufic.com", "industry": "Drug Manufacturers\u2014Specialty & Generic", "sector": "Healthcare", "longBusinessSummary": "Gufic Biosciences Limited engages in the manufacture and marketing of active pharmaceutical ingredients (APIs), generic pharmaceuticals, and related services in India. It manufactures APIs and bulk drugs, such as antifungals, anaesthetics, and immuno suppressants, as well as intermediates for antifungals. The company also manufactures lyophilized injections, which include antibiotic, antifungal, cardiac, infertility, antiviral, and proton-pump inhibitor segments. In addition, it offers spark, criti care, and ferticare pharmaceutical products; and herbal and personal care products. The company supplies its products to hospital chains and medical facilities. It also exports its products. The company was founded in 1970 and is based in Mumbai, India.", "fullTimeEmployees": 1044, "companyOfficers": [], "maxAge": 86400}, "netSharePurchaseActivity": {"maxAge": 1, "period": "6m", "buyInfoCount": 0, "buyInfoShares": 0, "sellInfoCount": 0, "netInfoCount": 0, "netInfoShares": 0, "netPercentInsiderShares": 0.0, "totalInsiderShares": 56424284}, "insiderTransactions": {"transactions": [{"maxAge": 1, "shares": 99982, "filerUrl": "", "transactionText": "", "filerName": "Choksi (Pranav J.)", "filerRelation": "Director", "moneyText": "", "startDate": "2012-07-30", "ownership": "D"}], "maxAge": 1}, "quoteType": {"exchange": "NSI", "quoteType": "EQUITY", "symbol": "GUFICBIO.NS", "underlyingSymbol": "GUFICBIO.NS", "shortName": "GUFIC BIOSCIENCES", "longName": "Gufic Biosciences Limited", "firstTradeDateEpochUtc": "2004-10-19 09:15:00", "timeZoneFullName": "Asia/Kolkata", "timeZoneShortName": "IST", "uuid": "bf91f19c-93bb-3541-b9f9-46fd1bbe8abc", "gmtOffSetMilliseconds": 19800000, "maxAge": 1}, "incomeStatementHistory": {"incomeStatementHistory": [{"maxAge": 1, "endDate": "2020-03-31", "totalRevenue": 3577513000, "costOfRevenue": 1809520000, "grossProfit": 1767993000, "researchDevelopment": {}, "sellingGeneralAdministrative": 566840000, "nonRecurring": {}, "otherOperatingExpenses": 752440000, "totalOperatingExpenses": 3212286000, "operatingIncome": 365227000, "totalOtherIncomeExpenseNet": -61926000, "ebit": 365227000, "interestExpense": -120079000, "incomeBeforeTax": 303301000, "incomeTaxExpense": 74734000, "minorityInterest": {}, "netIncomeFromContinuingOps": 228567000, "discontinuedOperations": {}, "extraordinaryItems": {}, "effectOfAccountingCharges": {}, "otherItems": {}, "netIncome": 228567000, "netIncomeApplicableToCommonShares": 228567000}, {"maxAge": 1, "endDate": "2019-03-31", "totalRevenue": 3507696000, "costOfRevenue": 1822154000, "grossProfit": 1685542000, "researchDevelopment": {}, "sellingGeneralAdministrative": 525274000, "nonRecurring": {}, "otherOperatingExpenses": 700421000, "totalOperatingExpenses": 3094259000, "operatingIncome": 413437000, "totalOtherIncomeExpenseNet": -59947000, "ebit": 413437000, "interestExpense": -100264000, "incomeBeforeTax": 353490000, "incomeTaxExpense": 134083000, "minorityInterest": {}, "netIncomeFromContinuingOps": 219407000, "discontinuedOperations": {}, "extraordinaryItems": {}, "effectOfAccountingCharges": {}, "otherItems": {}, "netIncome": 219407000, "netIncomeApplicableToCommonShares": 219407000}, {"maxAge": 1, "endDate": "2018-03-31", "totalRevenue": 3055846000, "costOfRevenue": 1472489000, "grossProfit": 1583357000, "researchDevelopment": {}, "sellingGeneralAdministrative": 479225000, "nonRecurring": {}, "otherOperatingExpenses": 716196000, "totalOperatingExpenses": 2711908000, "operatingIncome": 343938000, "totalOtherIncomeExpenseNet": -44398000, "ebit": 343938000, "interestExpense": -86597000, "incomeBeforeTax": 299540000, "incomeTaxExpense": 134778000, "minorityInterest": {}, "netIncomeFromContinuingOps": 164762000, "discontinuedOperations": {}, "extraordinaryItems": {}, "effectOfAccountingCharges": {}, "otherItems": {}, "netIncome": 164762000, "netIncomeApplicableToCommonShares": 164762000}, {"maxAge": 1, "endDate": "2017-03-31", "totalRevenue": 2455160000, "costOfRevenue": 1220498000, "grossProfit": 1234662000, "researchDevelopment": {}, "sellingGeneralAdministrative": 426871000, "nonRecurring": {}, "otherOperatingExpenses": 578287000, "totalOperatingExpenses": 2262489000, "operatingIncome": 192671000, "totalOtherIncomeExpenseNet": -48997000, "ebit": 192671000, "interestExpense": -62150000, "incomeBeforeTax": 143674000, "incomeTaxExpense": 53466000, "minorityInterest": {}, "netIncomeFromContinuingOps": 90208000, "discontinuedOperations": {}, "extraordinaryItems": {}, "effectOfAccountingCharges": {}, "otherItems": {}, "netIncome": 90208000, "netIncomeApplicableToCommonShares": 90208000}], "maxAge": 86400}, "fundOwnership": {"ownershipList": [], "maxAge": 1}, "summaryDetail": {"maxAge": 1, "priceHint": 2, "previousClose": 135.3, "open": 135.0, "dayLow": 133.55, "dayHigh": 139.95, "regularMarketPreviousClose": 135.3, "regularMarketOpen": 135.0, "regularMarketDayLow": 133.55, "regularMarketDayHigh": 139.95, "dividendRate": 0.05, "dividendYield": 0.0004, "exDividendDate": "2020-11-03 05:30:00", "payoutRatio": 0.0128, "fiveYearAvgDividendYield": 0.07, "beta": 1.141617, "trailingPE": 34.937454, "volume": 452593, "regularMarketVolume": 452593, "averageVolume": 143505, "averageVolume10days": 415117, "averageDailyVolume10Day": 415117, "bid": 0.0, "ask": 0.0, "bidSize": 0, "askSize": 0, "marketCap": 10670714880, "fiftyTwoWeekLow": 45.8, "fiftyTwoWeekHigh": 139.95, "priceToSalesTrailing12Months": 2.6644123, "fiftyDayAverage": 111.60441, "twoHundredDayAverage": 110.67376, "trailingAnnualDividendRate": 0.05, "trailingAnnualDividendYield": 0.00036954915, "currency": "INR", "fromCurrency": null, "lastMarket": null, "algorithm": null, "tradeable": false}, "incomeStatementHistoryQuarterly": {"incomeStatementHistory": [{"maxAge": 1, "endDate": "2020-12-31", "totalRevenue": 1444100000, "costOfRevenue": 821109000, "grossProfit": 622991000, "researchDevelopment": {}, "sellingGeneralAdministrative": 157968000, "nonRecurring": {}, "otherOperatingExpenses": 220315000, "totalOperatingExpenses": 1231617000, "operatingIncome": 212483000, "totalOtherIncomeExpenseNet": -30805000, "ebit": 212483000, "interestExpense": -36764000, "incomeBeforeTax": 181678000, "incomeTaxExpense": 49882000, "minorityInterest": {}, "netIncomeFromContinuingOps": 131796000, "discontinuedOperations": {}, "extraordinaryItems": {}, "effectOfAccountingCharges": {}, "otherItems": {}, "netIncome": 131796000, "netIncomeApplicableToCommonShares": 131796000}, {"maxAge": 1, "endDate": "2020-09-30", "totalRevenue": 1203459000, "costOfRevenue": 634007000, "grossProfit": 569452000, "researchDevelopment": {}, "sellingGeneralAdministrative": 143909000, "nonRecurring": {}, "otherOperatingExpenses": 169294000, "totalOperatingExpenses": 972006000, "operatingIncome": 231453000, "totalOtherIncomeExpenseNet": -11367000, "ebit": 231453000, "interestExpense": -33891000, "incomeBeforeTax": 220086000, "incomeTaxExpense": 56768000, "minorityInterest": {}, "netIncomeFromContinuingOps": 163318000, "discontinuedOperations": {}, "extraordinaryItems": {}, "effectOfAccountingCharges": {}, "otherItems": {}, "netIncome": 163318000, "netIncomeApplicableToCommonShares": 163318000}, {"maxAge": 1, "endDate": "2020-06-30", "totalRevenue": 541437000, "costOfRevenue": 294718000, "grossProfit": 246719000, "researchDevelopment": {}, "sellingGeneralAdministrative": 112708000, "nonRecurring": {}, "otherOperatingExpenses": 139937000, "totalOperatingExpenses": 570200000, "operatingIncome": -28763000, "totalOtherIncomeExpenseNet": -22337000, "ebit": -28763000, "interestExpense": -32227000, "incomeBeforeTax": -51100000, "incomeTaxExpense": -13632000, "minorityInterest": {}, "netIncomeFromContinuingOps": -37468000, "discontinuedOperations": {}, "extraordinaryItems": {}, "effectOfAccountingCharges": {}, "otherItems": {}, "netIncome": -37468000, "netIncomeApplicableToCommonShares": -37468000}, {"maxAge": 1, "endDate": "2020-03-31", "totalRevenue": 815908000, "costOfRevenue": 438539000, "grossProfit": 377369000, "researchDevelopment": {}, "sellingGeneralAdministrative": 173674000, "nonRecurring": {}, "otherOperatingExpenses": 97587000, "totalOperatingExpenses": 733651000, "operatingIncome": 82257000, "totalOtherIncomeExpenseNet": -21540000, "ebit": 82257000, "interestExpense": -22800000, "incomeBeforeTax": 60717000, "incomeTaxExpense": 13488000, "minorityInterest": {}, "netIncomeFromContinuingOps": 47229000, "discontinuedOperations": {}, "extraordinaryItems": {}, "effectOfAccountingCharges": {}, "otherItems": {}, "netIncome": 47229000, "netIncomeApplicableToCommonShares": 47229000}], "maxAge": 86400}, "cashflowStatementHistoryQuarterly": {"cashflowStatements": [{"maxAge": 1, "endDate": "2020-12-31", "netIncome": 131796000, "changeToLiabilities": 0}, {"maxAge": 1, "endDate": "2020-09-30", "netIncome": 163318000, "changeToLiabilities": 0}, {"maxAge": 1, "endDate": "2020-06-30", "netIncome": -37468000, "changeToLiabilities": 0}, {"maxAge": 1, "endDate": "2020-03-31", "netIncome": 47229000, "changeToLiabilities": 0}], "maxAge": 86400}, "insiderHolders": {"holders": [{"maxAge": 1, "name": "Choksi (Pranav J.)", "relation": "Director", "url": "", "transactionDescription": "Acquisition", "latestTransDate": "2012-07-30", "positionDirect": 6975826, "positionDirectDate": "2012-07-30"}], "maxAge": 1}, "calendarEvents": {"maxAge": 1, "earnings": {"earningsDate": []}, "exDividendDate": "2020-11-03 05:30:00"}, "upgradeDowngradeHistory": {"history": [], "maxAge": 86400}, "price": {"maxAge": 1, "regularMarketChangePercent": 0.011456046, "regularMarketChange": 1.550003, "regularMarketTime": "2021-04-30 15:29:58", "priceHint": 2, "regularMarketPrice": 136.85, "regularMarketDayHigh": 139.95, "regularMarketDayLow": 133.55, "regularMarketVolume": 452593, "averageDailyVolume10Day": 415117, "averageDailyVolume3Month": 143505, "regularMarketPreviousClose": 135.3, "regularMarketSource": "FREE_REALTIME", "regularMarketOpen": 135.0, "exchange": "NSI", "exchangeName": "NSE", "exchangeDataDelayedBy": 15, "marketState": "CLOSED", "quoteType": "EQUITY", "symbol": "GUFICBIO.NS", "underlyingSymbol": null, "shortName": "GUFIC BIOSCIENCES", "longName": "Gufic Biosciences Limited", "currency": "INR", "quoteSourceName": "Delayed Quote", "currencySymbol": "\u20b9", "fromCurrency": null, "lastMarket": null, "marketCap": 10670714880}, "balanceSheetHistory": {"balanceSheetStatements": [{"maxAge": 1, "endDate": "2020-03-31", "cash": 41839000, "netReceivables": 1042612000, "inventory": 1091977000, "otherCurrentAssets": 452485000, "totalCurrentAssets": 2634806000, "longTermInvestments": 50000, "propertyPlantEquipment": 716963000, "goodWill": 210000, "intangibleAssets": 5360000, "otherAssets": 205018000, "deferredLongTermAssetCharges": 4356000, "totalAssets": 3562407000, "accountsPayable": 1086228000, "shortLongTermDebt": 33742000, "otherCurrentLiab": 95019000, "longTermDebt": 179235000, "otherLiab": 116948000, "totalCurrentLiabilities": 2245672000, "totalLiab": 2603868000, "commonStock": 77830000, "retainedEarnings": 897167000, "treasuryStock": -19083000, "capitalSurplus": 2625000, "otherStockholderEquity": -19083000, "totalStockholderEquity": 958539000, "netTangibleAssets": 952969000}, {"maxAge": 1, "endDate": "2019-03-31", "cash": 36615000, "netReceivables": 1039168000, "inventory": 942846000, "otherCurrentAssets": 303270000, "totalCurrentAssets": 2325135000, "longTermInvestments": 50000, "propertyPlantEquipment": 337080000, "goodWill": 224000, "intangibleAssets": 3440000, "otherAssets": 129468000, "deferredLongTermAssetCharges": 6896000, "totalAssets": 2795397000, "accountsPayable": 778051000, "shortLongTermDebt": 17463000, "otherCurrentLiab": 95566000, "longTermDebt": 113117000, "otherLiab": 65368000, "totalCurrentLiabilities": 1863433000, "totalLiab": 2041918000, "commonStock": 77830000, "retainedEarnings": 673290000, "treasuryStock": 714000, "capitalSurplus": 1645000, "otherStockholderEquity": 714000, "totalStockholderEquity": 753479000, "netTangibleAssets": 749815000}, {"maxAge": 1, "endDate": "2018-03-31", "cash": 37392000, "netReceivables": 810216000, "inventory": 942010000, "otherCurrentAssets": 190784000, "totalCurrentAssets": 1982045000, "longTermInvestments": 50000, "propertyPlantEquipment": 244355000, "goodWill": 280000, "intangibleAssets": 4373000, "otherAssets": 149219000, "deferredLongTermAssetCharges": 28083000, "totalAssets": 2380322000, "accountsPayable": 759794000, "shortLongTermDebt": 21375000, "otherCurrentLiab": 72456000, "longTermDebt": 82813000, "otherLiab": 70280000, "totalCurrentLiabilities": 1685493000, "totalLiab": 1838965000, "commonStock": 77830000, "retainedEarnings": 454304000, "treasuryStock": 1250000, "capitalSurplus": 7973000, "otherStockholderEquity": 1250000, "totalStockholderEquity": 541357000, "netTangibleAssets": 536704000}, {"maxAge": 1, "endDate": "2017-03-31", "cash": 28727000, "netReceivables": 530749000, "inventory": 630163000, "otherCurrentAssets": 241155000, "totalCurrentAssets": 1432465000, "longTermInvestments": 50000, "propertyPlantEquipment": 219901000, "intangibleAssets": 108000, "otherAssets": 132107000, "deferredLongTermAssetCharges": 37945000, "totalAssets": 1784631000, "accountsPayable": 437387000, "shortLongTermDebt": 29860000, "otherCurrentLiab": 176353000, "longTermDebt": 65154000, "otherLiab": 63355000, "totalCurrentLiabilities": 1281771000, "totalLiab": 1411358000, "commonStock": 77350000, "retainedEarnings": 293234000, "treasuryStock": 1250000, "capitalSurplus": 1439000, "otherStockholderEquity": 1250000, "totalStockholderEquity": 373273000, "netTangibleAssets": 373165000}], "maxAge": 86400}, "financialData": {"maxAge": 86400, "currentPrice": 136.85, "recommendationKey": "none", "totalCash": 113447000, "totalCashPerShare": 1.455, "ebitda": 556593280, "totalDebt": 1276313984, "totalRevenue": 4004903936, "debtToEquity": 117.699, "revenuePerShare": 51.452, "grossProfits": 1767993000, "earningsGrowth": 0.878, "revenueGrowth": 0.477, "grossMargins": 0.45358002, "ebitdaMargins": 0.13898, "operatingMargins": 0.12420999, "profitMargins": 0.07612, "financialCurrency": "INR"}}}