{"GUFICBIO.BO": {"recommendationTrend": {"trend": [{"period": "0m", "strongBuy": 0, "buy": 0, "hold": 0, "sell": 0, "strongSell": 0}, {"period": "-1m", "strongBuy": 0, "buy": 0, "hold": 0, "sell": 0, "strongSell": 0}, {"period": "-2m", "strongBuy": 0, "buy": 0, "hold": 0, "sell": 0, "strongSell": 0}, {"period": "-3m", "strongBuy": 0, "buy": 0, "hold": 0, "sell": 0, "strongSell": 0}], "maxAge": 86400}, "cashflowStatementHistory": {"cashflowStatements": [{"maxAge": 1, "endDate": "2020-03-31", "netIncome": 228567000, "depreciation": 83500000, "changeToNetincome": 74232000, "changeToAccountReceivables": -148104000, "changeToLiabilities": 367878000, "changeToInventory": -149131000, "totalCashFromOperatingActivities": 456942000, "capitalExpenditures": -401172000, "otherCashflowsFromInvestingActivities": -23319000, "totalCashflowsFromInvestingActivities": -424442000, "dividendsPaid": -4875000, "netBorrowings": 103223000, "otherCashflowsFromFinancingActivities": -125624000, "totalCashFromFinancingActivities": -27276000, "changeInCash": 5224000}, {"maxAge": 1, "endDate": "2019-03-31", "netIncome": 219407000, "depreciation": 45977000, "changeToNetincome": 121431000, "changeToAccountReceivables": -350812000, "changeToLiabilities": 16474000, "changeToInventory": -836000, "totalCashFromOperatingActivities": 52074000, "capitalExpenditures": -130838000, "otherCashflowsFromInvestingActivities": 843000, "totalCashflowsFromInvestingActivities": -129945000, "dividendsPaid": -3875000, "netBorrowings": 180661000, "otherCashflowsFromFinancingActivities": -99692000, "totalCashFromFinancingActivities": 77094000, "changeInCash": -777000}, {"maxAge": 1, "endDate": "2018-03-31", "netIncome": 164762000, "depreciation": 43708000, "changeToNetincome": 47080000, "changeToAccountReceivables": -241068000, "changeToLiabilities": 244833000, "changeToInventory": -307800000, "totalCashFromOperatingActivities": -48195000, "capitalExpenditures": -81077000, "otherCashflowsFromInvestingActivities": -5919000, "totalCashflowsFromInvestingActivities": -88362000, "dividendsPaid": -3876000, "netBorrowings": 229587000, "otherCashflowsFromFinancingActivities": -81691000, "totalCashFromFinancingActivities": 144020000, "changeInCash": 7462000}, {"maxAge": 1, "endDate": "2017-03-31", "netIncome": 90208000, "depreciation": 36833000, "changeToNetincome": 68679000, "changeToAccountReceivables": -123650000, "changeToLiabilities": 14165000, "changeToInventory": -127532000, "totalCashFromOperatingActivities": -41297000, "capitalExpenditures": -41489000, "otherCashflowsFromInvestingActivities": -5393000, "totalCashflowsFromInvestingActivities": -46882000, "dividendsPaid": -3898000, "netBorrowings": 140880000, "otherCashflowsFromFinancingActivities": -62900000, "totalCashFromFinancingActivities": 74082000, "changeInCash": -14097000}], "maxAge": 86400}, "institutionOwnership": {"ownershipList": [], "maxAge": 1}, "balanceSheetHistoryQuarterly": {"balanceSheetStatements": [{"maxAge": 1, "endDate": "2020-06-30", "totalStockholderEquity": 958539000, "netTangibleAssets": 952969000}, {"maxAge": 1, "endDate": "2020-03-31", "cash": 108171000, "netReceivables": 1014284000, "inventory": 1091977000, "otherCurrentAssets": 420375000, "totalCurrentAssets": 2634807000, "longTermInvestments": 50000, "propertyPlantEquipment": 716963000, "intangibleAssets": 5570000, "otherAssets": 205018000, "deferredLongTermAssetCharges": 4356000, "totalAssets": 3562408000, "accountsPayable": 1086228000, "otherCurrentLiab": 230802000, "longTermDebt": 179235000, "otherLiab": 116948000, "totalCurrentLiabilities": 2245673000, "totalLiab": 2603869000, "commonStock": 77830000, "treasuryStock": 880709000, "otherStockholderEquity": 880709000, "totalStockholderEquity": 958539000, "netTangibleAssets": 952969000}, {"maxAge": 1, "endDate": "2019-12-31", "totalStockholderEquity": 844701000, "netTangibleAssets": 838531000}, {"maxAge": 1, "endDate": "2019-09-30", "cash": 82291000, "netReceivables": 904183000, "inventory": 930295000, "otherCurrentAssets": 488355000, "totalCurrentAssets": 2405124000, "longTermInvestments": 50000, "propertyPlantEquipment": 513308000, "intangibleAssets": 6170000, "otherAssets": 163266000, "deferredLongTermAssetCharges": 17028000, "totalAssets": 3087918000, "accountsPayable": 729748000, "otherCurrentLiab": 280936000, "longTermDebt": 173540000, "otherLiab": 99001000, "totalCurrentLiabilities": 1882514000, "totalLiab": 2243217000, "commonStock": 77830000, "treasuryStock": 766871000, "otherStockholderEquity": 766871000, "totalStockholderEquity": 844701000, "netTangibleAssets": 838531000}], "maxAge": 86400}, "earningsHistory": {"history": [{"maxAge": 1, "epsActual": {}, "epsEstimate": {}, "epsDifference": {}, "surprisePercent": {}, "quarter": {}, "period": "-4q"}, {"maxAge": 1, "epsActual": {}, "epsEstimate": {}, "epsDifference": {}, "surprisePercent": {}, "quarter": {}, "period": "-3q"}, {"maxAge": 1, "epsActual": {}, "epsEstimate": {}, "epsDifference": {}, "surprisePercent": {}, "quarter": {}, "period": "-2q"}, {"maxAge": 1, "epsActual": {}, "epsEstimate": {}, "epsDifference": {}, "surprisePercent": {}, "quarter": {}, "period": "-1q"}], "maxAge": 86400}, "indexTrend": {"maxAge": 1, "symbol": "SP5", "peRatio": 19.7411, "pegRatio": 1.34172, "estimates": [{"period": "0q", "growth": 0.549}, {"period": "+1q", "growth": 0.431}, {"period": "0y", "growth": 0.305}, {"period": "+1y", "growth": 0.109}, {"period": "+5y", "growth": 0.120865}, {"period": "-5y"}]}, "industryTrend": {"maxAge": 1, "symbol": null, "estimates": []}, "insiderTransactions": {"transactions": [{"maxAge": 1, "shares": 99982, "filerUrl": "", "transactionText": "", "filerName": "Choksi (Pranav J.)", "filerRelation": "Director", "moneyText": "", "startDate": "2012-07-30", "ownership": "D"}], "maxAge": 1}, "quoteType": {"exchange": "BSE", "quoteType": "EQUITY", "symbol": "GUFICBIO.BO", "underlyingSymbol": "GUFICBIO.BO", "shortName": "GUFIC BIOSCIENCES LTD.", "longName": "Gufic Biosciences Limited", "firstTradeDateEpochUtc": "2002-07-01 09:15:00", "timeZoneFullName": "Asia/Kolkata", "timeZoneShortName": "IST", "uuid": "16546af8-6124-3950-b1b8-ee99c25eef35", "gmtOffSetMilliseconds": 19800000, "maxAge": 1}, "incomeStatementHistory": {"incomeStatementHistory": [{"maxAge": 1, "endDate": "2020-03-31", "totalRevenue": 3577513000, "costOfRevenue": 1774773000, "grossProfit": 1802740000, "researchDevelopment": {}, "sellingGeneralAdministrative": 515707000, "nonRecurring": {}, "otherOperatingExpenses": 841199000, "totalOperatingExpenses": 3215179000, "operatingIncome": 362334000, "totalOtherIncomeExpenseNet": -59033000, "ebit": 362334000, "interestExpense": -127183000, "incomeBeforeTax": 303301000, "incomeTaxExpense": 74734000, "minorityInterest": {}, "netIncomeFromContinuingOps": 228567000, "discontinuedOperations": {}, "extraordinaryItems": {}, "effectOfAccountingCharges": {}, "otherItems": {}, "netIncome": 228567000, "netIncomeApplicableToCommonShares": 228567000}, {"maxAge": 1, "endDate": "2019-03-31", "totalRevenue": 3507696000, "costOfRevenue": 1822154000, "grossProfit": 1685542000, "researchDevelopment": {}, "sellingGeneralAdministrative": 525274000, "nonRecurring": {}, "otherOperatingExpenses": 700421000, "totalOperatingExpenses": 3094259000, "operatingIncome": 413437000, "totalOtherIncomeExpenseNet": -59946000, "ebit": 413437000, "interestExpense": -99399000, "incomeBeforeTax": 353491000, "incomeTaxExpense": 134084000, "minorityInterest": {}, "netIncomeFromContinuingOps": 219407000, "discontinuedOperations": {}, "extraordinaryItems": {}, "effectOfAccountingCharges": {}, "otherItems": {}, "netIncome": 219407000, "netIncomeApplicableToCommonShares": 219407000}, {"maxAge": 1, "endDate": "2018-03-31", "totalRevenue": 3055846000, "costOfRevenue": 1472489000, "grossProfit": 1583357000, "researchDevelopment": {}, "sellingGeneralAdministrative": 479225000, "nonRecurring": {}, "otherOperatingExpenses": 716196000, "totalOperatingExpenses": 2711908000, "operatingIncome": 343938000, "totalOtherIncomeExpenseNet": -44398000, "ebit": 343938000, "interestExpense": -86597000, "incomeBeforeTax": 299540000, "incomeTaxExpense": 134778000, "minorityInterest": {}, "netIncomeFromContinuingOps": 164762000, "discontinuedOperations": {}, "extraordinaryItems": {}, "effectOfAccountingCharges": {}, "otherItems": {}, "netIncome": 164762000, "netIncomeApplicableToCommonShares": 164762000}, {"maxAge": 1, "endDate": "2017-03-31", "totalRevenue": 2455160000, "costOfRevenue": 1220498000, "grossProfit": 1234662000, "researchDevelopment": {}, "sellingGeneralAdministrative": 426871000, "nonRecurring": {}, "otherOperatingExpenses": 578287000, "totalOperatingExpenses": 2262489000, "operatingIncome": 192671000, "totalOtherIncomeExpenseNet": -48997000, "ebit": 192671000, "interestExpense": -62150000, "incomeBeforeTax": 143674000, "incomeTaxExpense": 53466000, "minorityInterest": {}, "netIncomeFromContinuingOps": 90208000, "discontinuedOperations": {}, "extraordinaryItems": {}, "effectOfAccountingCharges": {}, "otherItems": {}, "netIncome": 90208000, "netIncomeApplicableToCommonShares": 90208000}], "maxAge": 86400}, "fundOwnership": {"ownershipList": [], "maxAge": 1}, "summaryDetail": {"maxAge": 1, "priceHint": 2, "previousClose": 135.55, "open": 135.0, "dayLow": 133.95, "dayHigh": 139.95, "regularMarketPreviousClose": 135.55, "regularMarketOpen": 135.0, "regularMarketDayLow": 133.95, "regularMarketDayHigh": 139.95, "trailingPE": 86.637115, "forwardPE": 58.46154, "volume": 76270, "regularMarketVolume": 76270, "averageVolume": 34352, "averageVolume10days": 10966, "averageDailyVolume10Day": 10966, "bid": 136.05, "ask": 0.0, "bidSize": 0, "askSize": 0, "marketCap": 10647144448, "fiftyTwoWeekLow": 37.55, "fiftyTwoWeekHigh": 139.95, "fiftyDayAverage": 121.15303, "twoHundredDayAverage": 102.649635, "trailingAnnualDividendRate": 0.05, "trailingAnnualDividendYield": 0.00036886756, "currency": "INR", "fromCurrency": null, "lastMarket": null, "algorithm": null, "tradeable": false}, "sectorTrend": {"maxAge": 1, "symbol": null, "estimates": []}, "incomeStatementHistoryQuarterly": {"incomeStatementHistory": [{"maxAge": 1, "endDate": "2020-06-30", "totalRevenue": 541437000, "costOfRevenue": 294718000, "grossProfit": 246719000, "researchDevelopment": {}, "sellingGeneralAdministrative": 112708000, "nonRecurring": {}, "otherOperatingExpenses": 139937000, "totalOperatingExpenses": 570200000, "operatingIncome": -28763000, "totalOtherIncomeExpenseNet": -22337000, "ebit": -28763000, "interestExpense": -32227000, "incomeBeforeTax": -51100000, "incomeTaxExpense": -13632000, "minorityInterest": {}, "netIncomeFromContinuingOps": -37468000, "discontinuedOperations": {}, "extraordinaryItems": {}, "effectOfAccountingCharges": {}, "otherItems": {}, "netIncome": -37468000, "netIncomeApplicableToCommonShares": -37468000}, {"maxAge": 1, "endDate": "2020-03-31", "totalRevenue": 815908000, "costOfRevenue": 403792000, "grossProfit": 412116000, "researchDevelopment": {}, "sellingGeneralAdministrative": 122541000, "nonRecurring": {}, "otherOperatingExpenses": 186346000, "totalOperatingExpenses": 736544000, "operatingIncome": 79364000, "totalOtherIncomeExpenseNet": -18647000, "ebit": 79364000, "interestExpense": -29904000, "incomeBeforeTax": 60717000, "incomeTaxExpense": 13488000, "minorityInterest": {}, "netIncomeFromContinuingOps": 47229000, "discontinuedOperations": {}, "extraordinaryItems": {}, "effectOfAccountingCharges": {}, "otherItems": {}, "netIncome": 47229000, "netIncomeApplicableToCommonShares": 47229000}, {"maxAge": 1, "endDate": "2019-12-31", "totalRevenue": 977444000, "costOfRevenue": 479938000, "grossProfit": 497506000, "researchDevelopment": {}, "sellingGeneralAdministrative": 127099000, "nonRecurring": {}, "otherOperatingExpenses": 251122000, "totalOperatingExpenses": 879288000, "operatingIncome": 98156000, "totalOtherIncomeExpenseNet": -3960000, "ebit": 98156000, "interestExpense": -34532000, "incomeBeforeTax": 94196000, "incomeTaxExpense": 24002000, "minorityInterest": {}, "netIncomeFromContinuingOps": 70194000, "discontinuedOperations": {}, "extraordinaryItems": {}, "effectOfAccountingCharges": {}, "otherItems": {}, "netIncome": 70194000, "netIncomeApplicableToCommonShares": 70194000}, {"maxAge": 1, "endDate": "2019-09-30", "totalRevenue": 860254000, "costOfRevenue": 458401000, "grossProfit": 401853000, "researchDevelopment": {}, "sellingGeneralAdministrative": 136253000, "nonRecurring": {}, "otherOperatingExpenses": 163688000, "totalOperatingExpenses": 784810000, "operatingIncome": 75444000, "totalOtherIncomeExpenseNet": -18934000, "ebit": 75444000, "interestExpense": -35038000, "incomeBeforeTax": 56510000, "incomeTaxExpense": 13475000, "minorityInterest": {}, "netIncomeFromContinuingOps": 43035000, "discontinuedOperations": {}, "extraordinaryItems": {}, "effectOfAccountingCharges": {}, "otherItems": {}, "netIncome": 43035000, "netIncomeApplicableToCommonShares": 43035000}], "maxAge": 86400}, "cashflowStatementHistoryQuarterly": {"cashflowStatements": [{"maxAge": 1, "endDate": "2020-06-30", "netIncome": -37468000, "changeToLiabilities": 0}, {"maxAge": 1, "endDate": "2020-03-31", "netIncome": 47229000, "changeToLiabilities": 0}, {"maxAge": 1, "endDate": "2019-12-31", "netIncome": 70194000, "changeToLiabilities": 0}, {"maxAge": 1, "endDate": "2019-09-30", "netIncome": 43035000, "changeToLiabilities": 0}], "maxAge": 86400}, "insiderHolders": {"holders": [{"maxAge": 1, "name": "Choksi (Pranav J.)", "relation": "Director", "url": "", "transactionDescription": "Acquisition", "latestTransDate": "2012-07-30", "positionDirect": 6975826, "positionDirectDate": "2012-07-30"}], "maxAge": 1}, "earnings": {"maxAge": 86400, "earningsChart": {"quarterly": [], "earningsDate": []}, "financialsChart": {"yearly": [{"date": 2017, "revenue": 2455160000, "earnings": 90208000}, {"date": 2018, "revenue": 3055846000, "earnings": 164762000}, {"date": 2019, "revenue": 3507696000, "earnings": 219407000}, {"date": 2020, "revenue": 3577513000, "earnings": 228567000}], "quarterly": [{"date": "3Q2019", "revenue": 860254000, "earnings": 43035000}, {"date": "4Q2019", "revenue": 977444000, "earnings": 70194000}, {"date": "1Q2020", "revenue": 815908000, "earnings": 47229000}, {"date": "2Q2020", "revenue": 541437000, "earnings": -37468000}]}, "financialCurrency": "INR"}, "calendarEvents": {"maxAge": 1, "earnings": {"earningsDate": []}}, "upgradeDowngradeHistory": {"history": [], "maxAge": 86400}, "price": {"maxAge": 1, "regularMarketChangePercent": 0.009221689, "regularMarketChange": 1.25, "regularMarketTime": "2021-04-30 15:51:03", "priceHint": 2, "regularMarketPrice": 136.8, "regularMarketDayHigh": 139.95, "regularMarketDayLow": 133.95, "regularMarketVolume": 76270, "averageDailyVolume10Day": 10966, "averageDailyVolume3Month": 34352, "regularMarketPreviousClose": 135.55, "regularMarketSource": "FREE_REALTIME", "regularMarketOpen": 135.0, "exchange": "BSE", "exchangeName": "BSE", "exchangeDataDelayedBy": 0, "marketState": "CLOSED", "quoteType": "EQUITY", "symbol": "GUFICBIO.BO", "underlyingSymbol": null, "shortName": "GUFIC BIOSCIENCES LTD.", "longName": "Gufic Biosciences Limited", "currency": "INR", "quoteSourceName": "Delayed Quote", "currencySymbol": "\u20b9", "fromCurrency": null, "lastMarket": null, "marketCap": 10647144448}, "balanceSheetHistory": {"balanceSheetStatements": [{"maxAge": 1, "endDate": "2020-03-31", "cash": 108171000, "netReceivables": 1014284000, "inventory": 1091977000, "otherCurrentAssets": 420375000, "totalCurrentAssets": 2634807000, "longTermInvestments": 50000, "propertyPlantEquipment": 716963000, "intangibleAssets": 5570000, "otherAssets": 205018000, "deferredLongTermAssetCharges": 4356000, "totalAssets": 3562408000, "accountsPayable": 1086228000, "otherCurrentLiab": 230802000, "longTermDebt": 179235000, "otherLiab": 116948000, "totalCurrentLiabilities": 2245673000, "totalLiab": 2603869000, "commonStock": 77830000, "treasuryStock": 880709000, "otherStockholderEquity": 880709000, "totalStockholderEquity": 958539000, "netTangibleAssets": 952969000}, {"maxAge": 1, "endDate": "2019-03-31", "cash": 36615000, "netReceivables": 1034188000, "inventory": 942846000, "otherCurrentAssets": 308250000, "totalCurrentAssets": 2325135000, "longTermInvestments": 50000, "propertyPlantEquipment": 337080000, "goodWill": 224000, "intangibleAssets": 3440000, "otherAssets": 129468000, "deferredLongTermAssetCharges": 6896000, "totalAssets": 2795397000, "accountsPayable": 778051000, "shortLongTermDebt": 17463000, "otherCurrentLiab": 95566000, "longTermDebt": 113117000, "otherLiab": 65368000, "totalCurrentLiabilities": 1863433000, "totalLiab": 2041918000, "commonStock": 77830000, "retainedEarnings": 672754000, "treasuryStock": 1250000, "capitalSurplus": 1645000, "otherStockholderEquity": 1250000, "totalStockholderEquity": 753479000, "netTangibleAssets": 749815000}, {"maxAge": 1, "endDate": "2018-03-31", "cash": 37392000, "netReceivables": 810216000, "inventory": 942010000, "otherCurrentAssets": 190784000, "totalCurrentAssets": 1982045000, "longTermInvestments": 50000, "propertyPlantEquipment": 244355000, "goodWill": 280000, "intangibleAssets": 4373000, "otherAssets": 149219000, "deferredLongTermAssetCharges": 28083000, "totalAssets": 2380322000, "accountsPayable": 759794000, "shortLongTermDebt": 21375000, "otherCurrentLiab": 72456000, "longTermDebt": 82813000, "otherLiab": 70280000, "totalCurrentLiabilities": 1685493000, "totalLiab": 1838965000, "commonStock": 77830000, "retainedEarnings": 454304000, "treasuryStock": 1250000, "capitalSurplus": 7973000, "otherStockholderEquity": 1250000, "totalStockholderEquity": 541357000, "netTangibleAssets": 536704000}, {"maxAge": 1, "endDate": "2017-03-31", "cash": 28727000, "netReceivables": 530749000, "inventory": 630163000, "otherCurrentAssets": 241155000, "totalCurrentAssets": 1432465000, "longTermInvestments": 50000, "propertyPlantEquipment": 219901000, "intangibleAssets": 108000, "otherAssets": 132107000, "deferredLongTermAssetCharges": 37945000, "totalAssets": 1784631000, "accountsPayable": 437387000, "shortLongTermDebt": 29860000, "otherCurrentLiab": 176353000, "longTermDebt": 65154000, "otherLiab": 63355000, "totalCurrentLiabilities": 1281771000, "totalLiab": 1411358000, "commonStock": 77350000, "retainedEarnings": 293234000, "treasuryStock": 1250000, "capitalSurplus": 1439000, "otherStockholderEquity": 1250000, "totalStockholderEquity": 373273000, "netTangibleAssets": 373165000}], "maxAge": 86400}, "earningsTrend": {"trend": [{"maxAge": 1, "period": "0q", "endDate": null, "growth": {}, "earningsEstimate": {"avg": 0.0, "low": 0.0, "high": 0.0, "yearAgoEps": {}, "numberOfAnalysts": 0, "growth": {}}, "revenueEstimate": {"avg": 0, "low": 0, "high": 0, "numberOfAnalysts": 0, "yearAgoRevenue": {}, "growth": {}}, "epsTrend": {"current": 0.0, "7daysAgo": 0.0, "30daysAgo": 0.0, "60daysAgo": 0.0, "90daysAgo": 0.0}, "epsRevisions": {"upLast7days": 0, "upLast30days": 0, "downLast30days": 0, "downLast90days": {}}}, {"maxAge": 1, "period": "+1q", "endDate": null, "growth": {}, "earningsEstimate": {"avg": 0.0, "low": 0.0, "high": 0.0, "yearAgoEps": {}, "numberOfAnalysts": 0, "growth": {}}, "revenueEstimate": {"avg": 0, "low": 0, "high": 0, "numberOfAnalysts": 0, "yearAgoRevenue": {}, "growth": {}}, "epsTrend": {"current": 0.0, "7daysAgo": 0.0, "30daysAgo": 0.0, "60daysAgo": 0.0, "90daysAgo": 0.0}, "epsRevisions": {"upLast7days": 0, "upLast30days": 0, "downLast30days": 0, "downLast90days": {}}}, {"maxAge": 1, "period": "0y", "endDate": null, "growth": {}, "earningsEstimate": {"avg": 0.0, "low": 0.0, "high": 0.0, "yearAgoEps": {}, "numberOfAnalysts": 0, "growth": {}}, "revenueEstimate": {"avg": 0, "low": 0, "high": 0, "numberOfAnalysts": 0, "yearAgoRevenue": {}, "growth": {}}, "epsTrend": {"current": 0.0, "7daysAgo": 0.0, "30daysAgo": 0.0, "60daysAgo": 0.0, "90daysAgo": 0.0}, "epsRevisions": {"upLast7days": 0, "upLast30days": 0, "downLast30days": 0, "downLast90days": {}}}, {"maxAge": 1, "period": "+1y", "endDate": null, "growth": {}, "earningsEstimate": {"avg": 0.0, "low": 0.0, "high": 0.0, "yearAgoEps": {}, "numberOfAnalysts": 0, "growth": {}}, "revenueEstimate": {"avg": 0, "low": 0, "high": 0, "numberOfAnalysts": 0, "yearAgoRevenue": {}, "growth": {}}, "epsTrend": {"current": 0.0, "7daysAgo": 0.0, "30daysAgo": 0.0, "60daysAgo": 0.0, "90daysAgo": 0.0}, "epsRevisions": {"upLast7days": 0, "upLast30days": 0, "downLast30days": 0, "downLast90days": {}}}, {"maxAge": 1, "period": "+5y", "endDate": null, "growth": {}, "earningsEstimate": {"avg": {}, "low": {}, "high": {}, "yearAgoEps": {}, "numberOfAnalysts": {}, "growth": {}}, "revenueEstimate": {"avg": {}, "low": {}, "high": {}, "numberOfAnalysts": {}, "yearAgoRevenue": {}, "growth": {}}, "epsTrend": {"current": {}, "7daysAgo": {}, "30daysAgo": {}, "60daysAgo": {}, "90daysAgo": {}}, "epsRevisions": {"upLast7days": {}, "upLast30days": {}, "downLast30days": {}, "downLast90days": {}}}, {"maxAge": 1, "period": "-5y", "endDate": null, "growth": {}, "earningsEstimate": {"avg": {}, "low": {}, "high": {}, "yearAgoEps": {}, "numberOfAnalysts": {}, "growth": {}}, "revenueEstimate": {"avg": {}, "low": {}, "high": {}, "numberOfAnalysts": {}, "yearAgoRevenue": {}, "growth": {}}, "epsTrend": {"current": {}, "7daysAgo": {}, "30daysAgo": {}, "60daysAgo": {}, "90daysAgo": {}}, "epsRevisions": {"upLast7days": {}, "upLast30days": {}, "downLast30days": {}, "downLast90days": {}}}], "maxAge": 1}, "financialData": {"maxAge": 86400, "currentPrice": 136.8, "recommendationKey": "none", "grossProfits": 1802740000, "financialCurrency": "INR"}}}