{"GUJARATPOLY.BO": {"cashflowStatementHistory": {"cashflowStatements": [{"maxAge": 1, "endDate": "2020-03-31", "netIncome": 12167000, "depreciation": 1866000, "changeToNetincome": -4316000, "changeToAccountReceivables": 14870000, "changeToLiabilities": 2079000, "changeToInventory": 4110000, "changeToOperatingActivities": -715000, "totalCashFromOperatingActivities": 30111000, "capitalExpenditures": -3393000, "otherCashflowsFromInvestingActivities": 736000, "totalCashflowsFromInvestingActivities": -2657000, "otherCashflowsFromFinancingActivities": -8108000, "totalCashFromFinancingActivities": -8108000, "changeInCash": 19346000}, {"maxAge": 1, "endDate": "2019-03-31", "netIncome": 54243000, "depreciation": 1370000, "changeToNetincome": 3832000, "changeToAccountReceivables": -8065000, "changeToLiabilities": -7697000, "changeToInventory": 3665000, "changeToOperatingActivities": -1521000, "totalCashFromOperatingActivities": 45870000, "capitalExpenditures": -7161000, "otherCashflowsFromInvestingActivities": 18000, "totalCashflowsFromInvestingActivities": -7012000, "otherCashflowsFromFinancingActivities": -39337000, "totalCashFromFinancingActivities": -39337000, "changeInCash": -479000}, {"maxAge": 1, "endDate": "2018-03-31", "netIncome": 6653000, "depreciation": 920000, "changeToNetincome": 10034000, "changeToAccountReceivables": -11589000, "changeToLiabilities": 2157000, "changeToInventory": -379000, "changeToOperatingActivities": 3467000, "totalCashFromOperatingActivities": 11344000, "capitalExpenditures": -132000, "otherCashflowsFromInvestingActivities": 20000, "totalCashflowsFromInvestingActivities": -112000, "otherCashflowsFromFinancingActivities": -10611000, "totalCashFromFinancingActivities": -10611000, "changeInCash": 621000}, {"maxAge": 1, "endDate": "2017-03-31", "netIncome": -443000, "depreciation": 942000, "changeToNetincome": 6757000, "changeToAccountReceivables": -532000, "changeToLiabilities": -2966000, "changeToInventory": -3026000, "changeToOperatingActivities": 534000, "totalCashFromOperatingActivities": 1515000, "capitalExpenditures": -753000, "otherCashflowsFromInvestingActivities": 32000, "totalCashflowsFromInvestingActivities": -138000, "otherCashflowsFromFinancingActivities": -2661000, "totalCashFromFinancingActivities": -2661000, "changeInCash": -1284000}], "maxAge": 86400}, "institutionOwnership": {"ownershipList": [], "maxAge": 1}, "balanceSheetHistoryQuarterly": {"balanceSheetStatements": [{"maxAge": 1, "endDate": "2020-06-30", "totalStockholderEquity": -6664000, "netTangibleAssets": -7658000}, {"maxAge": 1, "endDate": "2020-03-31", "cash": 3717000, "shortTermInvestments": 18052000, "netReceivables": 37644000, "inventory": 20538000, "otherCurrentAssets": 3352000, "totalCurrentAssets": 83623000, "propertyPlantEquipment": 20347000, "intangibleAssets": 994000, "otherAssets": 857000, "totalAssets": 105821000, "accountsPayable": 2767000, "otherCurrentLiab": 166000, "otherLiab": 2704000, "totalCurrentLiabilities": 10185000, "totalLiab": 14335000, "commonStock": 85500000, "retainedEarnings": -92164000, "totalStockholderEquity": -6664000, "netTangibleAssets": -7658000}, {"maxAge": 1, "endDate": "2019-12-31", "totalStockholderEquity": -12192000, "netTangibleAssets": -13125000}, {"maxAge": 1, "endDate": "2019-09-30", "cash": 4789000, "shortTermInvestments": 12146000, "netReceivables": 47659000, "inventory": 23147000, "otherCurrentAssets": 4419000, "totalCurrentAssets": 80014000, "longTermInvestments": 816000, "propertyPlantEquipment": 17032000, "intangibleAssets": 933000, "otherAssets": 832000, "totalAssets": 98811000, "accountsPayable": 3513000, "otherCurrentLiab": 4566000, "otherLiab": 2635000, "totalCurrentLiabilities": 10218000, "totalLiab": 12853000, "commonStock": 85500000, "retainedEarnings": -97692000, "treasuryStock": -97692000, "otherStockholderEquity": -97692000, "totalStockholderEquity": -12192000, "netTangibleAssets": -13125000}], "maxAge": 86400}, "indexTrend": {"maxAge": 1, "symbol": "SP5", "peRatio": 19.7411, "pegRatio": 1.34172, "estimates": [{"period": "0q", "growth": 0.549}, {"period": "+1q", "growth": 0.431}, {"period": "0y", "growth": 0.305}, {"period": "+1y", "growth": 0.109}, {"period": "+5y", "growth": 0.120859005}, {"period": "-5y"}]}, "insiderTransactions": {"transactions": [{"maxAge": 1, "shares": 1749998, "filerUrl": "", "transactionText": "", "filerName": "Polychem Ltd", "filerRelation": "Promoter", "moneyText": "", "startDate": "2017-03-31", "ownership": "D"}, {"maxAge": 1, "shares": 4360, "filerUrl": "", "transactionText": "", "filerName": "Gujarat Industrial Investment Corporation, Ltd.", "filerRelation": "Institution- Corporation", "moneyText": "", "startDate": "2010-11-18", "ownership": "D"}, {"maxAge": 1, "shares": 39086, "filerUrl": "", "transactionText": "", "filerName": "Gujarat Industrial Investment Corporation, Ltd.", "filerRelation": "Institution- Corporation", "moneyText": "", "startDate": "2010-11-16", "ownership": "D"}], "maxAge": 1}, "quoteType": {"exchange": "BSE", "quoteType": "EQUITY", "symbol": "GUJARATPOLY.BO", "underlyingSymbol": "GUJARATPOLY.BO", "shortName": "Gujarat Poly Electronics Limit", "longName": "Gujarat Poly Electronics Limited", "firstTradeDateEpochUtc": "2000-01-03 09:15:00", "timeZoneFullName": "Asia/Kolkata", "timeZoneShortName": "IST", "uuid": "c11d3292-4af5-3d55-a586-b449bb3767b3", "gmtOffSetMilliseconds": 19800000, "maxAge": 1}, "incomeStatementHistory": {"incomeStatementHistory": [{"maxAge": 1, "endDate": "2020-03-31", "totalRevenue": 136014000, "costOfRevenue": 81578000, "grossProfit": 54436000, "researchDevelopment": {}, "sellingGeneralAdministrative": 40960000, "nonRecurring": {}, "otherOperatingExpenses": 363000, "totalOperatingExpenses": 124817000, "operatingIncome": 11197000, "totalOtherIncomeExpenseNet": 970000, "ebit": 11197000, "interestExpense": -108000, "incomeBeforeTax": 12167000, "incomeTaxExpense": 0, "minorityInterest": {}, "netIncomeFromContinuingOps": 12167000, "discontinuedOperations": {}, "extraordinaryItems": {}, "effectOfAccountingCharges": {}, "otherItems": {}, "netIncome": 12167000, "netIncomeApplicableToCommonShares": 12167000}, {"maxAge": 1, "endDate": "2019-03-31", "totalRevenue": 225528000, "costOfRevenue": 123893000, "grossProfit": 101635000, "researchDevelopment": {}, "sellingGeneralAdministrative": 43313000, "nonRecurring": {}, "otherOperatingExpenses": 363000, "totalOperatingExpenses": 168982000, "operatingIncome": 56546000, "totalOtherIncomeExpenseNet": -2303000, "ebit": 56546000, "interestExpense": -3092000, "incomeBeforeTax": 54243000, "incomeTaxExpense": 0, "minorityInterest": {}, "netIncomeFromContinuingOps": 54243000, "discontinuedOperations": {}, "extraordinaryItems": {}, "effectOfAccountingCharges": {}, "otherItems": {}, "netIncome": 54243000, "netIncomeApplicableToCommonShares": 54243000}, {"maxAge": 1, "endDate": "2018-03-31", "totalRevenue": 144022000, "costOfRevenue": 89464000, "grossProfit": 54558000, "researchDevelopment": {}, "sellingGeneralAdministrative": 40191000, "nonRecurring": {}, "otherOperatingExpenses": 2451000, "totalOperatingExpenses": 133107000, "operatingIncome": 10915000, "totalOtherIncomeExpenseNet": -4262000, "ebit": 10915000, "interestExpense": -5104000, "incomeBeforeTax": 6653000, "incomeTaxExpense": 0, "minorityInterest": {}, "netIncomeFromContinuingOps": 6653000, "discontinuedOperations": {}, "extraordinaryItems": {}, "effectOfAccountingCharges": {}, "otherItems": {}, "netIncome": 6653000, "netIncomeApplicableToCommonShares": 6653000}, {"maxAge": 1, "endDate": "2017-03-31", "totalRevenue": 122201000, "costOfRevenue": 80154000, "grossProfit": 42047000, "researchDevelopment": {}, "sellingGeneralAdministrative": 36991000, "nonRecurring": {}, "otherOperatingExpenses": 2451000, "totalOperatingExpenses": 118354000, "operatingIncome": 3847000, "totalOtherIncomeExpenseNet": -4290000, "ebit": 3847000, "interestExpense": -5365000, "incomeBeforeTax": -443000, "incomeTaxExpense": 0, "minorityInterest": {}, "netIncomeFromContinuingOps": -443000, "discontinuedOperations": {}, "extraordinaryItems": {}, "effectOfAccountingCharges": {}, "otherItems": {}, "netIncome": -443000, "netIncomeApplicableToCommonShares": -443000}], "maxAge": 86400}, "fundOwnership": {"ownershipList": [], "maxAge": 1}, "summaryDetail": {"maxAge": 1, "priceHint": 2, "previousClose": 6.48, "open": 6.16, "dayLow": 6.16, "dayHigh": 6.8, "regularMarketPreviousClose": 6.48, "regularMarketOpen": 6.16, "regularMarketDayLow": 6.16, "regularMarketDayHigh": 6.8, "trailingPE": 24.727272, "volume": 1155, "regularMarketVolume": 1155, "averageVolume": 791, "averageVolume10days": 602, "averageDailyVolume10Day": 602, "bid": 6.8, "ask": 0.0, "bidSize": 0, "askSize": 0, "marketCap": 58140000, "fiftyTwoWeekLow": 4.74, "fiftyTwoWeekHigh": 10.34, "fiftyDayAverage": 7.7554545, "twoHundredDayAverage": 7.595956, "currency": "INR", "fromCurrency": null, "lastMarket": null, "algorithm": null, "tradeable": false}, "incomeStatementHistoryQuarterly": {"incomeStatementHistory": [{"maxAge": 1, "endDate": "2020-06-30", "totalRevenue": 13078000, "costOfRevenue": 8026000, "grossProfit": 5052000, "researchDevelopment": {}, "sellingGeneralAdministrative": 6634000, "nonRecurring": {}, "otherOperatingExpenses": 2728000, "totalOperatingExpenses": 17933000, "operatingIncome": -4855000, "totalOtherIncomeExpenseNet": 342000, "ebit": -4855000, "interestExpense": -15000, "incomeBeforeTax": -4513000, "incomeTaxExpense": 0, "minorityInterest": {}, "netIncomeFromContinuingOps": -4513000, "discontinuedOperations": {}, "extraordinaryItems": {}, "effectOfAccountingCharges": {}, "otherItems": {}, "netIncome": -4513000, "netIncomeApplicableToCommonShares": -4513000}, {"maxAge": 1, "endDate": "2020-03-31", "totalRevenue": 34724000, "costOfRevenue": 21188000, "grossProfit": 13536000, "researchDevelopment": {}, "sellingGeneralAdministrative": 18506000, "nonRecurring": {}, "otherOperatingExpenses": -7301000, "totalOperatingExpenses": 32827000, "operatingIncome": 1897000, "totalOtherIncomeExpenseNet": 345000, "ebit": 1897000, "interestExpense": -15000, "incomeBeforeTax": 2242000, "incomeTaxExpense": 0, "minorityInterest": {}, "netIncomeFromContinuingOps": 2242000, "discontinuedOperations": {}, "extraordinaryItems": {}, "effectOfAccountingCharges": {}, "otherItems": {}, "netIncome": 2242000, "netIncomeApplicableToCommonShares": 2242000}, {"maxAge": 1, "endDate": "2019-12-31", "totalRevenue": 30493000, "costOfRevenue": 19160000, "grossProfit": 11333000, "researchDevelopment": {}, "sellingGeneralAdministrative": 7395000, "nonRecurring": {}, "otherOperatingExpenses": 198000, "totalOperatingExpenses": 27294000, "operatingIncome": 3199000, "totalOtherIncomeExpenseNet": 369000, "ebit": 3199000, "interestExpense": -15000, "incomeBeforeTax": 3568000, "incomeTaxExpense": 0, "minorityInterest": {}, "netIncomeFromContinuingOps": 3568000, "discontinuedOperations": {}, "extraordinaryItems": {}, "effectOfAccountingCharges": {}, "otherItems": {}, "netIncome": 3568000, "netIncomeApplicableToCommonShares": 3568000}, {"maxAge": 1, "endDate": "2019-09-30", "totalRevenue": 33477000, "costOfRevenue": 20064000, "grossProfit": 13413000, "researchDevelopment": {}, "sellingGeneralAdministrative": 7358000, "nonRecurring": {}, "otherOperatingExpenses": 4933000, "totalOperatingExpenses": 32686000, "operatingIncome": 791000, "totalOtherIncomeExpenseNet": 251000, "ebit": 791000, "interestExpense": -12000, "incomeBeforeTax": 1042000, "incomeTaxExpense": 0, "minorityInterest": {}, "netIncomeFromContinuingOps": 1042000, "discontinuedOperations": {}, "extraordinaryItems": {}, "effectOfAccountingCharges": {}, "otherItems": {}, "netIncome": 1042000, "netIncomeApplicableToCommonShares": 1042000}], "maxAge": 86400}, "cashflowStatementHistoryQuarterly": {"cashflowStatements": [{"maxAge": 1, "endDate": "2020-06-30", "netIncome": -4513000, "changeToLiabilities": 0}, {"maxAge": 1, "endDate": "2020-03-31", "netIncome": 2242000, "changeToLiabilities": 0}, {"maxAge": 1, "endDate": "2019-12-31", "netIncome": 3568000, "changeToLiabilities": 0}, {"maxAge": 1, "endDate": "2019-09-30", "netIncome": 1042000, "changeToLiabilities": 0}], "maxAge": 86400}, "insiderHolders": {"holders": [{"maxAge": 1, "name": "Gujarat Industrial Investment Corporation, Ltd.", "relation": "Institution- Corporation", "url": "", "transactionDescription": "Sale", "latestTransDate": "2010-11-18", "positionDirect": 497103, "positionDirectDate": "2010-11-18"}, {"maxAge": 1, "name": "Polychem Ltd", "relation": "Promoter", "url": "", "transactionDescription": "Purchase", "latestTransDate": "2017-03-31", "positionDirect": 4616152, "positionDirectDate": "2017-03-31"}], "maxAge": 1}, "calendarEvents": {"maxAge": 1, "earnings": {"earningsDate": []}}, "upgradeDowngradeHistory": {"history": [], "maxAge": 86400}, "price": {"maxAge": 1, "regularMarketChangePercent": 0.049382742, "regularMarketChange": 0.32000017, "regularMarketTime": "2021-04-30 15:15:00", "priceHint": 2, "regularMarketPrice": 6.8, "regularMarketDayHigh": 6.8, "regularMarketDayLow": 6.16, "regularMarketVolume": 1155, "averageDailyVolume10Day": 602, "averageDailyVolume3Month": 791, "regularMarketPreviousClose": 6.48, "regularMarketSource": "FREE_REALTIME", "regularMarketOpen": 6.16, "exchange": "BSE", "exchangeName": "BSE", "exchangeDataDelayedBy": 0, "marketState": "CLOSED", "quoteType": "EQUITY", "symbol": "GUJARATPOLY.BO", "underlyingSymbol": null, "shortName": "Gujarat Poly Electronics Limit", "longName": "Gujarat Poly Electronics Limited", "currency": "INR", "quoteSourceName": "Delayed Quote", "currencySymbol": "\u20b9", "fromCurrency": null, "lastMarket": null, "marketCap": 58140000}, "balanceSheetHistory": {"balanceSheetStatements": [{"maxAge": 1, "endDate": "2020-03-31", "cash": 3717000, "shortTermInvestments": 18052000, "netReceivables": 37644000, "inventory": 20538000, "otherCurrentAssets": 3352000, "totalCurrentAssets": 83623000, "propertyPlantEquipment": 20347000, "intangibleAssets": 994000, "otherAssets": 857000, "totalAssets": 105821000, "accountsPayable": 2767000, "otherCurrentLiab": 166000, "otherLiab": 2704000, "totalCurrentLiabilities": 10185000, "totalLiab": 14335000, "commonStock": 85500000, "retainedEarnings": -92164000, "totalStockholderEquity": -6664000, "netTangibleAssets": -7658000}, {"maxAge": 1, "endDate": "2019-03-31", "cash": 2371000, "shortTermInvestments": 52000, "netReceivables": 48998000, "inventory": 24648000, "otherCurrentAssets": 3316000, "totalCurrentAssets": 79610000, "propertyPlantEquipment": 16845000, "intangibleAssets": 930000, "otherAssets": 501000, "totalAssets": 97886000, "accountsPayable": 1008000, "otherCurrentLiab": 85000, "otherLiab": 2268000, "totalCurrentLiabilities": 15895000, "totalLiab": 18163000, "commonStock": 85500000, "retainedEarnings": -103927000, "totalStockholderEquity": -18427000, "netTangibleAssets": -19357000}, {"maxAge": 1, "endDate": "2018-03-31", "cash": 2850000, "shortTermInvestments": 52000, "netReceivables": 40754000, "inventory": 28313000, "otherCurrentAssets": 80000, "totalCurrentAssets": 72265000, "propertyPlantEquipment": 16770000, "intangibleAssets": 144000, "otherAssets": 503000, "totalAssets": 89682000, "accountsPayable": 9473000, "otherCurrentLiab": 85000, "otherLiab": 1900000, "totalCurrentLiabilities": 62101000, "totalLiab": 64001000, "commonStock": 85500000, "retainedEarnings": -157969000, "totalStockholderEquity": -72469000, "netTangibleAssets": -72613000}, {"maxAge": 1, "endDate": "2017-03-31", "cash": 2229000, "shortTermInvestments": 52000, "netReceivables": 30183000, "inventory": 32454000, "otherCurrentAssets": 2911000, "totalCurrentAssets": 68057000, "propertyPlantEquipment": 17606000, "intangibleAssets": 177000, "otherAssets": 503000, "totalAssets": 86343000, "accountsPayable": 8136000, "otherCurrentLiab": 71000, "otherLiab": 1851000, "totalCurrentLiabilities": 65673000, "totalLiab": 67524000, "commonStock": 85500000, "retainedEarnings": -164831000, "totalStockholderEquity": -79331000, "netTangibleAssets": -79508000}], "maxAge": 86400}, "financialData": {"maxAge": 86400, "currentPrice": 6.8, "recommendationKey": "none", "grossProfits": 54436000, "financialCurrency": "INR"}}}