{"GUJCRED.BO": {"cashflowStatementHistory": {"cashflowStatements": [{"maxAge": 1, "endDate": "2020-03-31", "netIncome": 868766, "depreciation": 137880, "changeToNetincome": -157855, "changeToLiabilities": 144532, "changeToOperatingActivities": -654815, "totalCashFromOperatingActivities": 338508, "capitalExpenditures": -451200, "investments": -316550, "otherCashflowsFromInvestingActivities": 12108, "totalCashflowsFromInvestingActivities": -755642, "netBorrowings": 439023, "otherCashflowsFromFinancingActivities": -14916, "totalCashFromFinancingActivities": 424107, "changeInCash": 6973}, {"maxAge": 1, "endDate": "2019-03-31", "netIncome": 2025908, "depreciation": 137880, "changeToNetincome": 48924, "changeToLiabilities": -471, "changeToOperatingActivities": 290642, "totalCashFromOperatingActivities": 2502883, "capitalExpenditures": -908500, "investments": 2105462, "otherCashflowsFromInvestingActivities": 3165, "totalCashflowsFromInvestingActivities": 1200127, "netBorrowings": -3710277, "otherCashflowsFromFinancingActivities": -18827, "totalCashFromFinancingActivities": -3729104, "changeInCash": -26094}, {"maxAge": 1, "endDate": "2018-03-31", "netIncome": 1474502, "depreciation": 138000, "changeToNetincome": 740498, "changeToLiabilities": 120000, "changeToOperatingActivities": 1371000, "totalCashFromOperatingActivities": 3844000, "capitalExpenditures": -2917000, "investments": -1622000, "otherCashflowsFromInvestingActivities": 109000, "totalCashflowsFromInvestingActivities": -4430000, "netBorrowings": 317000, "otherCashflowsFromFinancingActivities": -45000, "totalCashFromFinancingActivities": 272000, "changeInCash": -314000}, {"maxAge": 1, "endDate": "2017-03-31", "netIncome": 1474957, "depreciation": 234000, "changeToNetincome": 581043, "changeToLiabilities": -93000, "changeToOperatingActivities": 194500000, "totalCashFromOperatingActivities": 196697000, "capitalExpenditures": -203545000, "investments": 2345000, "otherCashflowsFromInvestingActivities": 27000, "totalCashflowsFromInvestingActivities": -201173000, "netBorrowings": -11252000, "otherCashflowsFromFinancingActivities": -58000, "totalCashFromFinancingActivities": 4440000, "changeInCash": -36000, "issuanceOfStock": 15750000}], "maxAge": 86400}, "institutionOwnership": {"maxAge": 1, "ownershipList": []}, "balanceSheetHistoryQuarterly": {"balanceSheetStatements": [{"maxAge": 1, "endDate": "2020-06-30", "totalStockholderEquity": 126095000, "netTangibleAssets": 126095000}, {"maxAge": 1, "endDate": "2020-03-31", "cash": 99765, "otherCurrentAssets": 470658, "totalCurrentAssets": 579512, "longTermInvestments": 28643785, "propertyPlantEquipment": 270511516, "otherAssets": 2015003, "deferredLongTermAssetCharges": 15003, "totalAssets": 301749816, "accountsPayable": 369673, "otherCurrentLiab": 322683, "longTermDebt": 174962261, "totalCurrentLiabilities": 692356, "totalLiab": 175654617, "commonStock": 85000000, "retainedEarnings": 17749039, "treasuryStock": 23346160, "otherStockholderEquity": 23346160, "totalStockholderEquity": 126095199, "netTangibleAssets": 126095199}, {"maxAge": 1, "endDate": "2019-12-31", "totalStockholderEquity": 118941000, "netTangibleAssets": 118941000}, {"maxAge": 1, "endDate": "2019-09-30", "cash": 251000, "netReceivables": 972000, "otherCurrentAssets": 476000, "totalCurrentAssets": 1699000, "longTermInvestments": 22514000, "propertyPlantEquipment": 270129000, "otherAssets": 2008000, "deferredLongTermAssetCharges": 8000, "totalAssets": 296350000, "accountsPayable": 224000, "otherCurrentLiab": 141000, "longTermDebt": 177044000, "totalCurrentLiabilities": 365000, "totalLiab": 177409000, "commonStock": 85000000, "treasuryStock": 33941000, "otherStockholderEquity": 33941000, "totalStockholderEquity": 118941000, "netTangibleAssets": 118941000}], "maxAge": 86400}, "indexTrend": {"maxAge": 1, "symbol": "SP5", "peRatio": 19.7411, "pegRatio": 1.34172, "estimates": [{"period": "0q", "growth": 0.549}, {"period": "+1q", "growth": 0.431}, {"period": "0y", "growth": 0.305}, {"period": "+1y", "growth": 0.109}, {"period": "+5y", "growth": 0.120859005}, {"period": "-5y"}]}, "quoteType": {"exchange": "BSE", "quoteType": "EQUITY", "symbol": "GUJCRED.BO", "underlyingSymbol": "GUJCRED.BO", "shortName": "GUJARAT CREDIT CORPORATION LTD", "longName": "Gujarat Credit Corporation Limited", "firstTradeDateEpochUtc": "2000-03-08 09:15:00", "timeZoneFullName": "Asia/Kolkata", "timeZoneShortName": "IST", "uuid": "459cad0d-62ea-346c-906d-0083dbf4b4a1", "messageBoardId": null, "gmtOffSetMilliseconds": 19800000, "maxAge": 1}, "incomeStatementHistory": {"incomeStatementHistory": [{"maxAge": 1, "endDate": "2020-03-31", "totalRevenue": 2775600, "costOfRevenue": 0, "grossProfit": 2775600, "researchDevelopment": {}, "sellingGeneralAdministrative": 1101811, "nonRecurring": {}, "otherOperatingExpenses": 1114442, "totalOperatingExpenses": 2354133, "operatingIncome": 421467, "totalOtherIncomeExpenseNet": 476815, "ebit": 421467, "interestExpense": -9600, "incomeBeforeTax": 898282, "incomeTaxExpense": 29516, "minorityInterest": {}, "netIncomeFromContinuingOps": 868766, "discontinuedOperations": {}, "extraordinaryItems": {}, "effectOfAccountingCharges": {}, "otherItems": {}, "netIncome": 868766, "netIncomeApplicableToCommonShares": 868766}, {"maxAge": 1, "endDate": "2019-03-31", "totalRevenue": 4895209, "costOfRevenue": 0, "grossProfit": 4895209, "researchDevelopment": {}, "sellingGeneralAdministrative": 1018499, "nonRecurring": {}, "otherOperatingExpenses": 1212982, "totalOperatingExpenses": 2369361, "operatingIncome": 2525848, "totalOtherIncomeExpenseNet": 297230, "ebit": 2525848, "interestExpense": -14565, "incomeBeforeTax": 2823078, "incomeTaxExpense": 797170, "minorityInterest": {}, "netIncomeFromContinuingOps": 2025908, "discontinuedOperations": {}, "extraordinaryItems": {}, "effectOfAccountingCharges": {}, "otherItems": {}, "netIncome": 2025908, "netIncomeApplicableToCommonShares": 2025908}, {"maxAge": 1, "endDate": "2018-03-31", "totalRevenue": 1200000, "costOfRevenue": 0, "grossProfit": 1200000, "researchDevelopment": {}, "sellingGeneralAdministrative": 400163, "nonRecurring": {}, "otherOperatingExpenses": 217175, "totalOperatingExpenses": 755216, "operatingIncome": 444784, "totalOtherIncomeExpenseNet": 1014580, "ebit": 444784, "interestExpense": -35713, "incomeBeforeTax": 1459364, "incomeTaxExpense": -15138, "minorityInterest": {}, "netIncomeFromContinuingOps": 1474502, "discontinuedOperations": {}, "extraordinaryItems": {}, "effectOfAccountingCharges": {}, "otherItems": {}, "netIncome": 1474502, "netIncomeApplicableToCommonShares": 1474502}, {"maxAge": 1, "endDate": "2017-03-31", "totalRevenue": 734937, "costOfRevenue": 48469, "grossProfit": 686468, "researchDevelopment": {}, "sellingGeneralAdministrative": 1581478, "nonRecurring": {}, "otherOperatingExpenses": -1355446, "totalOperatingExpenses": 508597, "operatingIncome": 226340, "totalOtherIncomeExpenseNet": 1332767, "ebit": 226340, "interestExpense": -50243, "incomeBeforeTax": 1559107, "incomeTaxExpense": 84150, "minorityInterest": {}, "netIncomeFromContinuingOps": 1474957, "discontinuedOperations": {}, "extraordinaryItems": {}, "effectOfAccountingCharges": {}, "otherItems": {}, "netIncome": 1474957, "netIncomeApplicableToCommonShares": 1474957}], "maxAge": 86400}, "fundOwnership": {"maxAge": 1, "ownershipList": []}, "summaryDetail": {"maxAge": 1, "priceHint": 4, "previousClose": 4.51, "open": 4.51, "dayLow": 4.3, "dayHigh": 4.73, "regularMarketPreviousClose": 4.51, "regularMarketOpen": 4.51, "regularMarketDayLow": 4.3, "regularMarketDayHigh": 4.73, "trailingPE": 11.428572, "volume": 756, "regularMarketVolume": 756, "averageVolume": 220, "averageVolume10days": 221, "averageDailyVolume10Day": 221, "bid": 0.0, "ask": 4.72, "bidSize": 0, "askSize": 0, "marketCap": 117999992, "fiftyTwoWeekLow": 3.5, "fiftyTwoWeekHigh": 11.5, "fiftyDayAverage": 4.322857, "twoHundredDayAverage": 4.856403, "currency": "INR", "fromCurrency": null, "toCurrency": null, "lastMarket": null, "algorithm": null, "tradeable": false}, "incomeStatementHistoryQuarterly": {"incomeStatementHistory": [{"maxAge": 1, "endDate": "2020-06-30", "totalRevenue": 600000, "costOfRevenue": 0, "grossProfit": 600000, "researchDevelopment": {}, "sellingGeneralAdministrative": 262000, "nonRecurring": {}, "otherOperatingExpenses": 351000, "totalOperatingExpenses": 647000, "operatingIncome": -47000, "totalOtherIncomeExpenseNet": -1463000, "ebit": -47000, "interestExpense": {}, "incomeBeforeTax": -1510000, "incomeTaxExpense": 0, "minorityInterest": {}, "netIncomeFromContinuingOps": -1510000, "discontinuedOperations": {}, "extraordinaryItems": {}, "effectOfAccountingCharges": {}, "otherItems": {}, "netIncome": -1510000, "netIncomeApplicableToCommonShares": -1510000}, {"maxAge": 1, "endDate": "2020-03-31", "totalRevenue": 1424600, "costOfRevenue": 0, "grossProfit": 1424600, "researchDevelopment": {}, "sellingGeneralAdministrative": -68189, "nonRecurring": {}, "otherOperatingExpenses": 347442, "totalOperatingExpenses": 314133, "operatingIncome": 1110467, "totalOtherIncomeExpenseNet": 9042815, "ebit": 1110467, "interestExpense": {}, "incomeBeforeTax": 10153282, "incomeTaxExpense": 29516, "minorityInterest": {}, "netIncomeFromContinuingOps": 10123766, "discontinuedOperations": {}, "extraordinaryItems": {}, "effectOfAccountingCharges": {}, "otherItems": {}, "netIncome": 10123766, "netIncomeApplicableToCommonShares": 10123766}, {"maxAge": 1, "endDate": "2019-12-31", "totalRevenue": 450000, "costOfRevenue": 0, "grossProfit": 450000, "researchDevelopment": {}, "sellingGeneralAdministrative": 378000, "nonRecurring": {}, "otherOperatingExpenses": 63000, "totalOperatingExpenses": 475000, "operatingIncome": -25000, "totalOtherIncomeExpenseNet": -2411000, "ebit": -25000, "interestExpense": -10000, "incomeBeforeTax": -2436000, "incomeTaxExpense": 0, "minorityInterest": {}, "netIncomeFromContinuingOps": -2436000, "discontinuedOperations": {}, "extraordinaryItems": {}, "effectOfAccountingCharges": {}, "otherItems": {}, "netIncome": -2436000, "netIncomeApplicableToCommonShares": -2436000}, {"maxAge": 1, "endDate": "2019-09-30", "totalRevenue": 451000, "costOfRevenue": 0, "grossProfit": 451000, "researchDevelopment": {}, "sellingGeneralAdministrative": 422000, "nonRecurring": {}, "otherOperatingExpenses": 220000, "totalOperatingExpenses": 677000, "operatingIncome": -226000, "totalOtherIncomeExpenseNet": -1487000, "ebit": -226000, "interestExpense": -11000, "incomeBeforeTax": -1713000, "incomeTaxExpense": 0, "minorityInterest": {}, "netIncomeFromContinuingOps": -1713000, "discontinuedOperations": {}, "extraordinaryItems": {}, "effectOfAccountingCharges": {}, "otherItems": {}, "netIncome": -1713000, "netIncomeApplicableToCommonShares": -1713000}], "maxAge": 86400}, "cashflowStatementHistoryQuarterly": {"cashflowStatements": [{"maxAge": 1, "endDate": "2020-06-30", "netIncome": -1510000, "changeToLiabilities": 0}, {"maxAge": 1, "endDate": "2020-03-31", "netIncome": 10123766, "changeToLiabilities": 0}, {"maxAge": 1, "endDate": "2019-12-31", "netIncome": -2436000, "changeToLiabilities": 0}, {"maxAge": 1, "endDate": "2019-09-30", "netIncome": -1713000, "changeToLiabilities": 0}], "maxAge": 86400}, "insiderHolders": {"holders": [], "maxAge": 1}, "calendarEvents": {"maxAge": 1, "earnings": {"earningsDate": ["2020-09-15 05:30:S"]}}, "price": {"maxAge": 1, "regularMarketChangePercent": 0.046563093, "regularMarketChange": 0.20999956, "regularMarketTime": "2021-04-30 15:27:07", "priceHint": 4, "regularMarketPrice": 4.72, "regularMarketDayHigh": 4.73, "regularMarketDayLow": 4.3, "regularMarketVolume": 756, "averageDailyVolume10Day": 221, "averageDailyVolume3Month": 220, "regularMarketPreviousClose": 4.51, "regularMarketSource": "FREE_REALTIME", "regularMarketOpen": 4.51, "exchange": "BSE", "exchangeName": "BSE", "exchangeDataDelayedBy": 0, "marketState": "CLOSED", "quoteType": "EQUITY", "symbol": "GUJCRED.BO", "underlyingSymbol": null, "shortName": "GUJARAT CREDIT CORPORATION LTD", "longName": "Gujarat Credit Corporation Limited", "currency": "INR", "quoteSourceName": "Delayed Quote", "currencySymbol": "\u20b9", "fromCurrency": null, "toCurrency": null, "lastMarket": null, "marketCap": 117999992}, "balanceSheetHistory": {"balanceSheetStatements": [{"maxAge": 1, "endDate": "2020-03-31", "cash": 99765, "otherCurrentAssets": 470658, "totalCurrentAssets": 579512, "longTermInvestments": 28643785, "propertyPlantEquipment": 270511516, "otherAssets": 2015003, "deferredLongTermAssetCharges": 15003, "totalAssets": 301749816, "accountsPayable": 369673, "otherCurrentLiab": 322683, "longTermDebt": 174962261, "totalCurrentLiabilities": 692356, "totalLiab": 175654617, "commonStock": 85000000, "retainedEarnings": 17749039, "treasuryStock": 23346160, "otherStockholderEquity": 23346160, "totalStockholderEquity": 126095199, "netTangibleAssets": 126095199}, {"maxAge": 1, "endDate": "2019-03-31", "cash": 92792, "netReceivables": 139895, "otherCurrentAssets": 294742, "totalCurrentAssets": 527429, "longTermInvestments": 28327235, "propertyPlantEquipment": 270198196, "otherAssets": 2007920, "deferredLongTermAssetCharges": 7919, "totalAssets": 301060780, "accountsPayable": 225141, "otherCurrentLiab": 932388, "longTermDebt": 174523238, "totalCurrentLiabilities": 1157529, "totalLiab": 175680767, "commonStock": 85000000, "retainedEarnings": 17033853, "treasuryStock": 23346160, "otherStockholderEquity": 23346160, "totalStockholderEquity": 125380013, "netTangibleAssets": 125380013}, {"maxAge": 1, "endDate": "2018-03-31", "cash": 118884, "otherCurrentAssets": 106120, "totalCurrentAssets": 225004, "longTermInvestments": 32116401, "propertyPlantEquipment": 269427576, "otherAssets": 2005089, "deferredLongTermAssetCharges": 5089, "totalAssets": 303774070, "accountsPayable": 225612, "otherCurrentLiab": 313229, "longTermDebt": 178233515, "totalCurrentLiabilities": 538841, "totalLiab": 178772356, "commonStock": 85000000, "retainedEarnings": 14971853, "treasuryStock": 25029861, "otherStockholderEquity": 25029861, "totalStockholderEquity": 125001714, "netTangibleAssets": 125001714}, {"maxAge": 1, "endDate": "2017-03-31", "cash": 433268, "otherCurrentAssets": 14700, "totalCurrentAssets": 447968, "longTermInvestments": 30494460, "propertyPlantEquipment": 266927426, "otherAssets": 3398837, "deferredLongTermAssetCharges": -10049, "totalAssets": 301268691, "accountsPayable": 105934, "otherCurrentLiab": 260049, "longTermDebt": 177916951, "totalCurrentLiabilities": 365983, "totalLiab": 178282934, "commonStock": 85000000, "retainedEarnings": 13776551, "treasuryStock": 24209206, "otherStockholderEquity": 24209206, "totalStockholderEquity": 122985757, "netTangibleAssets": 122985757}], "maxAge": 86400}, "financialData": {"maxAge": 86400, "currentPrice": 4.72, "recommendationKey": "none", "grossProfits": 2775600, "financialCurrency": "INR"}}}