{"GUJCRAFT.BO": {"cashflowStatementHistory": {"cashflowStatements": [{"maxAge": 1, "endDate": "2020-03-31", "netIncome": 21466000, "depreciation": 20968000, "changeToNetincome": 33284000, "changeToAccountReceivables": 11391000, "changeToLiabilities": -49849000, "changeToInventory": 52786000, "changeToOperatingActivities": 11194000, "totalCashFromOperatingActivities": 101240000, "capitalExpenditures": -14612000, "otherCashflowsFromInvestingActivities": 2969000, "totalCashflowsFromInvestingActivities": -11643000, "netBorrowings": -57439000, "otherCashflowsFromFinancingActivities": -33871000, "totalCashFromFinancingActivities": -91310000, "changeInCash": -1713000}, {"maxAge": 1, "endDate": "2019-03-31", "netIncome": 12281000, "depreciation": 17752000, "changeToNetincome": 40743000, "changeToAccountReceivables": 28759000, "changeToLiabilities": -6950000, "changeToInventory": -17510000, "changeToOperatingActivities": 33855000, "totalCashFromOperatingActivities": 108930000, "capitalExpenditures": -14300000, "otherCashflowsFromInvestingActivities": 3602000, "totalCashflowsFromInvestingActivities": -10608000, "netBorrowings": -52557000, "otherCashflowsFromFinancingActivities": -42323000, "totalCashFromFinancingActivities": -94880000, "changeInCash": 3442000}, {"maxAge": 1, "endDate": "2018-03-31", "netIncome": 17069000, "depreciation": 17251000, "changeToNetincome": 40862000, "changeToAccountReceivables": 26695000, "changeToLiabilities": 846000, "changeToInventory": -10282000, "changeToOperatingActivities": -72276000, "totalCashFromOperatingActivities": 20165000, "capitalExpenditures": -7474000, "otherCashflowsFromInvestingActivities": 3350000, "totalCashflowsFromInvestingActivities": -2061000, "netBorrowings": 19671000, "otherCashflowsFromFinancingActivities": -43221000, "totalCashFromFinancingActivities": -23550000, "changeInCash": -5446000}, {"maxAge": 1, "endDate": "2017-03-31", "netIncome": 12242000, "depreciation": 17221000, "changeToNetincome": 36333000, "changeToAccountReceivables": -3253000, "changeToLiabilities": 20986000, "changeToInventory": -54254000, "changeToOperatingActivities": 42137000, "totalCashFromOperatingActivities": 71412000, "capitalExpenditures": -7748000, "otherCashflowsFromInvestingActivities": -372000, "totalCashflowsFromInvestingActivities": -8120000, "netBorrowings": -30362000, "otherCashflowsFromFinancingActivities": -30696000, "totalCashFromFinancingActivities": -61058000, "changeInCash": 2234000}], "maxAge": 86400}, "institutionOwnership": {"ownershipList": [], "maxAge": 1}, "balanceSheetHistoryQuarterly": {"balanceSheetStatements": [{"maxAge": 1, "endDate": "2020-06-30", "totalStockholderEquity": 374399000, "netTangibleAssets": 374399000}, {"maxAge": 1, "endDate": "2020-03-31", "cash": 2854000, "shortTermInvestments": 8049000, "netReceivables": 272572000, "inventory": 203749000, "otherCurrentAssets": 37316000, "totalCurrentAssets": 526021000, "longTermInvestments": 380000, "propertyPlantEquipment": 369783000, "otherAssets": 415000, "totalAssets": 896599000, "accountsPayable": 149313000, "shortLongTermDebt": 707000, "otherCurrentLiab": 33454000, "longTermDebt": 108437000, "otherLiab": 54241000, "totalCurrentLiabilities": 358750000, "totalLiab": 522200000, "commonStock": 48883000, "retainedEarnings": 149868000, "treasuryStock": 145473000, "capitalSurplus": 30175000, "otherStockholderEquity": 145473000, "totalStockholderEquity": 374399000, "netTangibleAssets": 374399000}, {"maxAge": 1, "endDate": "2019-12-31", "totalStockholderEquity": 361683000, "netTangibleAssets": 361683000}, {"maxAge": 1, "endDate": "2019-09-30", "cash": 3276000, "shortTermInvestments": 53567000, "netReceivables": 232593000, "inventory": 218702000, "totalCurrentAssets": 509319000, "longTermInvestments": 380000, "propertyPlantEquipment": 372919000, "otherAssets": 3146000, "totalAssets": 885764000, "accountsPayable": 127903000, "shortLongTermDebt": 17196000, "otherCurrentLiab": 13388000, "longTermDebt": 129818000, "otherLiab": 59647000, "totalCurrentLiabilities": 334616000, "totalLiab": 524081000, "commonStock": 48883000, "treasuryStock": 312800000, "otherStockholderEquity": 312800000, "totalStockholderEquity": 361683000, "netTangibleAssets": 361683000}], "maxAge": 86400}, "indexTrend": {"maxAge": 1, "symbol": "SP5", "peRatio": 19.7411, "pegRatio": 1.34172, "estimates": [{"period": "0q", "growth": 0.549}, {"period": "+1q", "growth": 0.431}, {"period": "0y", "growth": 0.305}, {"period": "+1y", "growth": 0.109}, {"period": "+5y", "growth": 0.120859005}, {"period": "-5y"}]}, "insiderTransactions": {"transactions": [{"maxAge": 1, "shares": 80000, "filerUrl": "", "transactionText": "", "filerName": "Woodland Consultancy Services Pvt Ltd", "filerRelation": "Promoter", "moneyText": "", "startDate": "2014-04-28", "ownership": "D"}, {"maxAge": 1, "shares": 65000, "filerUrl": "", "transactionText": "", "filerName": "APA Finance, Ltd.", "filerRelation": "Promoter", "moneyText": "", "startDate": "2014-04-28", "ownership": "D"}, {"maxAge": 1, "shares": 90000, "filerUrl": "", "transactionText": "", "filerName": "Typhoon Financial Services, Ltd.", "filerRelation": "Promoter", "moneyText": "", "startDate": "2014-04-28", "ownership": "D"}, {"maxAge": 1, "shares": 40000, "filerUrl": "", "transactionText": "", "filerName": "Ashokkumar (Ratanchand)", "filerRelation": "Promoter", "moneyText": "", "startDate": "2014-04-28", "ownership": "D"}, {"maxAge": 1, "shares": 40000, "filerUrl": "", "transactionText": "", "filerName": "Indian Agrotech, Ltd.", "filerRelation": "Promoter", "moneyText": "", "startDate": "2014-04-28", "ownership": "D"}, {"maxAge": 1, "shares": 115000, "filerUrl": "", "transactionText": "", "filerName": "Chhajer (Ashok Kumar)", "filerRelation": "Chairman of the Board", "moneyText": "", "startDate": "2014-04-28", "ownership": "D"}, {"maxAge": 1, "shares": 140000, "filerUrl": "", "transactionText": "", "filerName": "Chhajer (Sushma)", "filerRelation": "Promoter", "moneyText": "", "startDate": "2014-04-28", "ownership": "D"}, {"maxAge": 1, "shares": 170000, "filerUrl": "", "transactionText": "", "filerName": "Chhajer (Rishabh Ashok)", "filerRelation": "Joint Managing director", "moneyText": "", "startDate": "2014-04-28", "ownership": "D"}, {"maxAge": 1, "shares": 40000, "filerUrl": "", "transactionText": "", "filerName": "Chhajer (Shruti)", "filerRelation": "Promoter", "moneyText": "", "startDate": "2014-04-28", "ownership": "D"}, {"maxAge": 1, "shares": 35000, "filerUrl": "", "transactionText": "", "filerName": "Chhajer (Shruti)", "filerRelation": "Promoter", "moneyText": "", "startDate": "2013-10-28", "ownership": "D"}, {"maxAge": 1, "shares": 40000, "filerUrl": "", "transactionText": "", "filerName": "Woodland Consultancy Services Pvt Ltd", "filerRelation": "Promoter", "moneyText": "", "startDate": "2013-10-28", "ownership": "D"}, {"maxAge": 1, "shares": 60000, "filerUrl": "", "transactionText": "", "filerName": "Typhoon Financial Services, Ltd.", "filerRelation": "Promoter", "moneyText": "", "startDate": "2013-10-28", "ownership": "D"}, {"maxAge": 1, "shares": 35000, "filerUrl": "", "transactionText": "", "filerName": "Indian Agrotech, Ltd.", "filerRelation": "Promoter", "moneyText": "", "startDate": "2013-10-28", "ownership": "D"}, {"maxAge": 1, "shares": 90000, "filerUrl": "", "transactionText": "", "filerName": "Chhajer (Sushma)", "filerRelation": "Promoter", "moneyText": "", "startDate": "2013-10-28", "ownership": "D"}, {"maxAge": 1, "shares": 130000, "filerUrl": "", "transactionText": "", "filerName": "Chhajer (Rishabh Ashok)", "filerRelation": "Joint Managing director", "moneyText": "", "startDate": "2013-10-28", "ownership": "D"}, {"maxAge": 1, "shares": 90000, "filerUrl": "", "transactionText": "", "filerName": "Chhajer (Ashok Kumar)", "filerRelation": "Chairman of the Board", "moneyText": "", "startDate": "2013-10-28", "ownership": "D"}, {"maxAge": 1, "shares": 35000, "filerUrl": "", "transactionText": "", "filerName": "Ashokkumar (Ratanchand)", "filerRelation": "Promoter", "moneyText": "", "startDate": "2013-10-28", "ownership": "D"}, {"maxAge": 1, "shares": 50000, "filerUrl": "", "transactionText": "", "filerName": "APA Finance, Ltd.", "filerRelation": "Promoter", "moneyText": "", "startDate": "2013-10-28", "ownership": "D"}, {"maxAge": 1, "shares": 35000, "filerUrl": "", "transactionText": "", "filerName": "APA Finance, Ltd.", "filerRelation": "Promoter", "moneyText": "", "startDate": "2013-03-18", "ownership": "D"}, {"maxAge": 1, "shares": 70000, "filerUrl": "", "transactionText": "", "filerName": "Chhajer (Sushma)", "filerRelation": "Promoter", "moneyText": "", "startDate": "2013-03-18", "ownership": "D"}, {"maxAge": 1, "shares": 25000, "filerUrl": "", "transactionText": "", "filerName": "Chhajer (Shruti)", "filerRelation": "Promoter", "moneyText": "", "startDate": "2013-03-18", "ownership": "D"}, {"maxAge": 1, "shares": 25000, "filerUrl": "", "transactionText": "", "filerName": "Indian Agrotech, Ltd.", "filerRelation": "Promoter", "moneyText": "", "startDate": "2013-03-18", "ownership": "D"}, {"maxAge": 1, "shares": 50000, "filerUrl": "", "transactionText": "", "filerName": "Typhoon Financial Services, Ltd.", "filerRelation": "Promoter", "moneyText": "", "startDate": "2013-03-18", "ownership": "D"}, {"maxAge": 1, "shares": 70000, "filerUrl": "", "transactionText": "", "filerName": "Chhajer (Ashok Kumar)", "filerRelation": "Chairman of the Board", "moneyText": "", "startDate": "2013-03-18", "ownership": "D"}, {"maxAge": 1, "shares": 30000, "filerUrl": "", "transactionText": "", "filerName": "Woodland Consultancy Services Pvt Ltd", "filerRelation": "Promoter", "moneyText": "", "startDate": "2013-03-18", "ownership": "D"}, {"maxAge": 1, "shares": 25000, "filerUrl": "", "transactionText": "", "filerName": "Ashokkumar (Ratanchand)", "filerRelation": "Promoter", "moneyText": "", "startDate": "2013-03-18", "ownership": "D"}, {"maxAge": 1, "shares": 100000, "filerUrl": "", "transactionText": "", "filerName": "Chhajer (Rishabh Ashok)", "filerRelation": "Joint Managing director", "moneyText": "", "startDate": "2013-03-15", "ownership": "D"}], "maxAge": 1}, "quoteType": {"exchange": "BSE", "quoteType": "EQUITY", "symbol": "GUJCRAFT.BO", "underlyingSymbol": "GUJCRAFT.BO", "shortName": "GUJARAT CRAFT INDUSTRIES LTD.", "longName": "Gujarat Craft Industries Limited", "firstTradeDateEpochUtc": "2002-02-27 09:15:00", "timeZoneFullName": "Asia/Kolkata", "timeZoneShortName": "IST", "uuid": "588a00b3-ad4a-3721-a09a-d2459fa6559c", "gmtOffSetMilliseconds": 19800000, "maxAge": 1}, "incomeStatementHistory": {"incomeStatementHistory": [{"maxAge": 1, "endDate": "2020-03-31", "totalRevenue": 1430862000, "costOfRevenue": 1008977000, "grossProfit": 421885000, "researchDevelopment": {}, "sellingGeneralAdministrative": 35187000, "nonRecurring": {}, "otherOperatingExpenses": 303001000, "totalOperatingExpenses": 1368133000, "operatingIncome": 62729000, "totalOtherIncomeExpenseNet": -34767000, "ebit": 62729000, "interestExpense": -29837000, "incomeBeforeTax": 27962000, "incomeTaxExpense": 6496000, "minorityInterest": {}, "netIncomeFromContinuingOps": 21466000, "discontinuedOperations": {}, "extraordinaryItems": {}, "effectOfAccountingCharges": {}, "otherItems": {}, "netIncome": 21466000, "netIncomeApplicableToCommonShares": 21466000}, {"maxAge": 1, "endDate": "2019-03-31", "totalRevenue": 1395208000, "costOfRevenue": 989915000, "grossProfit": 405293000, "researchDevelopment": {}, "sellingGeneralAdministrative": 40826000, "nonRecurring": {}, "otherOperatingExpenses": 288205000, "totalOperatingExpenses": 1336698000, "operatingIncome": 58510000, "totalOtherIncomeExpenseNet": -41588000, "ebit": 58510000, "interestExpense": -37653000, "incomeBeforeTax": 16922000, "incomeTaxExpense": 4641000, "minorityInterest": {}, "netIncomeFromContinuingOps": 12281000, "discontinuedOperations": {}, "extraordinaryItems": {}, "effectOfAccountingCharges": {}, "otherItems": {}, "netIncome": 12281000, "netIncomeApplicableToCommonShares": 12281000}, {"maxAge": 1, "endDate": "2018-03-31", "totalRevenue": 1302107000, "costOfRevenue": 930343000, "grossProfit": 371764000, "researchDevelopment": {}, "sellingGeneralAdministrative": 30804000, "nonRecurring": {}, "otherOperatingExpenses": 255613000, "totalOperatingExpenses": 1234009000, "operatingIncome": 68098000, "totalOtherIncomeExpenseNet": -48702000, "ebit": 68098000, "interestExpense": -40077000, "incomeBeforeTax": 19396000, "incomeTaxExpense": 2327000, "minorityInterest": {}, "netIncomeFromContinuingOps": 17069000, "discontinuedOperations": {}, "extraordinaryItems": {}, "effectOfAccountingCharges": {}, "otherItems": {}, "netIncome": 17069000, "netIncomeApplicableToCommonShares": 17069000}, {"maxAge": 1, "endDate": "2017-03-31", "totalRevenue": 974101000, "costOfRevenue": 711667000, "grossProfit": 262434000, "researchDevelopment": {}, "sellingGeneralAdministrative": 23327000, "nonRecurring": {}, "otherOperatingExpenses": 172278000, "totalOperatingExpenses": 924493000, "operatingIncome": 49608000, "totalOtherIncomeExpenseNet": -32752000, "ebit": 49608000, "interestExpense": -34233000, "incomeBeforeTax": 16856000, "incomeTaxExpense": 4614000, "minorityInterest": {}, "netIncomeFromContinuingOps": 12242000, "discontinuedOperations": {}, "extraordinaryItems": {}, "effectOfAccountingCharges": {}, "otherItems": {}, "netIncome": 12242000, "netIncomeApplicableToCommonShares": 12242000}], "maxAge": 86400}, "fundOwnership": {"ownershipList": [], "maxAge": 1}, "summaryDetail": {"maxAge": 1, "priceHint": 2, "previousClose": 38.8, "open": 37.2, "dayLow": 37.2, "dayHigh": 40.7, "regularMarketPreviousClose": 38.8, "regularMarketOpen": 37.2, "regularMarketDayLow": 37.2, "regularMarketDayHigh": 40.7, "trailingPE": 5.5905404, "volume": 294, "regularMarketVolume": 294, "averageVolume": 966, "averageVolume10days": 258, "averageDailyVolume10Day": 258, "bid": 38.5, "ask": 39.25, "bidSize": 0, "askSize": 0, "marketCap": 195287584, "fiftyTwoWeekLow": 16.8, "fiftyTwoWeekHigh": 49.9, "fiftyDayAverage": 38.89394, "twoHundredDayAverage": 35.132355, "currency": "INR", "fromCurrency": null, "lastMarket": null, "algorithm": null, "tradeable": false}, "incomeStatementHistoryQuarterly": {"incomeStatementHistory": [{"maxAge": 1, "endDate": "2020-06-30", "totalRevenue": 315035000, "costOfRevenue": 202096000, "grossProfit": 112939000, "researchDevelopment": {}, "sellingGeneralAdministrative": 7132000, "nonRecurring": {}, "otherOperatingExpenses": 71589000, "totalOperatingExpenses": 285911000, "operatingIncome": 29124000, "totalOtherIncomeExpenseNet": -5814000, "ebit": 29124000, "interestExpense": -5881000, "incomeBeforeTax": 23310000, "incomeTaxExpense": 5787000, "minorityInterest": {}, "netIncomeFromContinuingOps": 17523000, "discontinuedOperations": {}, "extraordinaryItems": {}, "effectOfAccountingCharges": {}, "otherItems": {}, "netIncome": 17523000, "netIncomeApplicableToCommonShares": 17523000}, {"maxAge": 1, "endDate": "2020-03-31", "totalRevenue": 342285000, "costOfRevenue": 247720000, "grossProfit": 94565000, "researchDevelopment": {}, "sellingGeneralAdministrative": 10242000, "nonRecurring": {}, "otherOperatingExpenses": 70456000, "totalOperatingExpenses": 333557000, "operatingIncome": 8728000, "totalOtherIncomeExpenseNet": -10006000, "ebit": 8728000, "interestExpense": -3341000, "incomeBeforeTax": -1278000, "incomeTaxExpense": 425000, "minorityInterest": {}, "netIncomeFromContinuingOps": -1703000, "discontinuedOperations": {}, "extraordinaryItems": {}, "effectOfAccountingCharges": {}, "otherItems": {}, "netIncome": -1703000, "netIncomeApplicableToCommonShares": -1703000}, {"maxAge": 1, "endDate": "2019-12-31", "totalRevenue": 374986000, "costOfRevenue": 255857000, "grossProfit": 119129000, "researchDevelopment": {}, "sellingGeneralAdministrative": 8137000, "nonRecurring": {}, "otherOperatingExpenses": 82906000, "totalOperatingExpenses": 352219000, "operatingIncome": 22767000, "totalOtherIncomeExpenseNet": -7329000, "ebit": 22767000, "interestExpense": -7420000, "incomeBeforeTax": 15438000, "incomeTaxExpense": 981000, "minorityInterest": {}, "netIncomeFromContinuingOps": 14457000, "discontinuedOperations": {}, "extraordinaryItems": {}, "effectOfAccountingCharges": {}, "otherItems": {}, "netIncome": 14457000, "netIncomeApplicableToCommonShares": 14457000}, {"maxAge": 1, "endDate": "2019-09-30", "totalRevenue": 385040000, "costOfRevenue": 277542000, "grossProfit": 107498000, "researchDevelopment": {}, "sellingGeneralAdministrative": 8591000, "nonRecurring": {}, "otherOperatingExpenses": 77546000, "totalOperatingExpenses": 368963000, "operatingIncome": 16077000, "totalOtherIncomeExpenseNet": -7704000, "ebit": 16077000, "interestExpense": -8636000, "incomeBeforeTax": 8373000, "incomeTaxExpense": 3528000, "minorityInterest": {}, "netIncomeFromContinuingOps": 4845000, "discontinuedOperations": {}, "extraordinaryItems": {}, "effectOfAccountingCharges": {}, "otherItems": {}, "netIncome": 4845000, "netIncomeApplicableToCommonShares": 4845000}], "maxAge": 86400}, "cashflowStatementHistoryQuarterly": {"cashflowStatements": [{"maxAge": 1, "endDate": "2020-06-30", "netIncome": 17523000, "changeToLiabilities": 0}, {"maxAge": 1, "endDate": "2020-03-31", "netIncome": -1703000, "changeToLiabilities": 0}, {"maxAge": 1, "endDate": "2019-12-31", "netIncome": 14457000, "changeToLiabilities": 0}, {"maxAge": 1, "endDate": "2019-09-30", "netIncome": 4845000, "changeToLiabilities": 0}], "maxAge": 86400}, "insiderHolders": {"holders": [{"maxAge": 1, "name": "APA Finance, Ltd.", "relation": "Promoter", "url": "", "transactionDescription": "Other", "latestTransDate": "2014-04-28", "positionDirect": 150000, "positionDirectDate": "2014-04-28"}, {"maxAge": 1, "name": "Ashokkumar (Ratanchand)", "relation": "Promoter", "url": "", "transactionDescription": "Other", "latestTransDate": "2014-04-28", "positionDirect": 415800, "positionDirectDate": "2014-04-28"}, {"maxAge": 1, "name": "Chhajer (Ashok Kumar)", "relation": "Chairman of the Board", "url": "", "transactionDescription": "Other", "latestTransDate": "2014-04-28", "positionDirect": 1392000, "positionDirectDate": "2014-04-28"}, {"maxAge": 1, "name": "Chhajer (Rishabh Ashok)", "relation": "Joint Managing director", "url": "", "transactionDescription": "Other", "latestTransDate": "2014-04-28", "positionDirect": 525000, "positionDirectDate": "2014-04-28"}, {"maxAge": 1, "name": "Chhajer (Shruti)", "relation": "Promoter", "url": "", "transactionDescription": "Other", "latestTransDate": "2014-04-28", "positionDirect": 144750, "positionDirectDate": "2014-04-28"}, {"maxAge": 1, "name": "Chhajer (Sushma)", "relation": "Promoter", "url": "", "transactionDescription": "Other", "latestTransDate": "2014-04-28", "positionDirect": 519440, "positionDirectDate": "2014-04-28"}, {"maxAge": 1, "name": "Indian Agrotech, Ltd.", "relation": "Promoter", "url": "", "transactionDescription": "Other", "latestTransDate": "2014-04-28", "positionDirect": 100000, "positionDirectDate": "2014-04-28"}, {"maxAge": 1, "name": "Typhoon Financial Services, Ltd.", "relation": "Promoter", "url": "", "transactionDescription": "Other", "latestTransDate": "2014-04-28", "positionDirect": 200000, "positionDirectDate": "2014-04-28"}, {"maxAge": 1, "name": "Woodland Consultancy Services Pvt Ltd", "relation": "Promoter", "url": "", "transactionDescription": "Other", "latestTransDate": "2014-04-28", "positionDirect": 151000, "positionDirectDate": "2014-04-28"}], "maxAge": 1}, "calendarEvents": {"maxAge": 1, "earnings": {"earningsDate": []}}, "upgradeDowngradeHistory": {"history": [], "maxAge": 86400}, "price": {"maxAge": 1, "regularMarketChangePercent": 0.029639216, "regularMarketChange": 1.1500015, "regularMarketTime": "2021-04-30 15:15:43", "priceHint": 2, "regularMarketPrice": 39.95, "regularMarketDayHigh": 40.7, "regularMarketDayLow": 37.2, "regularMarketVolume": 294, "averageDailyVolume10Day": 258, "averageDailyVolume3Month": 966, "regularMarketPreviousClose": 38.8, "regularMarketSource": "FREE_REALTIME", "regularMarketOpen": 37.2, "exchange": "BSE", "exchangeName": "BSE", "exchangeDataDelayedBy": 0, "marketState": "CLOSED", "quoteType": "EQUITY", "symbol": "GUJCRAFT.BO", "underlyingSymbol": null, "shortName": "GUJARAT CRAFT INDUSTRIES LTD.", "longName": "Gujarat Craft Industries Limited", "currency": "INR", "quoteSourceName": "Delayed Quote", "currencySymbol": "\u20b9", "fromCurrency": null, "lastMarket": null, "marketCap": 195287584}, "balanceSheetHistory": {"balanceSheetStatements": [{"maxAge": 1, "endDate": "2020-03-31", "cash": 2854000, "shortTermInvestments": 8049000, "netReceivables": 272572000, "inventory": 203749000, "otherCurrentAssets": 37316000, "totalCurrentAssets": 526021000, "longTermInvestments": 380000, "propertyPlantEquipment": 369783000, "otherAssets": 415000, "totalAssets": 896599000, "accountsPayable": 149313000, "shortLongTermDebt": 707000, "otherCurrentLiab": 33454000, "longTermDebt": 108437000, "otherLiab": 54241000, "totalCurrentLiabilities": 358750000, "totalLiab": 522200000, "commonStock": 48883000, "retainedEarnings": 149868000, "treasuryStock": 145473000, "capitalSurplus": 30175000, "otherStockholderEquity": 145473000, "totalStockholderEquity": 374399000, "netTangibleAssets": 374399000}, {"maxAge": 1, "endDate": "2019-03-31", "cash": 4567000, "shortTermInvestments": 1261000, "netReceivables": 289358000, "inventory": 256534000, "otherCurrentAssets": 65358000, "totalCurrentAssets": 617574000, "longTermInvestments": 380000, "propertyPlantEquipment": 369953000, "otherAssets": 1280000, "totalAssets": 989187000, "accountsPayable": 199163000, "shortLongTermDebt": 18049000, "otherCurrentLiab": 42236000, "longTermDebt": 123408000, "otherLiab": 57529000, "totalCurrentLiabilities": 455424000, "totalLiab": 636361000, "commonStock": 48883000, "retainedEarnings": 128295000, "treasuryStock": 145473000, "capitalSurplus": 30175000, "otherStockholderEquity": 145473000, "totalStockholderEquity": 352826000, "netTangibleAssets": 352826000}, {"maxAge": 1, "endDate": "2018-03-31", "cash": 1125000, "shortTermInvestments": 1336000, "netReceivables": 328607000, "inventory": 239024000, "otherCurrentAssets": 85141000, "totalCurrentAssets": 655483000, "longTermInvestments": 380000, "propertyPlantEquipment": 374413000, "otherAssets": 6431000, "totalAssets": 1036707000, "accountsPayable": 211786000, "shortLongTermDebt": 16835000, "otherCurrentLiab": 35879000, "longTermDebt": 163560000, "otherLiab": 58077000, "totalCurrentLiabilities": 474803000, "totalLiab": 696440000, "commonStock": 48883000, "retainedEarnings": 115736000, "treasuryStock": 145473000, "capitalSurplus": 30175000, "otherStockholderEquity": 145473000, "totalStockholderEquity": 340267000, "netTangibleAssets": 340267000}, {"maxAge": 1, "endDate": "2017-03-31", "cash": 6571000, "shortTermInvestments": 1463000, "netReceivables": 349003000, "inventory": 228742000, "otherCurrentAssets": 33892000, "totalCurrentAssets": 620039000, "longTermInvestments": 380000, "propertyPlantEquipment": 386056000, "otherAssets": 6175000, "totalAssets": 1012650000, "accountsPayable": 210941000, "shortLongTermDebt": 19619000, "otherCurrentLiab": 40459000, "longTermDebt": 179540000, "otherLiab": 59999000, "totalCurrentLiabilities": 449980000, "totalLiab": 689519000, "commonStock": 48883000, "retainedEarnings": 98600000, "treasuryStock": 145473000, "capitalSurplus": 30175000, "otherStockholderEquity": 145473000, "totalStockholderEquity": 323131000, "netTangibleAssets": 323131000}], "maxAge": 86400}, "financialData": {"maxAge": 86400, "currentPrice": 39.95, "recommendationKey": "none", "grossProfits": 421885000, "financialCurrency": "INR"}}}