{"GUJHOTE.BO": {"cashflowStatementHistory": {"cashflowStatements": [{"maxAge": 1, "endDate": "2020-03-31", "netIncome": 42970512, "depreciation": 469458, "changeToNetincome": -16840160, "changeToAccountReceivables": 1331084, "changeToLiabilities": 428723, "totalCashFromOperatingActivities": 28359617, "investments": -12242420, "otherCashflowsFromInvestingActivities": 278394, "totalCashflowsFromInvestingActivities": -11775137, "dividendsPaid": -13256303, "otherCashflowsFromFinancingActivities": -2724873, "totalCashFromFinancingActivities": -15981176, "changeInCash": 603304}, {"maxAge": 1, "endDate": "2019-03-31", "netIncome": 40787619, "depreciation": 473636, "changeToNetincome": -18410605, "changeToAccountReceivables": -2815198, "changeToLiabilities": -1568800, "totalCashFromOperatingActivities": 18466652, "investments": -53807246, "otherCashflowsFromInvestingActivities": 3422302, "totalCashflowsFromInvestingActivities": -50376283, "dividendsPaid": -13256303, "otherCashflowsFromFinancingActivities": -2724873, "totalCashFromFinancingActivities": -15981176, "changeInCash": -47890807}, {"maxAge": 1, "endDate": "2018-03-31", "netIncome": 33690116, "depreciation": 475984, "changeToNetincome": -18124026, "changeToAccountReceivables": -90661, "changeToLiabilities": 1700052, "totalCashFromOperatingActivities": 17651465, "investments": -2924471, "otherCashflowsFromInvestingActivities": 4209457, "totalCashflowsFromInvestingActivities": 1343438, "dividendsPaid": -13256303, "otherCashflowsFromFinancingActivities": -2698671, "totalCashFromFinancingActivities": -15954974, "changeInCash": 3039929}, {"maxAge": 1, "endDate": "2017-03-31", "netIncome": 38648172, "depreciation": 475986, "changeToNetincome": -21846393, "changeToAccountReceivables": -2641081, "changeToLiabilities": 2225334, "totalCashFromOperatingActivities": 16862018, "investments": -366063, "otherCashflowsFromInvestingActivities": 4348136, "totalCashflowsFromInvestingActivities": 3982073, "dividendsPaid": -13256303, "otherCashflowsFromFinancingActivities": -2698671, "totalCashFromFinancingActivities": -15954974, "changeInCash": 4889117}], "maxAge": 86400}, "institutionOwnership": {"maxAge": 1, "ownershipList": []}, "balanceSheetHistoryQuarterly": {"balanceSheetStatements": [{"maxAge": 1, "endDate": "2020-09-30", "cash": 6837000, "shortTermInvestments": 333043000, "netReceivables": 6192000, "otherCurrentAssets": 614000, "totalCurrentAssets": 346686000, "propertyPlantEquipment": 13973000, "otherAssets": 6229000, "totalAssets": 366888000, "accountsPayable": 646000, "otherCurrentLiab": 11814000, "otherLiab": 16528000, "totalCurrentLiabilities": 13869000, "totalLiab": 30397000, "commonStock": 37875000, "retainedEarnings": 298616000, "totalStockholderEquity": 336491000, "netTangibleAssets": 336491000}, {"maxAge": 1, "endDate": "2020-06-30", "totalStockholderEquity": 333139000, "netTangibleAssets": 333139000}, {"maxAge": 1, "endDate": "2020-03-31", "cash": 1366343, "shortTermInvestments": 5028283, "netReceivables": 14673160, "otherCurrentAssets": 5767137, "totalCurrentAssets": 340436869, "propertyPlantEquipment": 14207403, "otherAssets": 4635646, "totalAssets": 359279918, "accountsPayable": 672886, "otherCurrentLiab": 5313983, "otherLiab": 15005005, "totalCurrentLiabilities": 11135390, "totalLiab": 26140395, "commonStock": 37875150, "retainedEarnings": 295264373, "totalStockholderEquity": 333139523, "netTangibleAssets": 333139523}, {"maxAge": 1, "endDate": "2019-12-31", "totalStockholderEquity": 310091000, "netTangibleAssets": 310091000}], "maxAge": 86400}, "indexTrend": {"maxAge": 1, "symbol": "SP5", "peRatio": 19.7411, "pegRatio": 1.34172, "estimates": [{"period": "0q", "growth": 0.549}, {"period": "+1q", "growth": 0.431}, {"period": "0y", "growth": 0.305}, {"period": "+1y", "growth": 0.109}, {"period": "+5y", "growth": 0.120859005}, {"period": "-5y"}]}, "insiderTransactions": {"transactions": [{"maxAge": 1, "shares": 3138, "filerUrl": "", "transactionText": "", "filerName": "Asia Advantage Fund", "filerRelation": "Institution- Corporation", "moneyText": "", "startDate": "2012-06-29", "ownership": "D"}], "maxAge": 1}, "quoteType": {"exchange": "BSE", "quoteType": "EQUITY", "symbol": "GUJHOTE.BO", "underlyingSymbol": "GUJHOTE.BO", "shortName": "GUJARAT HOTELS LTD.", "longName": "Gujarat Hotels Limited", "firstTradeDateEpochUtc": "2001-06-11 09:15:00", "timeZoneFullName": "Asia/Kolkata", "timeZoneShortName": "IST", "uuid": "5eb86461-717a-338e-a7e6-56baa3af5c70", "messageBoardId": null, "gmtOffSetMilliseconds": 19800000, "maxAge": 1}, "incomeStatementHistory": {"incomeStatementHistory": [{"maxAge": 1, "endDate": "2020-03-31", "totalRevenue": 37456606, "costOfRevenue": 797571, "grossProfit": 36659035, "researchDevelopment": {}, "sellingGeneralAdministrative": 160776, "nonRecurring": {}, "otherOperatingExpenses": 2850280, "totalOperatingExpenses": 4278085, "operatingIncome": 33178521, "totalOtherIncomeExpenseNet": 21734809, "ebit": 33178521, "interestExpense": {}, "incomeBeforeTax": 54913330, "incomeTaxExpense": 11942818, "minorityInterest": {}, "netIncomeFromContinuingOps": 42970512, "discontinuedOperations": {}, "extraordinaryItems": {}, "effectOfAccountingCharges": {}, "otherItems": {}, "netIncome": 42970512, "netIncomeApplicableToCommonShares": 42970512}, {"maxAge": 1, "endDate": "2019-03-31", "totalRevenue": 36986948, "costOfRevenue": 1208580, "grossProfit": 35778368, "researchDevelopment": {}, "sellingGeneralAdministrative": 159768, "nonRecurring": {}, "otherOperatingExpenses": 2948145, "totalOperatingExpenses": 4790129, "operatingIncome": 32196819, "totalOtherIncomeExpenseNet": 19625544, "ebit": 32196819, "interestExpense": {}, "incomeBeforeTax": 51822363, "incomeTaxExpense": 11034744, "minorityInterest": {}, "netIncomeFromContinuingOps": 40787619, "discontinuedOperations": {}, "extraordinaryItems": {}, "effectOfAccountingCharges": {}, "otherItems": {}, "netIncome": 40787619, "netIncomeApplicableToCommonShares": 40787619}, {"maxAge": 1, "endDate": "2018-03-31", "totalRevenue": 33098499, "costOfRevenue": 1094609, "grossProfit": 32003890, "researchDevelopment": {}, "sellingGeneralAdministrative": 158814, "nonRecurring": {}, "otherOperatingExpenses": 3175273, "totalOperatingExpenses": 4904680, "operatingIncome": 28193819, "totalOtherIncomeExpenseNet": 17119109, "ebit": 28193819, "interestExpense": {}, "incomeBeforeTax": 45312928, "incomeTaxExpense": 11622812, "minorityInterest": {}, "netIncomeFromContinuingOps": 33690116, "discontinuedOperations": {}, "extraordinaryItems": {}, "effectOfAccountingCharges": {}, "otherItems": {}, "netIncome": 33690116, "netIncomeApplicableToCommonShares": 33690116}, {"maxAge": 1, "endDate": "2017-03-31", "totalRevenue": 32511816, "costOfRevenue": 972700, "grossProfit": 31539116, "researchDevelopment": {}, "sellingGeneralAdministrative": 136968, "nonRecurring": {}, "otherOperatingExpenses": 2343822, "totalOperatingExpenses": 3929476, "operatingIncome": 28582340, "totalOtherIncomeExpenseNet": 18665139, "ebit": 28582340, "interestExpense": {}, "incomeBeforeTax": 47247479, "incomeTaxExpense": 8599307, "minorityInterest": {}, "netIncomeFromContinuingOps": 38648172, "discontinuedOperations": {}, "extraordinaryItems": {}, "effectOfAccountingCharges": {}, "otherItems": {}, "netIncome": 38648172, "netIncomeApplicableToCommonShares": 38648172}], "maxAge": 86400}, "fundOwnership": {"maxAge": 1, "ownershipList": []}, "summaryDetail": {"maxAge": 1, "priceHint": 2, "previousClose": 100.35, "open": 102.35, "dayLow": 100.35, "dayHigh": 102.35, "regularMarketPreviousClose": 100.35, "regularMarketOpen": 102.35, "regularMarketDayLow": 100.35, "regularMarketDayHigh": 102.35, "trailingPE": 10.814666, "volume": 183, "regularMarketVolume": 183, "averageVolume": 1020, "averageVolume10days": 572, "averageDailyVolume10Day": 572, "bid": 100.7, "ask": 102.75, "bidSize": 0, "askSize": 0, "marketCap": 387652672, "fiftyTwoWeekLow": 71.0, "fiftyTwoWeekHigh": 118.9, "fiftyDayAverage": 104.597145, "twoHundredDayAverage": 94.556206, "trailingAnnualDividendRate": 2.5, "trailingAnnualDividendYield": 0.024912806, "currency": "INR", "fromCurrency": null, "toCurrency": null, "lastMarket": null, "algorithm": null, "tradeable": false}, "incomeStatementHistoryQuarterly": {"incomeStatementHistory": [{"maxAge": 1, "endDate": "2020-09-30", "totalRevenue": 1564000, "costOfRevenue": 287000, "grossProfit": 1277000, "researchDevelopment": {}, "sellingGeneralAdministrative": {}, "nonRecurring": {}, "otherOperatingExpenses": 568000, "totalOperatingExpenses": 973000, "operatingIncome": 591000, "totalOtherIncomeExpenseNet": 4594000, "ebit": 591000, "interestExpense": {}, "incomeBeforeTax": 5185000, "incomeTaxExpense": 1153000, "minorityInterest": {}, "netIncomeFromContinuingOps": 4032000, "discontinuedOperations": {}, "extraordinaryItems": {}, "effectOfAccountingCharges": {}, "otherItems": {}, "netIncome": 4032000, "netIncomeApplicableToCommonShares": 4032000}, {"maxAge": 1, "endDate": "2020-06-30", "totalRevenue": 1500000, "costOfRevenue": 290000, "grossProfit": 1210000, "researchDevelopment": {}, "sellingGeneralAdministrative": {}, "nonRecurring": {}, "otherOperatingExpenses": 280000, "totalOperatingExpenses": 687000, "operatingIncome": 813000, "totalOtherIncomeExpenseNet": 8722000, "ebit": 813000, "interestExpense": {}, "incomeBeforeTax": 9535000, "incomeTaxExpense": 757000, "minorityInterest": {}, "netIncomeFromContinuingOps": 8778000, "discontinuedOperations": {}, "extraordinaryItems": {}, "effectOfAccountingCharges": {}, "otherItems": {}, "netIncome": 8778000, "netIncomeApplicableToCommonShares": 8778000}, {"maxAge": 1, "endDate": "2020-03-31", "totalRevenue": 9279606, "costOfRevenue": 292571, "grossProfit": 8987035, "researchDevelopment": {}, "sellingGeneralAdministrative": 160776, "nonRecurring": {}, "otherOperatingExpenses": 540280, "totalOperatingExpenses": 1110085, "operatingIncome": 8169521, "totalOtherIncomeExpenseNet": 4940809, "ebit": 8169521, "interestExpense": {}, "incomeBeforeTax": 13110330, "incomeTaxExpense": 965818, "minorityInterest": {}, "netIncomeFromContinuingOps": 12144512, "discontinuedOperations": {}, "extraordinaryItems": {}, "effectOfAccountingCharges": {}, "otherItems": {}, "netIncome": 12144512, "netIncomeApplicableToCommonShares": 12144512}, {"maxAge": 1, "endDate": "2019-12-31", "totalRevenue": 10324000, "costOfRevenue": 124000, "grossProfit": 10200000, "researchDevelopment": {}, "sellingGeneralAdministrative": 160776, "nonRecurring": {}, "otherOperatingExpenses": 621000, "totalOperatingExpenses": 863000, "operatingIncome": 9461000, "totalOtherIncomeExpenseNet": 5520000, "ebit": 9461000, "interestExpense": {}, "incomeBeforeTax": 14981000, "incomeTaxExpense": 4077000, "minorityInterest": {}, "netIncomeFromContinuingOps": 10904000, "discontinuedOperations": {}, "extraordinaryItems": {}, "effectOfAccountingCharges": {}, "otherItems": {}, "netIncome": 10904000, "netIncomeApplicableToCommonShares": 10904000}], "maxAge": 86400}, "cashflowStatementHistoryQuarterly": {"cashflowStatements": [{"maxAge": 1, "endDate": "2020-09-30", "netIncome": 4032000, "changeToLiabilities": 0}, {"maxAge": 1, "endDate": "2020-06-30", "netIncome": 8778000, "changeToLiabilities": 0}, {"maxAge": 1, "endDate": "2020-03-31", "netIncome": 12144512, "changeToLiabilities": 0}, {"maxAge": 1, "endDate": "2019-12-31", "netIncome": 10904000, "changeToLiabilities": 0}], "maxAge": 86400}, "insiderHolders": {"holders": [{"maxAge": 1, "name": "Asia Advantage Fund", "relation": "Institution- Corporation", "url": "", "transactionDescription": "Acquisition", "latestTransDate": "2012-06-29", "positionDirect": 191705, "positionDirectDate": "2012-06-29"}], "maxAge": 1}, "calendarEvents": {"maxAge": 1, "earnings": {"earningsDate": ["2020-10-14 05:30:S"]}}, "price": {"maxAge": 1, "regularMarketChangePercent": 0.019930245, "regularMarketChange": 2.0, "regularMarketTime": "2021-04-30 15:21:54", "priceHint": 2, "regularMarketPrice": 102.35, "regularMarketDayHigh": 102.35, "regularMarketDayLow": 100.35, "regularMarketVolume": 183, "averageDailyVolume10Day": 572, "averageDailyVolume3Month": 1020, "regularMarketPreviousClose": 100.35, "regularMarketSource": "FREE_REALTIME", "regularMarketOpen": 102.35, "exchange": "BSE", "exchangeName": "BSE", "exchangeDataDelayedBy": 0, "marketState": "CLOSED", "quoteType": "EQUITY", "symbol": "GUJHOTE.BO", "underlyingSymbol": null, "shortName": "GUJARAT HOTELS LTD.", "longName": "Gujarat Hotels Limited", "currency": "INR", "quoteSourceName": "Delayed Quote", "currencySymbol": "\u20b9", "fromCurrency": null, "toCurrency": null, "lastMarket": null, "marketCap": 387652672}, "balanceSheetHistory": {"balanceSheetStatements": [{"maxAge": 1, "endDate": "2020-03-31", "cash": 1366343, "shortTermInvestments": 5028283, "netReceivables": 14673160, "otherCurrentAssets": 5767137, "totalCurrentAssets": 340436869, "propertyPlantEquipment": 14207403, "otherAssets": 4635646, "totalAssets": 359279918, "accountsPayable": 672886, "otherCurrentLiab": 5313983, "otherLiab": 15005005, "totalCurrentLiabilities": 11135390, "totalLiab": 26140395, "commonStock": 37875150, "retainedEarnings": 295264373, "totalStockholderEquity": 333139523, "netTangibleAssets": 333139523}, {"maxAge": 1, "endDate": "2019-03-31", "cash": 763039, "shortTermInvestments": 4566316, "netReceivables": 16468661, "otherCurrentAssets": 5927420, "totalCurrentAssets": 308020330, "propertyPlantEquipment": 14695652, "otherAssets": 6672434, "totalAssets": 329388416, "accountsPayable": 483074, "otherCurrentLiab": 5489856, "otherLiab": 12144471, "totalCurrentLiabilities": 11093758, "totalLiab": 23238229, "commonStock": 37875150, "retainedEarnings": 268275037, "totalStockholderEquity": 306150187, "netTangibleAssets": 306150187}, {"maxAge": 1, "endDate": "2018-03-31", "cash": 900355, "shortTermInvestments": 51892267, "netReceivables": 16364592, "otherCurrentAssets": 5835464, "totalCurrentAssets": 283475635, "propertyPlantEquipment": 15623727, "otherAssets": 7609451, "totalAssets": 306708813, "accountsPayable": 395920, "otherCurrentLiab": 5429140, "otherLiab": 12634992, "totalCurrentLiabilities": 12730077, "totalLiab": 25365069, "commonStock": 37875150, "retainedEarnings": 243468594, "totalStockholderEquity": 281343744, "netTangibleAssets": 281343744}, {"maxAge": 1, "endDate": "2017-03-31", "cash": 1544655, "shortTermInvestments": 48260455, "netReceivables": 16832705, "otherCurrentAssets": 5559294, "totalCurrentAssets": 264218727, "propertyPlantEquipment": 16126011, "otherAssets": 4715328, "totalAssets": 285060066, "accountsPayable": 2005605, "otherCurrentLiab": 5168576, "otherLiab": 10059643, "totalCurrentLiabilities": 10994308, "totalLiab": 21053951, "commonStock": 37875150, "retainedEarnings": 226130965, "totalStockholderEquity": 264006115, "netTangibleAssets": 264006115}], "maxAge": 86400}, "financialData": {"maxAge": 86400, "currentPrice": 102.35, "recommendationKey": "none", "grossProfits": 36659035, "financialCurrency": "INR"}}}