{"GUJPETR.BO": {"cashflowStatementHistory": {"cashflowStatements": [{"maxAge": 1, "endDate": "2020-03-31", "netIncome": 20228000, "depreciation": 2512000, "changeToNetincome": -36283000, "changeToAccountReceivables": 4893000, "changeToLiabilities": -7018000, "changeToInventory": -2349000, "changeToOperatingActivities": 167721000, "totalCashFromOperatingActivities": 149704000, "capitalExpenditures": -2613000, "investments": -149664000, "otherCashflowsFromInvestingActivities": 12130000, "totalCashflowsFromInvestingActivities": -105904000, "netBorrowings": -5000, "otherCashflowsFromFinancingActivities": -7000, "totalCashFromFinancingActivities": -12000, "changeInCash": 42798000}, {"maxAge": 1, "endDate": "2019-03-31", "netIncome": 245371000, "depreciation": 2336000, "changeToNetincome": -337928000, "changeToAccountReceivables": -6698000, "changeToLiabilities": 4794000, "changeToInventory": 3270000, "changeToOperatingActivities": -255616000, "totalCashFromOperatingActivities": -344471000, "capitalExpenditures": -2670000, "investments": 200000, "otherCashflowsFromInvestingActivities": 2261000, "totalCashflowsFromInvestingActivities": 359809000, "netBorrowings": -20786000, "otherCashflowsFromFinancingActivities": -1161000, "totalCashFromFinancingActivities": -21947000, "changeInCash": -6609000}, {"maxAge": 1, "endDate": "2018-03-31", "netIncome": -4728000, "depreciation": 2272000, "changeToNetincome": -29445000, "changeToAccountReceivables": 3879000, "changeToLiabilities": -224000, "changeToInventory": 9366000, "changeToOperatingActivities": 15812000, "totalCashFromOperatingActivities": -3068000, "capitalExpenditures": -676000, "investments": -10683000, "otherCashflowsFromInvestingActivities": -144000, "totalCashflowsFromInvestingActivities": 11973000, "netBorrowings": 7264000, "otherCashflowsFromFinancingActivities": -1022000, "totalCashFromFinancingActivities": 6242000, "changeInCash": 15147000}, {"maxAge": 1, "endDate": "2017-03-31", "netIncome": 9848000, "depreciation": 6575000, "changeToNetincome": -43452000, "changeToAccountReceivables": -1554000, "changeToLiabilities": -3404000, "changeToInventory": -36000, "changeToOperatingActivities": -12018000, "totalCashFromOperatingActivities": -44041000, "capitalExpenditures": -9497000, "investments": 2116000, "otherCashflowsFromInvestingActivities": 1570000, "totalCashflowsFromInvestingActivities": 84336000, "netBorrowings": -41525000, "otherCashflowsFromFinancingActivities": -2591000, "totalCashFromFinancingActivities": -44116000, "changeInCash": -3821000}], "maxAge": 86400}, "institutionOwnership": {"maxAge": 1, "ownershipList": []}, "balanceSheetHistoryQuarterly": {"balanceSheetStatements": [{"maxAge": 1, "endDate": "2020-06-30", "totalStockholderEquity": 383968000, "netTangibleAssets": 383968000}, {"maxAge": 1, "endDate": "2020-03-31", "cash": 61037000, "shortTermInvestments": 80030000, "netReceivables": 28693000, "inventory": 8481000, "otherCurrentAssets": 7426000, "totalCurrentAssets": 186089000, "longTermInvestments": 164938000, "propertyPlantEquipment": 21701000, "otherAssets": 20468000, "totalAssets": 393196000, "accountsPayable": 10556000, "otherCurrentLiab": 2717000, "otherLiab": -4426000, "totalCurrentLiabilities": 13654000, "totalLiab": 9228000, "commonStock": 59692000, "retainedEarnings": 302526000, "treasuryStock": 1750000, "capitalSurplus": 20000000, "otherStockholderEquity": 1750000, "totalStockholderEquity": 383968000, "netTangibleAssets": 383968000}, {"maxAge": 1, "endDate": "2019-12-31", "totalStockholderEquity": 379909000, "netTangibleAssets": 379909000}, {"maxAge": 1, "endDate": "2019-09-30", "cash": 13336000, "shortTermInvestments": 214898000, "netReceivables": 19601000, "inventory": 6733000, "otherCurrentAssets": 5991000, "totalCurrentAssets": 260559000, "longTermInvestments": 83796000, "propertyPlantEquipment": 22124000, "otherAssets": 21953000, "totalAssets": 388432000, "accountsPayable": 9878000, "otherCurrentLiab": 3386000, "otherLiab": -4741000, "totalCurrentLiabilities": 13264000, "totalLiab": 8523000, "commonStock": 59692000, "treasuryStock": 320217000, "otherStockholderEquity": 320217000, "totalStockholderEquity": 379909000, "netTangibleAssets": 379909000}], "maxAge": 86400}, "indexTrend": {"maxAge": 1, "symbol": "SP5", "peRatio": 19.7411, "pegRatio": 1.34172, "estimates": [{"period": "0q", "growth": 0.549}, {"period": "+1q", "growth": 0.431}, {"period": "0y", "growth": 0.305}, {"period": "+1y", "growth": 0.109}, {"period": "+5y", "growth": 0.120859005}, {"period": "-5y"}]}, "insiderTransactions": {"transactions": [{"maxAge": 1, "shares": 55770, "filerUrl": "", "transactionText": "", "filerName": "Mehta (Nergis)", "filerRelation": "Promoter", "moneyText": "", "startDate": "2019-03-22", "ownership": "D"}, {"maxAge": 1, "shares": 422370, "filerUrl": "", "transactionText": "", "filerName": "Multichem Pvt Ltd", "filerRelation": "Promoter", "moneyText": "", "startDate": "2019-03-22", "ownership": "D"}, {"maxAge": 1, "shares": 143519, "filerUrl": "", "transactionText": "", "filerName": "Mehta (Hemchandra)", "filerRelation": "Promoter", "moneyText": "", "startDate": "2018-11-30", "ownership": "D"}, {"maxAge": 1, "shares": 82321, "filerUrl": "", "transactionText": "", "filerName": "Mehta (Mrinalini)", "filerRelation": "Promoter", "moneyText": "", "startDate": "2018-11-30", "ownership": "D"}, {"maxAge": 1, "shares": 226035, "filerUrl": "", "transactionText": "", "filerName": "Thakkar (Rameshchandra Maganlal)", "filerRelation": "Promoter", "moneyText": "", "startDate": "2018-11-30", "ownership": "D"}], "maxAge": 1}, "quoteType": {"exchange": "BSE", "quoteType": "EQUITY", "symbol": "GUJPETR.BO", "underlyingSymbol": "GUJPETR.BO", "shortName": "GUJARAT PETROSYNTHESE LTD.", "longName": "Gujarat Petrosynthese Limited", "firstTradeDateEpochUtc": "2000-01-03 09:15:00", "timeZoneFullName": "Asia/Kolkata", "timeZoneShortName": "IST", "uuid": "50d19363-5fea-3d74-abed-abe6ef2d7715", "messageBoardId": null, "gmtOffSetMilliseconds": 19800000, "maxAge": 1}, "incomeStatementHistory": {"incomeStatementHistory": [{"maxAge": 1, "endDate": "2020-03-31", "totalRevenue": 202793000, "costOfRevenue": 167309000, "grossProfit": 35484000, "researchDevelopment": {}, "sellingGeneralAdministrative": 28456000, "nonRecurring": {}, "otherOperatingExpenses": 19191000, "totalOperatingExpenses": 217468000, "operatingIncome": -14675000, "totalOtherIncomeExpenseNet": 35549000, "ebit": -14675000, "interestExpense": -7000, "incomeBeforeTax": 20874000, "incomeTaxExpense": 646000, "minorityInterest": {}, "netIncomeFromContinuingOps": 20228000, "discontinuedOperations": {}, "extraordinaryItems": {}, "effectOfAccountingCharges": {}, "otherItems": {}, "netIncome": 20228000, "netIncomeApplicableToCommonShares": 20228000}, {"maxAge": 1, "endDate": "2019-03-31", "totalRevenue": 223270000, "costOfRevenue": 187067000, "grossProfit": 36203000, "researchDevelopment": {}, "sellingGeneralAdministrative": 29573000, "nonRecurring": {}, "otherOperatingExpenses": 27517000, "totalOperatingExpenses": 246493000, "operatingIncome": -23223000, "totalOtherIncomeExpenseNet": 336053000, "ebit": -23223000, "interestExpense": -1162000, "incomeBeforeTax": 312830000, "incomeTaxExpense": 67459000, "minorityInterest": {}, "netIncomeFromContinuingOps": 245371000, "discontinuedOperations": {}, "extraordinaryItems": {}, "effectOfAccountingCharges": {}, "otherItems": {}, "netIncome": 245371000, "netIncomeApplicableToCommonShares": 245371000}, {"maxAge": 1, "endDate": "2018-03-31", "totalRevenue": 189864000, "costOfRevenue": 169000000, "grossProfit": 20864000, "researchDevelopment": {}, "sellingGeneralAdministrative": 28013000, "nonRecurring": {}, "otherOperatingExpenses": 25680000, "totalOperatingExpenses": 224965000, "operatingIncome": -35101000, "totalOtherIncomeExpenseNet": 21487000, "ebit": -35101000, "interestExpense": -1022000, "incomeBeforeTax": -13614000, "incomeTaxExpense": -8886000, "minorityInterest": {}, "netIncomeFromContinuingOps": -4728000, "discontinuedOperations": {}, "extraordinaryItems": {}, "effectOfAccountingCharges": {}, "otherItems": {}, "netIncome": -4728000, "netIncomeApplicableToCommonShares": -4728000}, {"maxAge": 1, "endDate": "2017-03-31", "totalRevenue": 177112000, "costOfRevenue": 149665000, "grossProfit": 27447000, "researchDevelopment": {}, "sellingGeneralAdministrative": 24932000, "nonRecurring": {}, "otherOperatingExpenses": 30445000, "totalOperatingExpenses": 211617000, "operatingIncome": -34505000, "totalOtherIncomeExpenseNet": 48086000, "ebit": -34505000, "interestExpense": -2591000, "incomeBeforeTax": 13581000, "incomeTaxExpense": 3733000, "minorityInterest": {}, "netIncomeFromContinuingOps": 9848000, "discontinuedOperations": {}, "extraordinaryItems": {}, "effectOfAccountingCharges": {}, "otherItems": {}, "netIncome": 9848000, "netIncomeApplicableToCommonShares": 9848000}], "maxAge": 86400}, "fundOwnership": {"maxAge": 1, "ownershipList": []}, "summaryDetail": {"maxAge": 1, "priceHint": 2, "previousClose": 37.0, "open": 37.0, "dayLow": 36.3, "dayHigh": 37.0, "regularMarketPreviousClose": 37.0, "regularMarketOpen": 37.0, "regularMarketDayLow": 36.3, "regularMarketDayHigh": 37.0, "trailingPE": 50.557102, "volume": 222, "regularMarketVolume": 222, "averageVolume": 234, "averageVolume10days": 88, "averageDailyVolume10Day": 88, "bid": 36.3, "ask": 37.6, "bidSize": 0, "askSize": 0, "marketCap": 216680864, "fiftyTwoWeekLow": 5.3, "fiftyTwoWeekHigh": 37.0, "fiftyDayAverage": 13.447143, "twoHundredDayAverage": 15.164233, "currency": "INR", "fromCurrency": null, "toCurrency": null, "lastMarket": null, "algorithm": null, "tradeable": false}, "incomeStatementHistoryQuarterly": {"incomeStatementHistory": [{"maxAge": 1, "endDate": "2020-06-30", "totalRevenue": 11704000, "costOfRevenue": 8270000, "grossProfit": 3434000, "researchDevelopment": {}, "sellingGeneralAdministrative": 5319000, "nonRecurring": {}, "otherOperatingExpenses": 2650000, "totalOperatingExpenses": 16743000, "operatingIncome": -5039000, "totalOtherIncomeExpenseNet": 3203000, "ebit": -5039000, "interestExpense": {}, "incomeBeforeTax": -1836000, "incomeTaxExpense": 44000, "minorityInterest": {}, "netIncomeFromContinuingOps": -1880000, "discontinuedOperations": {}, "extraordinaryItems": {}, "effectOfAccountingCharges": {}, "otherItems": {}, "netIncome": -1880000, "netIncomeApplicableToCommonShares": -1880000}, {"maxAge": 1, "endDate": "2020-03-31", "totalRevenue": 44476000, "costOfRevenue": 38447000, "grossProfit": 6029000, "researchDevelopment": {}, "sellingGeneralAdministrative": 9875000, "nonRecurring": {}, "otherOperatingExpenses": 1845000, "totalOperatingExpenses": 50800000, "operatingIncome": -6324000, "totalOtherIncomeExpenseNet": 26023000, "ebit": -6324000, "interestExpense": {}, "incomeBeforeTax": 19699000, "incomeTaxExpense": -396000, "minorityInterest": {}, "netIncomeFromContinuingOps": 20095000, "discontinuedOperations": {}, "extraordinaryItems": {}, "effectOfAccountingCharges": {}, "otherItems": {}, "netIncome": 20095000, "netIncomeApplicableToCommonShares": 20095000}, {"maxAge": 1, "endDate": "2019-12-31", "totalRevenue": 52643000, "costOfRevenue": 41487000, "grossProfit": 11156000, "researchDevelopment": {}, "sellingGeneralAdministrative": 6081000, "nonRecurring": {}, "otherOperatingExpenses": 5623000, "totalOperatingExpenses": 53933000, "operatingIncome": -1290000, "totalOtherIncomeExpenseNet": 3277000, "ebit": -1290000, "interestExpense": -6000, "incomeBeforeTax": 1987000, "incomeTaxExpense": 82000, "minorityInterest": {}, "netIncomeFromContinuingOps": 1905000, "discontinuedOperations": {}, "extraordinaryItems": {}, "effectOfAccountingCharges": {}, "otherItems": {}, "netIncome": 1905000, "netIncomeApplicableToCommonShares": 1905000}, {"maxAge": 1, "endDate": "2019-09-30", "totalRevenue": 52719000, "costOfRevenue": 43319000, "grossProfit": 9400000, "researchDevelopment": {}, "sellingGeneralAdministrative": 6282000, "nonRecurring": {}, "otherOperatingExpenses": 6049000, "totalOperatingExpenses": 56141000, "operatingIncome": -3422000, "totalOtherIncomeExpenseNet": 3005000, "ebit": -3422000, "interestExpense": -21000, "incomeBeforeTax": -417000, "incomeTaxExpense": 417000, "minorityInterest": {}, "netIncomeFromContinuingOps": -834000, "discontinuedOperations": {}, "extraordinaryItems": {}, "effectOfAccountingCharges": {}, "otherItems": {}, "netIncome": -834000, "netIncomeApplicableToCommonShares": -834000}], "maxAge": 86400}, "cashflowStatementHistoryQuarterly": {"cashflowStatements": [{"maxAge": 1, "endDate": "2020-06-30", "netIncome": -1880000, "changeToLiabilities": 0}, {"maxAge": 1, "endDate": "2020-03-31", "netIncome": 20095000, "changeToLiabilities": 0}, {"maxAge": 1, "endDate": "2019-12-31", "netIncome": 1905000, "changeToLiabilities": 0}, {"maxAge": 1, "endDate": "2019-09-30", "netIncome": -834000, "changeToLiabilities": 0}], "maxAge": 86400}, "insiderHolders": {"holders": [{"maxAge": 1, "name": "Mehta (Hemchandra)", "relation": "Promoter", "url": "", "transactionDescription": "Gift", "latestTransDate": "2018-11-30", "positionDirect": 0, "positionDirectDate": "2018-11-30"}, {"maxAge": 1, "name": "Mehta (Mrinalini)", "relation": "Promoter", "url": "", "transactionDescription": "Gift", "latestTransDate": "2018-11-30", "positionDirect": 0, "positionDirectDate": "2018-11-30"}, {"maxAge": 1, "name": "Mehta (Nergis)", "relation": "Promoter", "url": "", "transactionDescription": "Sale", "latestTransDate": "2019-03-22", "positionDirect": 0, "positionDirectDate": "2019-03-22"}, {"maxAge": 1, "name": "Multichem Pvt Ltd", "relation": "Promoter", "url": "", "transactionDescription": "Purchase", "latestTransDate": "2019-03-22", "positionDirect": 456914, "positionDirectDate": "2019-03-22"}, {"maxAge": 1, "name": "Thakkar (Rameshchandra Maganlal)", "relation": "Promoter", "url": "", "transactionDescription": "Gift", "latestTransDate": "2018-11-30", "positionDirect": 239711, "positionDirectDate": "2018-11-30"}], "maxAge": 1}, "calendarEvents": {"maxAge": 1, "earnings": {"earningsDate": ["2020-06-30 05:30:S"]}}, "price": {"maxAge": 1, "regularMarketChangePercent": -0.018918939, "regularMarketChange": -0.70000076, "regularMarketTime": "2021-04-30 12:22:37", "priceHint": 2, "regularMarketPrice": 36.3, "regularMarketDayHigh": 37.0, "regularMarketDayLow": 36.3, "regularMarketVolume": 222, "averageDailyVolume10Day": 88, "averageDailyVolume3Month": 234, "regularMarketPreviousClose": 37.0, "regularMarketSource": "FREE_REALTIME", "regularMarketOpen": 37.0, "exchange": "BSE", "exchangeName": "BSE", "exchangeDataDelayedBy": 0, "marketState": "CLOSED", "quoteType": "EQUITY", "symbol": "GUJPETR.BO", "underlyingSymbol": null, "shortName": "GUJARAT PETROSYNTHESE LTD.", "longName": "Gujarat Petrosynthese Limited", "currency": "INR", "quoteSourceName": "Delayed Quote", "currencySymbol": "\u20b9", "fromCurrency": null, "toCurrency": null, "lastMarket": null, "marketCap": 216680864}, "balanceSheetHistory": {"balanceSheetStatements": [{"maxAge": 1, "endDate": "2020-03-31", "cash": 61037000, "shortTermInvestments": 80030000, "netReceivables": 28693000, "inventory": 8481000, "otherCurrentAssets": 7426000, "totalCurrentAssets": 186089000, "longTermInvestments": 164938000, "propertyPlantEquipment": 21701000, "otherAssets": 20468000, "totalAssets": 393196000, "accountsPayable": 10556000, "otherCurrentLiab": 2717000, "otherLiab": -4426000, "totalCurrentLiabilities": 13654000, "totalLiab": 9228000, "commonStock": 59692000, "retainedEarnings": 302526000, "treasuryStock": 1750000, "capitalSurplus": 20000000, "otherStockholderEquity": 1750000, "totalStockholderEquity": 383968000, "netTangibleAssets": 383968000}, {"maxAge": 1, "endDate": "2019-03-31", "cash": 18237000, "shortTermInvestments": 323171000, "netReceivables": 25405000, "inventory": 6132000, "otherCurrentAssets": 11258000, "totalCurrentAssets": 384444000, "longTermInvestments": 31265000, "propertyPlantEquipment": 21601000, "otherAssets": 23547000, "totalAssets": 460857000, "accountsPayable": 17574000, "otherCurrentLiab": 3835000, "otherLiab": -4085000, "totalCurrentLiabilities": 86686000, "totalLiab": 82601000, "commonStock": 59692000, "retainedEarnings": 296814000, "treasuryStock": 1750000, "capitalSurplus": 20000000, "otherStockholderEquity": 1750000, "totalStockholderEquity": 378256000, "netTangibleAssets": 378256000}, {"maxAge": 1, "endDate": "2018-03-31", "cash": 24847000, "shortTermInvestments": 7898000, "netReceivables": 18425000, "inventory": 9402000, "otherCurrentAssets": 12563000, "totalCurrentAssets": 73380000, "longTermInvestments": 29245000, "propertyPlantEquipment": 46133000, "otherAssets": 22032000, "totalAssets": 170790000, "accountsPayable": 12780000, "otherCurrentLiab": 5324000, "otherLiab": -696000, "totalCurrentLiabilities": 39409000, "totalLiab": 38713000, "commonStock": 59692000, "retainedEarnings": 50635000, "treasuryStock": 1750000, "capitalSurplus": 20000000, "otherStockholderEquity": 1750000, "totalStockholderEquity": 132077000, "netTangibleAssets": 132077000}, {"maxAge": 1, "endDate": "2017-03-31", "cash": 13301000, "shortTermInvestments": 21839000, "netReceivables": 25233000, "inventory": 18769000, "otherCurrentAssets": 9328000, "totalCurrentAssets": 100178000, "longTermInvestments": 7712000, "propertyPlantEquipment": 47729000, "otherAssets": 23363000, "totalAssets": 178982000, "accountsPayable": 12919000, "otherCurrentLiab": 6328000, "otherLiab": 5330000, "totalCurrentLiabilities": 36412000, "totalLiab": 41742000, "commonStock": 59692000, "retainedEarnings": 55799000, "treasuryStock": 1749000, "capitalSurplus": 20000000, "otherStockholderEquity": 1749000, "totalStockholderEquity": 137240000, "netTangibleAssets": 137240000}], "maxAge": 86400}, "financialData": {"maxAge": 86400, "currentPrice": 36.3, "recommendationKey": "none", "grossProfits": 35484000, "financialCurrency": "INR"}}}