{"GUJRAFFIA.NS": {"assetProfile": {"address1": "Plot No. 455", "address2": "Santej Vadsar Road Village: Santej Taluka: Kalol", "city": "Gandhinagar", "zip": "382721", "country": "India", "phone": "91 27 6428 6632", "fax": "91 27 6428 6652", "website": "http://www.griltarp.com", "industry": "", "sector": "", "longBusinessSummary": "Gujarat Raffia Industries Limited manufactures and sells polyethylene tarpaulins, high density polyethylene (HDPE)/polypropylene (PP) woven sacks, and fabrics in India. It also offers PE tarpaulins, plastic and ground sheetings, geomembranes, tents, shelters, pond and canal linings, fumigation covers, HDPE and PP woven bags, azolla beds, grow bags, weed mats, vermibed and ropes, etc. The company also exports its products worldwide. Gujarat Raffia Industries Limited was founded in 1984 and is based in Gandhinagar, India.", "fullTimeEmployees": 85, "companyOfficers": [{"maxAge": 1, "name": "Mr. Pradeep Ratanlal Bhutoria", "age": 61, "title": "Chairman & MD", "yearBorn": 1959, "exercisedValue": 0, "unexercisedValue": 0}, {"maxAge": 1, "name": "Mr. Ramaakant R. Pandey", "title": "Chief Financial Officer", "fiscalYear": 2020, "totalPay": 420000, "exercisedValue": 0, "unexercisedValue": 0}, {"maxAge": 1, "name": "Ms. Sushma Pradeep Bhutoria", "age": 58, "title": "Whole Time Director", "yearBorn": 1962, "exercisedValue": 0, "unexercisedValue": 0}, {"maxAge": 1, "name": "Mr. Abhishek Pradeepkumar Bhutoria", "age": 30, "title": "Exec. Director", "yearBorn": 1990, "exercisedValue": 0, "unexercisedValue": 0}, {"maxAge": 1, "name": "Mr. Dhaval  Patel", "title": "Company Sec. & Compliance Officer", "exercisedValue": 0, "unexercisedValue": 0}, {"maxAge": 1, "name": "Mr. Kashyap Rajendrabhai Mehta", "age": 60, "title": "Company Law Consultant", "yearBorn": 1960, "exercisedValue": 0, "unexercisedValue": 0}], "compensationAsOfEpochDate": "2020-12-31 05:30:00", "maxAge": 86400}, "cashflowStatementHistory": {"cashflowStatements": [{"maxAge": 1, "endDate": "2020-03-31", "netIncome": 3281665, "depreciation": 12087812, "changeToNetincome": 2527200, "changeToAccountReceivables": 53646352, "changeToLiabilities": -14118302, "changeToInventory": 33319020, "changeToOperatingActivities": 1193782, "totalCashFromOperatingActivities": 92167966, "capitalExpenditures": -6641254, "otherCashflowsFromInvestingActivities": 507016, "totalCashflowsFromInvestingActivities": -6134238, "netBorrowings": -102168809, "otherCashflowsFromFinancingActivities": -2767727, "totalCashFromFinancingActivities": -104936536, "changeInCash": -18902807}, {"maxAge": 1, "endDate": "2019-03-31", "netIncome": 9215300, "depreciation": 10651382, "changeToNetincome": 8971014, "changeToAccountReceivables": -9777323, "changeToLiabilities": 28135439, "changeToInventory": -8515360, "changeToOperatingActivities": -40632496, "totalCashFromOperatingActivities": -5560886, "capitalExpenditures": -4530261, "otherCashflowsFromInvestingActivities": 522898, "totalCashflowsFromInvestingActivities": -4007363, "netBorrowings": 30310271, "otherCashflowsFromFinancingActivities": 5881211, "totalCashFromFinancingActivities": 36191482, "changeInCash": 26623233}, {"maxAge": 1, "endDate": "2018-03-31", "netIncome": 8517455, "depreciation": 12102784, "changeToNetincome": 11265478, "changeToAccountReceivables": 8079559, "changeToLiabilities": -1831545, "changeToInventory": 10023581, "changeToOperatingActivities": -17451871, "totalCashFromOperatingActivities": 34654337, "capitalExpenditures": -845140, "otherCashflowsFromInvestingActivities": 77148, "totalCashflowsFromInvestingActivities": -767992, "netBorrowings": -2520138, "otherCashflowsFromFinancingActivities": -7773785, "totalCashFromFinancingActivities": -10293923, "changeInCash": 23592422}, {"maxAge": 1, "endDate": "2017-03-31", "netIncome": 7825677, "depreciation": 17104477, "changeToNetincome": 12662495, "changeToAccountReceivables": -18860835, "changeToLiabilities": 53220367, "changeToInventory": 11784270, "changeToOperatingActivities": -17451871, "totalCashFromOperatingActivities": 83736451, "capitalExpenditures": -145639, "investments": 500500, "otherCashflowsFromInvestingActivities": 445115, "totalCashflowsFromInvestingActivities": 799976, "netBorrowings": -74133120, "otherCashflowsFromFinancingActivities": -13603038, "totalCashFromFinancingActivities": -87736158, "changeInCash": -3199731}], "maxAge": 86400}, "institutionOwnership": {"ownershipList": [], "maxAge": 1}, "majorHoldersBreakdown": {"maxAge": 1, "insidersPercentHeld": 0.41702, "institutionsPercentHeld": 0.0, "institutionsFloatPercentHeld": 0.0, "institutionsCount": 0}, "balanceSheetHistoryQuarterly": {"balanceSheetStatements": [{"maxAge": 1, "endDate": "2020-12-31", "totalStockholderEquity": 172167000, "netTangibleAssets": 172167000}, {"maxAge": 1, "endDate": "2020-09-30", "cash": 9216700, "shortTermInvestments": 62000000, "netReceivables": 59780100, "inventory": 14246200, "otherCurrentAssets": 12186100, "totalCurrentAssets": 157429100, "propertyPlantEquipment": 86563000, "otherAssets": 100, "totalAssets": 243992200, "accountsPayable": 19957500, "otherCurrentLiab": 36580600, "longTermDebt": 7127000, "otherLiab": 100, "totalCurrentLiabilities": 64698100, "totalLiab": 71825200, "commonStock": 54045000, "treasuryStock": 118122000, "otherStockholderEquity": 118122000, "totalStockholderEquity": 172167000, "netTangibleAssets": 172167000}, {"maxAge": 1, "endDate": "2020-06-30", "totalStockholderEquity": 167817900, "netTangibleAssets": 167817900}, {"maxAge": 1, "endDate": "2020-03-31", "cash": 31368076, "shortTermInvestments": 4059930, "netReceivables": 54044437, "inventory": 61647342, "otherCurrentAssets": 15118022, "totalCurrentAssets": 166237807, "propertyPlantEquipment": 90285998, "totalAssets": 256523805, "accountsPayable": 31404187, "otherCurrentLiab": 40034292, "longTermDebt": 7728996, "otherLiab": 2704778, "totalCurrentLiabilities": 78272109, "totalLiab": 88705883, "commonStock": 54045000, "retainedEarnings": 100998948, "treasuryStock": 2530849, "capitalSurplus": 10243125, "otherStockholderEquity": 2530849, "totalStockholderEquity": 167817922, "netTangibleAssets": 167817922}], "maxAge": 86400}, "indexTrend": {"maxAge": 1, "symbol": "SP5", "peRatio": 19.7411, "pegRatio": 1.34172, "estimates": [{"period": "0q", "growth": 0.549}, {"period": "+1q", "growth": 0.431}, {"period": "0y", "growth": 0.305}, {"period": "+1y", "growth": 0.109}, {"period": "+5y", "growth": 0.120865}, {"period": "-5y"}]}, "defaultKeyStatistics": {"maxAge": 1, "priceHint": 2, "enterpriseValue": 175053216, "profitMargins": 0.01307, "floatShares": 2945251, "heldPercentInsiders": 0.41702, "heldPercentInstitutions": 0.0, "beta": 1.371859, "category": null, "bookValue": 31.407, "priceToBook": 1.3516096, "fundFamily": null, "legalType": null, "lastFiscalYearEnd": "2020-03-31 05:30:00", "nextFiscalYearEnd": "2022-03-31 05:30:00", "mostRecentQuarter": "2020-12-31 05:30:00", "earningsQuarterlyGrowth": 0.491, "netIncomeToCommon": 4630665, "trailingEps": 0.861, "lastSplitFactor": null, "enterpriseToRevenue": 0.494, "enterpriseToEbitda": 7.38}, "summaryProfile": {"address1": "Plot No. 455", "address2": "Santej Vadsar Road Village: Santej Taluka: Kalol", "city": "Gandhinagar", "zip": "382721", "country": "India", "phone": "91 27 6428 6632", "fax": "91 27 6428 6652", "website": "http://www.griltarp.com", "industry": "", "sector": "", "longBusinessSummary": "Gujarat Raffia Industries Limited manufactures and sells polyethylene tarpaulins, high density polyethylene (HDPE)/polypropylene (PP) woven sacks, and fabrics in India. It also offers PE tarpaulins, plastic and ground sheetings, geomembranes, tents, shelters, pond and canal linings, fumigation covers, HDPE and PP woven bags, azolla beds, grow bags, weed mats, vermibed and ropes, etc. The company also exports its products worldwide. Gujarat Raffia Industries Limited was founded in 1984 and is based in Gandhinagar, India.", "fullTimeEmployees": 85, "companyOfficers": [], "maxAge": 86400}, "netSharePurchaseActivity": {"maxAge": 1, "period": "6m", "buyInfoCount": 0, "buyInfoShares": 0, "sellInfoCount": 0, "netInfoCount": 0, "netInfoShares": 0, "netPercentInsiderShares": 0.0, "totalInsiderShares": 2070662}, "insiderTransactions": {"transactions": [{"maxAge": 1, "shares": 200000, "filerUrl": "", "transactionText": "", "filerName": "Asian Gases Ltd", "filerRelation": "Promoter", "moneyText": "", "startDate": "2018-12-20", "ownership": "D"}, {"maxAge": 1, "shares": 209725, "filerUrl": "", "transactionText": "", "filerName": "Bengal Business Ltd", "filerRelation": "Promoter", "moneyText": "", "startDate": "2018-12-20", "ownership": "D"}, {"maxAge": 1, "shares": 280261, "filerUrl": "", "transactionText": "", "filerName": "Bhutoria (Pradeep Kumar)", "filerRelation": "Promoter", "moneyText": "", "startDate": "2015-08-24", "ownership": "D"}, {"maxAge": 1, "shares": 4814, "filerUrl": "", "transactionText": "", "filerName": "Bhutoria (Pradeep Kumar)", "filerRelation": "Promoter", "moneyText": "", "startDate": "2015-07-08", "ownership": "D"}, {"maxAge": 1, "shares": 12087, "filerUrl": "", "transactionText": "", "filerName": "Bhutoria (Pradeep Kumar) HUF", "filerRelation": "Promoter", "moneyText": "", "startDate": "2015-06-12", "ownership": "D"}, {"maxAge": 1, "shares": 2550, "filerUrl": "", "transactionText": "", "filerName": "Bhutoria (Pradeep Kumar)", "filerRelation": "Promoter", "moneyText": "", "startDate": "2015-05-06", "ownership": "D"}, {"maxAge": 1, "shares": 955, "filerUrl": "", "transactionText": "", "filerName": "Bhutoria (Pradeep Kumar)", "filerRelation": "Promoter", "moneyText": "", "startDate": "2015-04-29", "ownership": "D"}, {"maxAge": 1, "shares": 50000, "filerUrl": "", "transactionText": "", "filerName": "Bengal Business Ltd", "filerRelation": "Promoter", "moneyText": "", "startDate": "2012-12-10", "ownership": "D"}, {"maxAge": 1, "shares": 50000, "filerUrl": "", "transactionText": "", "filerName": "Tripathi (Alpesh Rajeshkumar)", "filerRelation": "UNREPORTED", "moneyText": "", "startDate": "2012-12-10", "ownership": "D"}], "maxAge": 1}, "quoteType": {"exchange": "NSI", "quoteType": "EQUITY", "symbol": "GUJRAFFIA.NS", "underlyingSymbol": "GUJRAFFIA.NS", "shortName": "GUJARAT RAFFIA IND", "longName": "Gujarat Raffia Industries Limited", "firstTradeDateEpochUtc": null, "timeZoneFullName": "Asia/Kolkata", "timeZoneShortName": "IST", "uuid": "c266c66e-c87a-367b-9265-9c13fd94ea0c", "gmtOffSetMilliseconds": 19800000, "maxAge": 1}, "incomeStatementHistory": {"incomeStatementHistory": [{"maxAge": 1, "endDate": "2020-03-31", "totalRevenue": 337605639, "costOfRevenue": 242325124, "grossProfit": 95280515, "researchDevelopment": {}, "sellingGeneralAdministrative": 16493902, "nonRecurring": {}, "otherOperatingExpenses": 55812939, "totalOperatingExpenses": 326719777, "operatingIncome": 10885862, "totalOtherIncomeExpenseNet": -5354197, "ebit": 10885862, "interestExpense": -2392248, "incomeBeforeTax": 5531665, "incomeTaxExpense": 2250000, "minorityInterest": {}, "netIncomeFromContinuingOps": 3281665, "discontinuedOperations": {}, "extraordinaryItems": {}, "effectOfAccountingCharges": {}, "otherItems": {}, "netIncome": 3281665, "netIncomeApplicableToCommonShares": 3281665}, {"maxAge": 1, "endDate": "2019-03-31", "totalRevenue": 475573416, "costOfRevenue": 355900757, "grossProfit": 119672659, "researchDevelopment": {}, "sellingGeneralAdministrative": 15056759, "nonRecurring": {}, "otherOperatingExpenses": 75778204, "totalOperatingExpenses": 457387102, "operatingIncome": 18186314, "totalOtherIncomeExpenseNet": -6628652, "ebit": 18186314, "interestExpense": -5154263, "incomeBeforeTax": 11557662, "incomeTaxExpense": 2342362, "minorityInterest": {}, "netIncomeFromContinuingOps": 9215300, "discontinuedOperations": {}, "extraordinaryItems": {}, "effectOfAccountingCharges": {}, "otherItems": {}, "netIncome": 9215300, "netIncomeApplicableToCommonShares": 9215300}, {"maxAge": 1, "endDate": "2018-03-31", "totalRevenue": 386178716, "costOfRevenue": 296199050, "grossProfit": 89979666, "researchDevelopment": {}, "sellingGeneralAdministrative": 13089065, "nonRecurring": {}, "otherOperatingExpenses": 45004884, "totalOperatingExpenses": 366395783, "operatingIncome": 19782933, "totalOtherIncomeExpenseNet": -9065478, "ebit": 19782933, "interestExpense": -8105168, "incomeBeforeTax": 10717455, "incomeTaxExpense": 2200000, "minorityInterest": {}, "netIncomeFromContinuingOps": 8517455, "discontinuedOperations": {}, "extraordinaryItems": {}, "effectOfAccountingCharges": {}, "otherItems": {}, "netIncome": 8517455, "netIncomeApplicableToCommonShares": 8517455}, {"maxAge": 1, "endDate": "2017-03-31", "totalRevenue": 363939556, "costOfRevenue": 262866245, "grossProfit": 101073311, "researchDevelopment": {}, "sellingGeneralAdministrative": 12018282, "nonRecurring": {}, "otherOperatingExpenses": 48553411, "totalOperatingExpenses": 340542415, "operatingIncome": 23397141, "totalOtherIncomeExpenseNet": -13157922, "ebit": 23397141, "interestExpense": -12448386, "incomeBeforeTax": 10239219, "incomeTaxExpense": 2413542, "minorityInterest": {}, "netIncomeFromContinuingOps": 7825677, "discontinuedOperations": {}, "extraordinaryItems": {}, "effectOfAccountingCharges": {}, "otherItems": {}, "netIncome": 7825677, "netIncomeApplicableToCommonShares": 7825677}], "maxAge": 86400}, "fundOwnership": {"ownershipList": [], "maxAge": 1}, "summaryDetail": {"maxAge": 1, "priceHint": 2, "previousClose": 42.2, "open": 42.2, "dayLow": 40.3, "dayHigh": 43.45, "regularMarketPreviousClose": 42.2, "regularMarketOpen": 42.2, "regularMarketDayLow": 40.3, "regularMarketDayHigh": 43.45, "beta": 1.371859, "trailingPE": 49.303135, "volume": 4570, "regularMarketVolume": 4570, "bid": 0.0, "ask": 0.0, "bidSize": 0, "askSize": 0, "fiftyTwoWeekLow": 40.3, "fiftyTwoWeekHigh": 43.45, "currency": "INR", "fromCurrency": null, "lastMarket": null, "algorithm": null, "tradeable": false}, "incomeStatementHistoryQuarterly": {"incomeStatementHistory": [{"maxAge": 1, "endDate": "2020-12-31", "totalRevenue": 72617000, "costOfRevenue": 48131000, "grossProfit": 24486000, "researchDevelopment": {}, "sellingGeneralAdministrative": 7634000, "nonRecurring": {}, "otherOperatingExpenses": 12877000, "totalOperatingExpenses": 70153000, "operatingIncome": 2464000, "totalOtherIncomeExpenseNet": -261000, "ebit": 2464000, "interestExpense": -261000, "incomeBeforeTax": 2203000, "incomeTaxExpense": 342000, "minorityInterest": {}, "netIncomeFromContinuingOps": 1861000, "discontinuedOperations": {}, "extraordinaryItems": {}, "effectOfAccountingCharges": {}, "otherItems": {}, "netIncome": 1861000, "netIncomeApplicableToCommonShares": 1861000}, {"maxAge": 1, "endDate": "2020-09-30", "totalRevenue": 94614000, "costOfRevenue": 75227000, "grossProfit": 19387000, "researchDevelopment": {}, "sellingGeneralAdministrative": 5567000, "nonRecurring": {}, "otherOperatingExpenses": 9784000, "totalOperatingExpenses": 92089000, "operatingIncome": 2525000, "totalOtherIncomeExpenseNet": -366000, "ebit": 2525000, "interestExpense": -366000, "incomeBeforeTax": 2159000, "incomeTaxExpense": 350000, "minorityInterest": {}, "netIncomeFromContinuingOps": 1809000, "discontinuedOperations": {}, "extraordinaryItems": {}, "effectOfAccountingCharges": {}, "otherItems": {}, "netIncome": 1809000, "netIncomeApplicableToCommonShares": 1809000}, {"maxAge": 1, "endDate": "2020-06-30", "totalRevenue": 118623000, "costOfRevenue": 97938000, "grossProfit": 20685000, "researchDevelopment": {}, "sellingGeneralAdministrative": 4750000, "nonRecurring": {}, "otherOperatingExpenses": 10956000, "totalOperatingExpenses": 115155000, "operatingIncome": 3468000, "totalOtherIncomeExpenseNet": -478000, "ebit": 3468000, "interestExpense": -478000, "incomeBeforeTax": 2990000, "incomeTaxExpense": 450000, "minorityInterest": {}, "netIncomeFromContinuingOps": 2540000, "discontinuedOperations": {}, "extraordinaryItems": {}, "effectOfAccountingCharges": {}, "otherItems": {}, "netIncome": 2540000, "netIncomeApplicableToCommonShares": 2540000}, {"maxAge": 1, "endDate": "2020-03-31", "totalRevenue": 28911639, "costOfRevenue": 51882124, "grossProfit": -22970485, "researchDevelopment": {}, "sellingGeneralAdministrative": 6419902, "nonRecurring": {}, "otherOperatingExpenses": -35209061, "totalOperatingExpenses": 27022777, "operatingIncome": 1888862, "totalOtherIncomeExpenseNet": -2835197, "ebit": 1888862, "interestExpense": -478000, "incomeBeforeTax": -946335, "incomeTaxExpense": 841000, "minorityInterest": {}, "netIncomeFromContinuingOps": -1787335, "discontinuedOperations": {}, "extraordinaryItems": {}, "effectOfAccountingCharges": {}, "otherItems": {}, "netIncome": -1787335, "netIncomeApplicableToCommonShares": -1787335}], "maxAge": 86400}, "cashflowStatementHistoryQuarterly": {"cashflowStatements": [{"maxAge": 1, "endDate": "2020-12-31", "netIncome": 1861000, "changeToLiabilities": 0}, {"maxAge": 1, "endDate": "2020-09-30", "netIncome": 1809000, "changeToLiabilities": 0}, {"maxAge": 1, "endDate": "2020-06-30", "netIncome": 2540000, "changeToLiabilities": 0}, {"maxAge": 1, "endDate": "2020-03-31", "netIncome": -1787335, "changeToLiabilities": 0}], "maxAge": 86400}, "insiderHolders": {"holders": [{"maxAge": 1, "name": "Asian Gases Ltd", "relation": "Promoter", "url": "", "transactionDescription": "Other", "latestTransDate": "2018-12-20", "positionDirect": 441235, "positionDirectDate": "2018-12-20"}, {"maxAge": 1, "name": "Bengal Business Ltd", "relation": "Promoter", "url": "", "transactionDescription": "Other", "latestTransDate": "2018-12-20", "positionDirect": 510304, "positionDirectDate": "2018-12-20"}, {"maxAge": 1, "name": "Bhutoria (Pradeep Kumar)", "relation": "Promoter", "url": "", "transactionDescription": "Other", "latestTransDate": "2015-08-24", "positionDirect": 669029, "positionDirectDate": "2015-08-24"}, {"maxAge": 1, "name": "Bhutoria (Pradeep Kumar) HUF", "relation": "Promoter", "url": "", "transactionDescription": "Other", "latestTransDate": "2015-06-12", "positionDirect": 181264, "positionDirectDate": "2015-06-12"}, {"maxAge": 1, "name": "Tripathi (Alpesh Rajeshkumar)", "relation": "UNREPORTED", "url": "", "transactionDescription": "Sale", "latestTransDate": "2012-12-10", "positionDirect": 0, "positionDirectDate": "2012-12-10"}], "maxAge": 1}, "calendarEvents": {"maxAge": 1, "earnings": {"earningsDate": []}}, "upgradeDowngradeHistory": {"history": [], "maxAge": 86400}, "price": {"maxAge": 1, "regularMarketChangePercent": 0.005924171, "regularMarketChange": 0.25, "regularMarketTime": "2021-04-30 15:28:02", "priceHint": 2, "regularMarketPrice": 42.45, "regularMarketDayHigh": 43.45, "regularMarketDayLow": 40.3, "regularMarketVolume": 4570, "regularMarketPreviousClose": 42.2, "regularMarketSource": "FREE_REALTIME", "regularMarketOpen": 42.2, "exchange": "NSI", "exchangeName": "NSE", "exchangeDataDelayedBy": 15, "marketState": "CLOSED", "quoteType": "EQUITY", "symbol": "GUJRAFFIA.NS", "underlyingSymbol": null, "shortName": "GUJARAT RAFFIA IND", "longName": "Gujarat Raffia Industries Limited", "currency": "INR", "quoteSourceName": "Delayed Quote", "currencySymbol": "\u20b9", "fromCurrency": null, "lastMarket": null}, "balanceSheetHistory": {"balanceSheetStatements": [{"maxAge": 1, "endDate": "2020-03-31", "cash": 31368076, "shortTermInvestments": 4059930, "netReceivables": 54044437, "inventory": 61647342, "otherCurrentAssets": 15118022, "totalCurrentAssets": 166237807, "propertyPlantEquipment": 90285998, "totalAssets": 256523805, "accountsPayable": 31404187, "otherCurrentLiab": 40034292, "longTermDebt": 7728996, "otherLiab": 2704778, "totalCurrentLiabilities": 78272109, "totalLiab": 88705883, "commonStock": 54045000, "retainedEarnings": 100998948, "treasuryStock": 2530849, "capitalSurplus": 10243125, "otherStockholderEquity": 2530849, "totalStockholderEquity": 167817922, "netTangibleAssets": 167817922}, {"maxAge": 1, "endDate": "2019-03-31", "cash": 52004178, "shortTermInvestments": 2326636, "netReceivables": 107611789, "inventory": 94966362, "otherCurrentAssets": 18106101, "totalCurrentAssets": 275015066, "propertyPlantEquipment": 95732556, "totalAssets": 370747622, "accountsPayable": 45522489, "shortLongTermDebt": 3644413, "otherCurrentLiab": 41889963, "longTermDebt": 3345800, "otherLiab": 2438289, "totalCurrentLiabilities": 200427276, "totalLiab": 206211365, "commonStock": 54045000, "retainedEarnings": 97717283, "treasuryStock": 2530849, "capitalSurplus": 10243125, "otherStockholderEquity": 2530849, "totalStockholderEquity": 164536257, "netTangibleAssets": 164536257}, {"maxAge": 1, "endDate": "2018-03-31", "cash": 26955920, "shortTermInvestments": 751661, "netReceivables": 97834466, "inventory": 86451002, "otherCurrentAssets": 10432084, "totalCurrentAssets": 222425133, "propertyPlantEquipment": 101853677, "totalAssets": 324278810, "accountsPayable": 17387050, "shortLongTermDebt": 15607133, "otherCurrentLiab": 58537071, "longTermDebt": 4737410, "otherLiab": 2214721, "totalCurrentLiabilities": 176346097, "totalLiab": 183298228, "commonStock": 49947750, "retainedEarnings": 88501983, "treasuryStock": 2530849, "otherStockholderEquity": 2530849, "totalStockholderEquity": 140980582, "netTangibleAssets": 140980582}, {"maxAge": 1, "endDate": "2017-03-31", "cash": 4115159, "netReceivables": 105914025, "inventory": 96474583, "otherCurrentAssets": 13556933, "totalCurrentAssets": 220060700, "propertyPlantEquipment": 113111321, "totalAssets": 333172021, "accountsPayable": 19218595, "shortLongTermDebt": 20674425, "otherCurrentLiab": 61980657, "longTermDebt": 18907700, "otherLiab": 1994284, "totalCurrentLiabilities": 179806910, "totalLiab": 200708894, "commonStock": 49947750, "retainedEarnings": 79984528, "treasuryStock": 2530849, "otherStockholderEquity": 2530849, "totalStockholderEquity": 132463127, "netTangibleAssets": 132463127}], "maxAge": 86400}, "financialData": {"maxAge": 86400, "currentPrice": 42.45, "recommendationKey": "none", "totalCash": 71216704, "totalCashPerShare": 13.011, "ebitda": 23719996, "totalDebt": 15287000, "totalRevenue": 354217632, "debtToEquity": 8.879, "revenuePerShare": 65.836, "grossProfits": 95280515, "earningsGrowth": 0.478, "revenueGrowth": -0.236, "grossMargins": 0.25552, "ebitdaMargins": 0.06696, "operatingMargins": 0.0298, "profitMargins": 0.01307, "financialCurrency": "INR"}}}