{"GUJSTATFIN.BO": {"cashflowStatementHistory": {"cashflowStatements": [{"maxAge": 1, "endDate": "2020-03-31", "netIncome": -1174390440, "depreciation": 3646025, "changeToNetincome": -102420775, "changeToLiabilities": 0, "changeToOperatingActivities": 1290165396, "totalCashFromOperatingActivities": 17000206, "capitalExpenditures": -20800, "investments": -128267407, "otherCashflowsFromInvestingActivities": 110297990, "totalCashflowsFromInvestingActivities": -17990217, "changeInCash": -990011}, {"maxAge": 1, "endDate": "2019-03-31", "netIncome": -1148654640, "depreciation": 4106440, "changeToNetincome": -88613561, "changeToLiabilities": 0, "changeToOperatingActivities": 1278518780, "totalCashFromOperatingActivities": 45357019, "capitalExpenditures": -12239, "investments": -159427292, "otherCashflowsFromInvestingActivities": 94273853, "totalCashflowsFromInvestingActivities": -65096179, "changeInCash": -19739160}, {"maxAge": 1, "endDate": "2018-03-31", "netIncome": -1155258378, "depreciation": 4666022, "changeToNetincome": -82093127, "changeToLiabilities": 0, "changeToOperatingActivities": 1262019867, "totalCashFromOperatingActivities": 29334384, "capitalExpenditures": -12239, "investments": -105638815, "otherCashflowsFromInvestingActivities": 82890271, "totalCashflowsFromInvestingActivities": -22748544, "changeInCash": 6585840}, {"maxAge": 1, "endDate": "2017-03-31", "netIncome": -1171811127, "depreciation": 5261501, "changeToNetincome": -92163722, "changeToLiabilities": 0, "changeToOperatingActivities": 1241868128, "totalCashFromOperatingActivities": -16845220, "capitalExpenditures": -2553448, "investments": -105638815, "otherCashflowsFromInvestingActivities": 90588144, "totalCashflowsFromInvestingActivities": 88053297, "changeInCash": 71208077}], "maxAge": 86400}, "institutionOwnership": {"maxAge": 1, "ownershipList": []}, "balanceSheetHistoryQuarterly": {"balanceSheetStatements": [{"maxAge": 1, "endDate": "2020-06-30", "totalStockholderEquity": 3670854913, "netTangibleAssets": 3670854913}, {"maxAge": 1, "endDate": "2020-03-31", "cash": 11791321, "netReceivables": 66764108, "otherCurrentAssets": 2551383, "totalCurrentAssets": 81106812, "longTermInvestments": 1531048282, "propertyPlantEquipment": 32633503, "otherAssets": 28055167151, "totalAssets": 29699955748, "otherCurrentLiab": 475631, "longTermDebt": 6616842633, "otherLiab": 404215562, "totalCurrentLiabilities": 19008042640, "totalLiab": 26029100835, "commonStock": 891140000, "retainedEarnings": 668416722, "treasuryStock": 1922310191, "capitalSurplus": 188988000, "otherStockholderEquity": 1922310191, "totalStockholderEquity": 3670854913, "netTangibleAssets": 3670854913}, {"maxAge": 1, "endDate": "2019-12-31", "totalStockholderEquity": -23761827000, "netTangibleAssets": -23761827000}, {"maxAge": 1, "endDate": "2019-09-30", "cash": 22566000, "totalCurrentAssets": 22566000, "longTermInvestments": 1509516000, "propertyPlantEquipment": 34445000, "otherAssets": 51160000, "totalAssets": 1617687000, "longTermDebt": 6616843000, "otherLiab": 18762671000, "totalLiab": 25379514000, "commonStock": 891140000, "treasuryStock": -24652967000, "otherStockholderEquity": -24652967000, "totalStockholderEquity": -23761827000, "netTangibleAssets": -23761827000}], "maxAge": 86400}, "indexTrend": {"maxAge": 1, "symbol": "SP5", "peRatio": 19.7411, "pegRatio": 1.34172, "estimates": [{"period": "0q", "growth": 0.549}, {"period": "+1q", "growth": 0.431}, {"period": "0y", "growth": 0.305}, {"period": "+1y", "growth": 0.109}, {"period": "+5y", "growth": 0.120859005}, {"period": "-5y"}]}, "quoteType": {"exchange": "BSE", "quoteType": "EQUITY", "symbol": "GUJSTATFIN.BO", "underlyingSymbol": "GUJSTATFIN.BO", "shortName": "GUJARAT STATE FINANCIAL CORPOR", "longName": "Gujarat State Financial Corporation", "firstTradeDateEpochUtc": "2002-12-24 09:15:00", "timeZoneFullName": "Asia/Kolkata", "timeZoneShortName": "IST", "uuid": "f6fc8141-f177-3692-b777-a82546ca5033", "messageBoardId": null, "gmtOffSetMilliseconds": 19800000, "maxAge": 1}, "incomeStatementHistory": {"incomeStatementHistory": [{"maxAge": 1, "endDate": "2020-03-31", "totalRevenue": -1108681138, "costOfRevenue": 1262218, "grossProfit": -1109943356, "researchDevelopment": {}, "sellingGeneralAdministrative": 29944647, "nonRecurring": {}, "otherOperatingExpenses": 14749459, "totalOperatingExpenses": 57832087, "operatingIncome": -1166513225, "totalOtherIncomeExpenseNet": -7877215, "ebit": 0, "interestExpense": {}, "incomeBeforeTax": -1174390440, "incomeTaxExpense": 0, "minorityInterest": {}, "netIncomeFromContinuingOps": -1174390440, "discontinuedOperations": {}, "extraordinaryItems": {}, "effectOfAccountingCharges": {}, "otherItems": {}, "netIncome": -1174390440, "netIncomeApplicableToCommonShares": -1174390440}, {"maxAge": 1, "endDate": "2019-03-31", "totalRevenue": -1069931092, "costOfRevenue": 1578637, "grossProfit": -1071509729, "researchDevelopment": {}, "sellingGeneralAdministrative": 30117749, "nonRecurring": {}, "otherOperatingExpenses": 13360696, "totalOperatingExpenses": 73063257, "operatingIncome": -1142994349, "totalOtherIncomeExpenseNet": -5660291, "ebit": 0, "interestExpense": {}, "incomeBeforeTax": -1148654640, "incomeTaxExpense": 0, "minorityInterest": {}, "netIncomeFromContinuingOps": -1148654640, "discontinuedOperations": {}, "extraordinaryItems": {}, "effectOfAccountingCharges": {}, "otherItems": {}, "netIncome": -1148654640, "netIncomeApplicableToCommonShares": -1148654640}, {"maxAge": 1, "endDate": "2018-03-31", "totalRevenue": -1082925998, "costOfRevenue": 3143412, "grossProfit": -1086069410, "researchDevelopment": {}, "sellingGeneralAdministrative": 32309147, "nonRecurring": {}, "otherOperatingExpenses": 17426965, "totalOperatingExpenses": 71535235, "operatingIncome": -1154461233, "totalOtherIncomeExpenseNet": -797145, "ebit": 0, "interestExpense": {}, "incomeBeforeTax": -1155258378, "incomeTaxExpense": 0, "minorityInterest": {}, "netIncomeFromContinuingOps": -1155258378, "discontinuedOperations": {}, "extraordinaryItems": {}, "effectOfAccountingCharges": {}, "otherItems": {}, "netIncome": -1155258378, "netIncomeApplicableToCommonShares": -1155258378}, {"maxAge": 1, "endDate": "2017-03-31", "totalRevenue": -1064205939, "costOfRevenue": 13377321, "grossProfit": -1077583260, "researchDevelopment": {}, "sellingGeneralAdministrative": 39573504, "nonRecurring": {}, "otherOperatingExpenses": 20147561, "totalOperatingExpenses": 107615022, "operatingIncome": -1171820961, "totalOtherIncomeExpenseNet": 9834, "ebit": 0, "interestExpense": {}, "incomeBeforeTax": -1171811127, "incomeTaxExpense": 0, "minorityInterest": {}, "netIncomeFromContinuingOps": -1171811127, "discontinuedOperations": {}, "extraordinaryItems": {}, "effectOfAccountingCharges": {}, "otherItems": {}, "netIncome": -1171811127, "netIncomeApplicableToCommonShares": -1171811127}], "maxAge": 86400}, "fundOwnership": {"maxAge": 1, "ownershipList": []}, "summaryDetail": {"maxAge": 1, "priceHint": 4, "previousClose": 3.33, "open": 3.33, "dayLow": 3.17, "dayHigh": 3.48, "regularMarketPreviousClose": 3.33, "regularMarketOpen": 3.33, "regularMarketDayLow": 3.17, "regularMarketDayHigh": 3.48, "volume": 4583, "regularMarketVolume": 4583, "averageVolume": 7492, "averageVolume10days": 4172, "averageDailyVolume10Day": 4172, "bid": 3.18, "ask": 3.44, "bidSize": 0, "askSize": 0, "marketCap": 306552160, "fiftyTwoWeekLow": 0.79, "fiftyTwoWeekHigh": 3.81, "fiftyDayAverage": 3.0014286, "twoHundredDayAverage": 2.201314, "currency": "INR", "fromCurrency": null, "toCurrency": null, "lastMarket": null, "algorithm": null, "tradeable": false}, "incomeStatementHistoryQuarterly": {"incomeStatementHistory": [{"maxAge": 1, "endDate": "2020-06-30", "totalRevenue": -299167000, "costOfRevenue": 0, "grossProfit": -299167000, "researchDevelopment": {}, "sellingGeneralAdministrative": 6206000, "nonRecurring": {}, "otherOperatingExpenses": 3922000, "totalOperatingExpenses": 10822000, "operatingIncome": -309989000, "totalOtherIncomeExpenseNet": 401000, "ebit": 0, "interestExpense": {}, "incomeBeforeTax": -309588000, "incomeTaxExpense": 0, "minorityInterest": {}, "netIncomeFromContinuingOps": -309588000, "discontinuedOperations": {}, "extraordinaryItems": {}, "effectOfAccountingCharges": {}, "otherItems": {}, "netIncome": -309588000, "netIncomeApplicableToCommonShares": -309588000}, {"maxAge": 1, "endDate": "2020-03-31", "totalRevenue": -229575138, "costOfRevenue": 902218, "grossProfit": -230477356, "researchDevelopment": {}, "sellingGeneralAdministrative": 7725647, "nonRecurring": {}, "otherOperatingExpenses": -1934541, "totalOperatingExpenses": 11142087, "operatingIncome": -240717225, "totalOtherIncomeExpenseNet": -68757215, "ebit": 0, "interestExpense": {}, "incomeBeforeTax": -309474440, "incomeTaxExpense": 0, "minorityInterest": {}, "netIncomeFromContinuingOps": -309474440, "discontinuedOperations": {}, "extraordinaryItems": {}, "effectOfAccountingCharges": {}, "otherItems": {}, "netIncome": -309474440, "netIncomeApplicableToCommonShares": -309474440}, {"maxAge": 1, "endDate": "2019-12-31", "totalRevenue": -298720000, "costOfRevenue": 0, "grossProfit": -298720000, "researchDevelopment": {}, "sellingGeneralAdministrative": 6510000, "nonRecurring": {}, "otherOperatingExpenses": 5090000, "totalOperatingExpenses": 12050000, "operatingIncome": -310770000, "totalOtherIncomeExpenseNet": 5570000, "ebit": 0, "interestExpense": {}, "incomeBeforeTax": -305200000, "incomeTaxExpense": 0, "minorityInterest": {}, "netIncomeFromContinuingOps": -305200000, "discontinuedOperations": {}, "extraordinaryItems": {}, "effectOfAccountingCharges": {}, "otherItems": {}, "netIncome": -305200000, "netIncomeApplicableToCommonShares": -305200000}, {"maxAge": 1, "endDate": "2019-09-30", "totalRevenue": -298391000, "costOfRevenue": 184000, "grossProfit": -298575000, "researchDevelopment": {}, "sellingGeneralAdministrative": 8713000, "nonRecurring": {}, "otherOperatingExpenses": 6281000, "totalOperatingExpenses": 20714000, "operatingIncome": -319105000, "totalOtherIncomeExpenseNet": 24720000, "ebit": 0, "interestExpense": {}, "incomeBeforeTax": -294385000, "incomeTaxExpense": 0, "minorityInterest": {}, "netIncomeFromContinuingOps": -294385000, "discontinuedOperations": {}, "extraordinaryItems": {}, "effectOfAccountingCharges": {}, "otherItems": {}, "netIncome": -294385000, "netIncomeApplicableToCommonShares": -294385000}], "maxAge": 86400}, "cashflowStatementHistoryQuarterly": {"cashflowStatements": [{"maxAge": 1, "endDate": "2020-06-30", "netIncome": -309588000, "changeToLiabilities": 0}, {"maxAge": 1, "endDate": "2020-03-31", "netIncome": -309474440, "changeToLiabilities": 0}, {"maxAge": 1, "endDate": "2019-12-31", "netIncome": -305200000, "changeToLiabilities": 0}, {"maxAge": 1, "endDate": "2019-09-30", "netIncome": -294385000, "changeToLiabilities": 0}], "maxAge": 86400}, "insiderHolders": {"holders": [], "maxAge": 1}, "calendarEvents": {"maxAge": 1, "earnings": {"earningsDate": []}}, "price": {"maxAge": 1, "regularMarketChangePercent": 0.033033073, "regularMarketChange": 0.11000013, "regularMarketTime": "2021-04-30 14:40:30", "priceHint": 4, "regularMarketPrice": 3.44, "regularMarketDayHigh": 3.48, "regularMarketDayLow": 3.17, "regularMarketVolume": 4583, "averageDailyVolume10Day": 4172, "averageDailyVolume3Month": 7492, "regularMarketPreviousClose": 3.33, "regularMarketSource": "FREE_REALTIME", "regularMarketOpen": 3.33, "exchange": "BSE", "exchangeName": "BSE", "exchangeDataDelayedBy": 0, "marketState": "CLOSED", "quoteType": "EQUITY", "symbol": "GUJSTATFIN.BO", "underlyingSymbol": null, "shortName": "GUJARAT STATE FINANCIAL CORPOR", "longName": "Gujarat State Financial Corporation", "currency": "INR", "quoteSourceName": "Delayed Quote", "currencySymbol": "\u20b9", "fromCurrency": null, "toCurrency": null, "lastMarket": null, "marketCap": 306552160}, "balanceSheetHistory": {"balanceSheetStatements": [{"maxAge": 1, "endDate": "2020-03-31", "cash": 11791321, "netReceivables": 66764108, "otherCurrentAssets": 2551383, "totalCurrentAssets": 81106812, "longTermInvestments": 1531048282, "propertyPlantEquipment": 32633503, "otherAssets": 28055167151, "totalAssets": 29699955748, "otherCurrentLiab": 475631, "longTermDebt": 6616842633, "otherLiab": 404215562, "totalCurrentLiabilities": 19008042640, "totalLiab": 26029100835, "commonStock": 891140000, "retainedEarnings": 668416722, "treasuryStock": 1922310191, "capitalSurplus": 188988000, "otherStockholderEquity": 1922310191, "totalStockholderEquity": 3670854913, "netTangibleAssets": 3670854913}, {"maxAge": 1, "endDate": "2019-03-31", "cash": 12781332, "netReceivables": 61507208, "otherCurrentAssets": 2530847, "totalCurrentAssets": 76819387, "longTermInvestments": 1410658091, "propertyPlantEquipment": 36258728, "otherAssets": 26880745887, "totalAssets": 28404482093, "otherCurrentLiab": 504591, "longTermDebt": 6616842633, "otherLiab": 408452951, "totalCurrentLiabilities": 17708331596, "totalLiab": 24733627180, "commonStock": 891140000, "retainedEarnings": 668416722, "treasuryStock": 1922310191, "capitalSurplus": 188988000, "otherStockholderEquity": 1922310191, "totalStockholderEquity": 3670854913, "netTangibleAssets": 3670854913}, {"maxAge": 1, "endDate": "2018-03-31", "cash": 32520492, "netReceivables": 53926839, "otherCurrentAssets": 2528702, "totalCurrentAssets": 88976033, "longTermInvestments": 1256943994, "propertyPlantEquipment": 40369524, "otherAssets": 25732684041, "totalAssets": 27118973592, "otherCurrentLiab": 455071, "longTermDebt": 6616842633, "otherLiab": 403512470, "totalCurrentLiabilities": 16427763576, "totalLiab": 23448118679, "commonStock": 891140000, "retainedEarnings": 668416722, "treasuryStock": 1922310191, "capitalSurplus": 188988000, "otherStockholderEquity": 1922310191, "totalStockholderEquity": 3670854913, "netTangibleAssets": 3670854913}, {"maxAge": 1, "endDate": "2017-03-31", "cash": 1154085581, "netReceivables": 60150633, "otherCurrentAssets": 2527198, "totalCurrentAssets": 1216763412, "longTermInvestments": 23951395, "propertyPlantEquipment": 45035546, "otherAssets": 24577522495, "totalAssets": 25863272848, "otherCurrentLiab": 496549, "longTermDebt": 6616842633, "otherLiab": 407585230, "totalCurrentLiabilities": 15167990072, "totalLiab": 22192417935, "commonStock": 891140000, "retainedEarnings": 668416722, "treasuryStock": 1922310191, "capitalSurplus": 188988000, "otherStockholderEquity": 1922310191, "totalStockholderEquity": 3670854913, "netTangibleAssets": 3670854913}], "maxAge": 86400}, "financialData": {"maxAge": 86400, "currentPrice": 3.44, "recommendationKey": "none", "grossProfits": -1109943356, "financialCurrency": "INR"}}}