{"GUJTHEM.BO": {"recommendationTrend": {"trend": [{"period": "0m", "strongBuy": 0, "buy": 0, "hold": 0, "sell": 0, "strongSell": 0}, {"period": "-1m", "strongBuy": 0, "buy": 0, "hold": 0, "sell": 0, "strongSell": 0}, {"period": "-2m", "strongBuy": 0, "buy": 0, "hold": 0, "sell": 0, "strongSell": 0}, {"period": "-3m", "strongBuy": 0, "buy": 0, "hold": 0, "sell": 0, "strongSell": 0}], "maxAge": 86400}, "cashflowStatementHistory": {"cashflowStatements": [{"maxAge": 1, "endDate": "2020-03-31", "netIncome": 236746000, "depreciation": 13620000, "changeToNetincome": -1031000, "changeToAccountReceivables": -144313000, "changeToLiabilities": 19298000, "changeToInventory": -56924000, "changeToOperatingActivities": -61089000, "totalCashFromOperatingActivities": 6307000, "capitalExpenditures": -32387000, "otherCashflowsFromInvestingActivities": 2696000, "totalCashflowsFromInvestingActivities": -29840000, "netBorrowings": 24154000, "otherCashflowsFromFinancingActivities": -3192000, "totalCashFromFinancingActivities": 20962000, "changeInCash": -2571000}, {"maxAge": 1, "endDate": "2019-03-31", "netIncome": 64090000, "depreciation": 12212000, "changeToNetincome": -44982000, "changeToAccountReceivables": 18311000, "changeToLiabilities": 174000, "changeToInventory": 1253000, "changeToOperatingActivities": -44199000, "totalCashFromOperatingActivities": 6859000, "capitalExpenditures": -113472000, "otherCashflowsFromInvestingActivities": 2647000, "totalCashflowsFromInvestingActivities": -57524000, "netBorrowings": 54231000, "otherCashflowsFromFinancingActivities": -1312000, "totalCashFromFinancingActivities": 52919000, "changeInCash": 2253000}, {"maxAge": 1, "endDate": "2018-03-31", "netIncome": 38672000, "depreciation": 11486000, "changeToNetincome": 6776000, "changeToAccountReceivables": 42655000, "changeToLiabilities": -15577000, "changeToInventory": 470000, "changeToOperatingActivities": -28618000, "totalCashFromOperatingActivities": 55864000, "capitalExpenditures": -12718000, "otherCashflowsFromInvestingActivities": 534000, "totalCashflowsFromInvestingActivities": -10265000, "netBorrowings": -35735000, "otherCashflowsFromFinancingActivities": -2220000, "totalCashFromFinancingActivities": -37955000, "changeInCash": 7644000}, {"maxAge": 1, "endDate": "2017-03-31", "netIncome": 43775000, "depreciation": 11196000, "changeToNetincome": 2420000, "changeToAccountReceivables": -48222000, "changeToLiabilities": 16326000, "changeToInventory": -929000, "changeToOperatingActivities": 3442000, "totalCashFromOperatingActivities": 28008000, "capitalExpenditures": -25382000, "otherCashflowsFromInvestingActivities": 332000, "totalCashflowsFromInvestingActivities": -25086000, "netBorrowings": 1575000, "otherCashflowsFromFinancingActivities": -3523000, "totalCashFromFinancingActivities": -1948000, "changeInCash": 974000}], "maxAge": 86400}, "institutionOwnership": {"maxAge": 1, "ownershipList": []}, "balanceSheetHistoryQuarterly": {"balanceSheetStatements": [{"maxAge": 1, "endDate": "2020-06-30", "totalStockholderEquity": 421951000, "netTangibleAssets": 421951000}, {"maxAge": 1, "endDate": "2020-03-31", "cash": 8595000, "shortTermInvestments": 9102000, "netReceivables": 202959000, "inventory": 60294000, "otherCurrentAssets": 3507000, "totalCurrentAssets": 286958000, "longTermInvestments": 149024000, "propertyPlantEquipment": 174378000, "otherAssets": 30400000, "totalAssets": 640760000, "accountsPayable": 74479000, "shortLongTermDebt": 49654000, "otherCurrentLiab": 8102000, "longTermDebt": 31846000, "otherLiab": 13559000, "totalCurrentLiabilities": 173404000, "totalLiab": 218809000, "commonStock": 72640000, "retainedEarnings": 326099000, "treasuryStock": 1568000, "capitalSurplus": 21644000, "otherStockholderEquity": 1568000, "totalStockholderEquity": 421951000, "netTangibleAssets": 421951000}, {"maxAge": 1, "endDate": "2019-12-31", "totalStockholderEquity": 215354000, "netTangibleAssets": 215354000}, {"maxAge": 1, "endDate": "2019-09-30", "cash": 22878000, "shortTermInvestments": 50000, "netReceivables": 159160000, "inventory": 25010000, "otherCurrentAssets": 469000, "totalCurrentAssets": 207567000, "longTermInvestments": 87986000, "propertyPlantEquipment": 164511000, "otherAssets": 17586000, "totalAssets": 477650000, "accountsPayable": 92518000, "shortLongTermDebt": 85887000, "otherCurrentLiab": 14004000, "longTermDebt": 50922000, "otherLiab": 14695000, "totalCurrentLiabilities": 196679000, "totalLiab": 262296000, "commonStock": 72640000, "treasuryStock": 142714000, "otherStockholderEquity": 142714000, "totalStockholderEquity": 215354000, "netTangibleAssets": 215354000}], "maxAge": 86400}, "earningsHistory": {"history": [{"maxAge": 1, "epsActual": {}, "epsEstimate": {}, "epsDifference": {}, "surprisePercent": {}, "quarter": {}, "period": "-4q"}, {"maxAge": 1, "epsActual": {}, "epsEstimate": {}, "epsDifference": {}, "surprisePercent": {}, "quarter": {}, "period": "-3q"}, {"maxAge": 1, "epsActual": {}, "epsEstimate": {}, "epsDifference": {}, "surprisePercent": {}, "quarter": {}, "period": "-2q"}, {"maxAge": 1, "epsActual": {}, "epsEstimate": {}, "epsDifference": {}, "surprisePercent": {}, "quarter": {}, "period": "-1q"}], "maxAge": 86400}, "indexTrend": {"maxAge": 1, "symbol": "SP5", "peRatio": 19.7411, "pegRatio": 1.34172, "estimates": [{"period": "0q", "growth": 0.549}, {"period": "+1q", "growth": 0.431}, {"period": "0y", "growth": 0.305}, {"period": "+1y", "growth": 0.109}, {"period": "+5y", "growth": 0.120859005}, {"period": "-5y"}]}, "industryTrend": {"maxAge": 1, "symbol": null, "estimates": []}, "insiderTransactions": {"transactions": [{"maxAge": 1, "shares": 5000, "filerUrl": "", "transactionText": "", "filerName": "Agarwal (Indu Vijay)", "filerRelation": "UNREPORTED", "moneyText": "", "startDate": "2020-06-17", "ownership": "D"}, {"maxAge": 1, "shares": 10774, "filerUrl": "", "transactionText": "", "filerName": "Agarwal (Indu Vijay)", "filerRelation": "UNREPORTED", "moneyText": "", "startDate": "2020-06-16", "ownership": "D"}, {"maxAge": 1, "shares": 4976, "filerUrl": "", "transactionText": "", "filerName": "Agarwal (Indu Vijay)", "filerRelation": "UNREPORTED", "moneyText": "", "startDate": "2020-06-15", "ownership": "D"}, {"maxAge": 1, "shares": 8000, "filerUrl": "", "transactionText": "", "filerName": "Agarwal (Avantika Vijay)", "filerRelation": "UNREPORTED", "moneyText": "", "startDate": "2020-03-13", "ownership": "D"}, {"maxAge": 1, "shares": 15000, "filerUrl": "", "transactionText": "", "filerName": "Agarwal (Avantika Vijay)", "filerRelation": "UNREPORTED", "moneyText": "", "startDate": "2020-03-11", "ownership": "D"}], "maxAge": 1}, "quoteType": {"exchange": "BSE", "quoteType": "EQUITY", "symbol": "GUJTHEM.BO", "underlyingSymbol": "GUJTHEM.BO", "shortName": "GUJARAT THEMIS BIOSYN LTD.", "longName": "Gujarat Themis Biosyn Limited", "firstTradeDateEpochUtc": "2002-01-02 09:15:00", "timeZoneFullName": "Asia/Kolkata", "timeZoneShortName": "IST", "uuid": "1f5f1b9d-03cb-323e-9854-b3255f2584e0", "messageBoardId": null, "gmtOffSetMilliseconds": 19800000, "maxAge": 1}, "incomeStatementHistory": {"incomeStatementHistory": [{"maxAge": 1, "endDate": "2020-03-31", "totalRevenue": 851244000, "costOfRevenue": 126196000, "grossProfit": 725048000, "researchDevelopment": {}, "sellingGeneralAdministrative": 65858000, "nonRecurring": {}, "otherOperatingExpenses": 340140000, "totalOperatingExpenses": 545814000, "operatingIncome": 305430000, "totalOtherIncomeExpenseNet": 7136000, "ebit": 305430000, "interestExpense": -2956000, "incomeBeforeTax": 312566000, "incomeTaxExpense": 75820000, "minorityInterest": {}, "netIncomeFromContinuingOps": 236746000, "discontinuedOperations": {}, "extraordinaryItems": {}, "effectOfAccountingCharges": {}, "otherItems": {}, "netIncome": 236746000, "netIncomeApplicableToCommonShares": 236746000}, {"maxAge": 1, "endDate": "2019-03-31", "totalRevenue": 410499000, "costOfRevenue": 21391000, "grossProfit": 389108000, "researchDevelopment": {}, "sellingGeneralAdministrative": 52624000, "nonRecurring": {}, "otherOperatingExpenses": 245477000, "totalOperatingExpenses": 331704000, "operatingIncome": 78795000, "totalOtherIncomeExpenseNet": 3161000, "ebit": 78795000, "interestExpense": -336000, "incomeBeforeTax": 81956000, "incomeTaxExpense": 17866000, "minorityInterest": {}, "netIncomeFromContinuingOps": 64090000, "discontinuedOperations": {}, "extraordinaryItems": {}, "effectOfAccountingCharges": {}, "otherItems": {}, "netIncome": 64090000, "netIncomeApplicableToCommonShares": 64090000}, {"maxAge": 1, "endDate": "2018-03-31", "totalRevenue": 387999000, "costOfRevenue": 29316000, "grossProfit": 358683000, "researchDevelopment": {}, "sellingGeneralAdministrative": 45461000, "nonRecurring": {}, "otherOperatingExpenses": 250935000, "totalOperatingExpenses": 337198000, "operatingIncome": 50801000, "totalOtherIncomeExpenseNet": -2419000, "ebit": 50801000, "interestExpense": -2900000, "incomeBeforeTax": 48382000, "incomeTaxExpense": 9710000, "minorityInterest": {}, "netIncomeFromContinuingOps": 38672000, "discontinuedOperations": {}, "extraordinaryItems": {}, "effectOfAccountingCharges": {}, "otherItems": {}, "netIncome": 38672000, "netIncomeApplicableToCommonShares": 38672000}, {"maxAge": 1, "endDate": "2017-03-31", "totalRevenue": 356916000, "costOfRevenue": 19604000, "grossProfit": 337312000, "researchDevelopment": {}, "sellingGeneralAdministrative": 44971000, "nonRecurring": {}, "otherOperatingExpenses": 231792000, "totalOperatingExpenses": 307563000, "operatingIncome": 49353000, "totalOtherIncomeExpenseNet": -504000, "ebit": 49353000, "interestExpense": -2762000, "incomeBeforeTax": 48849000, "incomeTaxExpense": 5074000, "minorityInterest": {}, "netIncomeFromContinuingOps": 43775000, "discontinuedOperations": {}, "extraordinaryItems": {}, "effectOfAccountingCharges": {}, "otherItems": {}, "netIncome": 43775000, "netIncomeApplicableToCommonShares": 43775000}], "maxAge": 86400}, "fundOwnership": {"maxAge": 1, "ownershipList": []}, "summaryDetail": {"maxAge": 1, "priceHint": 2, "previousClose": 238.95, "open": 238.0, "dayLow": 238.0, "dayHigh": 253.4, "regularMarketPreviousClose": 238.95, "regularMarketOpen": 238.0, "regularMarketDayLow": 238.0, "regularMarketDayHigh": 253.4, "trailingPE": 12.856473, "volume": 68751, "regularMarketVolume": 68751, "averageVolume": 28241, "averageVolume10days": 34323, "averageDailyVolume10Day": 34323, "bid": 248.0, "ask": 249.0, "bidSize": 0, "askSize": 0, "marketCap": 3582777600, "fiftyTwoWeekLow": 72.45, "fiftyTwoWeekHigh": 291.05, "fiftyDayAverage": 243.22285, "twoHundredDayAverage": 237.8814, "trailingAnnualDividendRate": 1.65, "trailingAnnualDividendYield": 0.00690521, "currency": "INR", "fromCurrency": null, "toCurrency": null, "lastMarket": null, "algorithm": null, "tradeable": false}, "sectorTrend": {"maxAge": 1, "symbol": null, "estimates": []}, "incomeStatementHistoryQuarterly": {"incomeStatementHistory": [{"maxAge": 1, "endDate": "2020-06-30", "totalRevenue": 156630000, "costOfRevenue": 57469000, "grossProfit": 99161000, "researchDevelopment": {}, "sellingGeneralAdministrative": 18728000, "nonRecurring": {}, "otherOperatingExpenses": 5927000, "totalOperatingExpenses": 85517000, "operatingIncome": 71113000, "totalOtherIncomeExpenseNet": -2336000, "ebit": 71113000, "interestExpense": -2336000, "incomeBeforeTax": 68777000, "incomeTaxExpense": 13053000, "minorityInterest": {}, "netIncomeFromContinuingOps": 55724000, "discontinuedOperations": {}, "extraordinaryItems": {}, "effectOfAccountingCharges": {}, "otherItems": {}, "netIncome": 55724000, "netIncomeApplicableToCommonShares": 55724000}, {"maxAge": 1, "endDate": "2020-03-31", "totalRevenue": 263524000, "costOfRevenue": -150198000, "grossProfit": 413722000, "researchDevelopment": {}, "sellingGeneralAdministrative": 12112000, "nonRecurring": {}, "otherOperatingExpenses": 282847000, "totalOperatingExpenses": 148685000, "operatingIncome": 114839000, "totalOtherIncomeExpenseNet": 13349000, "ebit": 114839000, "interestExpense": -2336000, "incomeBeforeTax": 128188000, "incomeTaxExpense": 18668000, "minorityInterest": {}, "netIncomeFromContinuingOps": 109520000, "discontinuedOperations": {}, "extraordinaryItems": {}, "effectOfAccountingCharges": {}, "otherItems": {}, "netIncome": 109520000, "netIncomeApplicableToCommonShares": 109520000}, {"maxAge": 1, "endDate": "2019-12-31", "totalRevenue": 305996000, "costOfRevenue": 120039000, "grossProfit": 185957000, "researchDevelopment": {}, "sellingGeneralAdministrative": 20180000, "nonRecurring": {}, "otherOperatingExpenses": 14637000, "totalOperatingExpenses": 158292000, "operatingIncome": 147704000, "totalOtherIncomeExpenseNet": -2720000, "ebit": 147704000, "interestExpense": -2721000, "incomeBeforeTax": 144984000, "incomeTaxExpense": 47910000, "minorityInterest": {}, "netIncomeFromContinuingOps": 97074000, "discontinuedOperations": {}, "extraordinaryItems": {}, "effectOfAccountingCharges": {}, "otherItems": {}, "netIncome": 97074000, "netIncomeApplicableToCommonShares": 97074000}, {"maxAge": 1, "endDate": "2019-09-30", "totalRevenue": 164651000, "costOfRevenue": 92576000, "grossProfit": 72075000, "researchDevelopment": {}, "sellingGeneralAdministrative": 17230000, "nonRecurring": {}, "otherOperatingExpenses": 29781000, "totalOperatingExpenses": 142731000, "operatingIncome": 21920000, "totalOtherIncomeExpenseNet": -2181000, "ebit": 21920000, "interestExpense": -2182000, "incomeBeforeTax": 19739000, "incomeTaxExpense": 3712000, "minorityInterest": {}, "netIncomeFromContinuingOps": 16027000, "discontinuedOperations": {}, "extraordinaryItems": {}, "effectOfAccountingCharges": {}, "otherItems": {}, "netIncome": 16027000, "netIncomeApplicableToCommonShares": 16027000}], "maxAge": 86400}, "cashflowStatementHistoryQuarterly": {"cashflowStatements": [{"maxAge": 1, "endDate": "2020-06-30", "netIncome": 55724000, "changeToLiabilities": 0}, {"maxAge": 1, "endDate": "2020-03-31", "netIncome": 109520000, "changeToLiabilities": 0}, {"maxAge": 1, "endDate": "2019-12-31", "netIncome": 97074000, "changeToLiabilities": 0}, {"maxAge": 1, "endDate": "2019-09-30", "netIncome": 16027000, "changeToLiabilities": 0}], "maxAge": 86400}, "insiderHolders": {"holders": [{"maxAge": 1, "name": "Agarwal (Avantika Vijay)", "relation": "UNREPORTED", "url": "", "transactionDescription": "Acquisition", "latestTransDate": "2020-03-13", "positionDirect": 23000, "positionDirectDate": "2020-03-13"}, {"maxAge": 1, "name": "Agarwal (Indu Vijay)", "relation": "UNREPORTED", "url": "", "transactionDescription": "Acquisition", "latestTransDate": "2020-06-17", "positionDirect": 20750, "positionDirectDate": "2020-06-17"}], "maxAge": 1}, "earnings": {"maxAge": 86400, "earningsChart": {"quarterly": [], "earningsDate": ["2020-08-13 05:30:S"]}, "financialsChart": {"yearly": [{"date": 2017, "revenue": 356916000, "earnings": 43775000}, {"date": 2018, "revenue": 387999000, "earnings": 38672000}, {"date": 2019, "revenue": 410499000, "earnings": 64090000}, {"date": 2020, "revenue": 851244000, "earnings": 236746000}], "quarterly": [{"date": "3Q2019", "revenue": 164651000, "earnings": 16027000}, {"date": "4Q2019", "revenue": 305996000, "earnings": 97074000}, {"date": "1Q2020", "revenue": 263524000, "earnings": 109520000}, {"date": "2Q2020", "revenue": 156630000, "earnings": 55724000}]}, "financialCurrency": "INR"}, "calendarEvents": {"maxAge": 1, "earnings": {"earningsDate": ["2020-08-13 05:30:S"]}}, "price": {"maxAge": 1, "regularMarketChangePercent": 0.032015104, "regularMarketChange": 7.650009, "regularMarketTime": "2021-04-30 15:29:59", "priceHint": 2, "regularMarketPrice": 246.6, "regularMarketDayHigh": 253.4, "regularMarketDayLow": 238.0, "regularMarketVolume": 68751, "averageDailyVolume10Day": 34323, "averageDailyVolume3Month": 28241, "regularMarketPreviousClose": 238.95, "regularMarketSource": "FREE_REALTIME", "regularMarketOpen": 238.0, "exchange": "BSE", "exchangeName": "BSE", "exchangeDataDelayedBy": 0, "marketState": "CLOSED", "quoteType": "EQUITY", "symbol": "GUJTHEM.BO", "underlyingSymbol": null, "shortName": "GUJARAT THEMIS BIOSYN LTD.", "longName": "Gujarat Themis Biosyn Limited", "currency": "INR", "quoteSourceName": "Delayed Quote", "currencySymbol": "\u20b9", "fromCurrency": null, "toCurrency": null, "lastMarket": null, "marketCap": 3582777600}, "balanceSheetHistory": {"balanceSheetStatements": [{"maxAge": 1, "endDate": "2020-03-31", "cash": 8595000, "shortTermInvestments": 9102000, "netReceivables": 202959000, "inventory": 60294000, "otherCurrentAssets": 3507000, "totalCurrentAssets": 286958000, "longTermInvestments": 149024000, "propertyPlantEquipment": 174378000, "otherAssets": 30400000, "totalAssets": 640760000, "accountsPayable": 74479000, "shortLongTermDebt": 49654000, "otherCurrentLiab": 8102000, "longTermDebt": 31846000, "otherLiab": 13559000, "totalCurrentLiabilities": 173404000, "totalLiab": 218809000, "commonStock": 72640000, "retainedEarnings": 326099000, "treasuryStock": 1568000, "capitalSurplus": 21644000, "otherStockholderEquity": 1568000, "totalStockholderEquity": 421951000, "netTangibleAssets": 421951000}, {"maxAge": 1, "endDate": "2019-03-31", "cash": 11166000, "shortTermInvestments": 2772000, "netReceivables": 59488000, "inventory": 3369000, "otherCurrentAssets": 3601000, "totalCurrentAssets": 80396000, "longTermInvestments": 63950000, "propertyPlantEquipment": 155611000, "otherAssets": 27622000, "totalAssets": 327579000, "accountsPayable": 55985000, "shortLongTermDebt": 60000000, "otherCurrentLiab": 78000, "otherLiab": 14252000, "totalCurrentLiabilities": 128132000, "totalLiab": 142384000, "commonStock": 72640000, "retainedEarnings": 89343000, "treasuryStock": 1568000, "capitalSurplus": 21644000, "otherStockholderEquity": 1568000, "totalStockholderEquity": 185195000, "netTangibleAssets": 185195000}, {"maxAge": 1, "endDate": "2018-03-31", "cash": 8913000, "shortTermInvestments": 30972000, "netReceivables": 28434000, "inventory": 4622000, "otherCurrentAssets": 5221000, "totalCurrentAssets": 78403000, "longTermInvestments": 610000, "propertyPlantEquipment": 107587000, "otherAssets": 18317000, "totalAssets": 204917000, "accountsPayable": 55811000, "shortLongTermDebt": 5869000, "otherCurrentLiab": 594000, "otherLiab": 4639000, "totalCurrentLiabilities": 79185000, "totalLiab": 83824000, "commonStock": 72640000, "retainedEarnings": 25241000, "treasuryStock": 1568000, "capitalSurplus": 21644000, "otherStockholderEquity": 1568000, "totalStockholderEquity": 121093000, "netTangibleAssets": 121093000}, {"maxAge": 1, "endDate": "2017-03-31", "cash": 1269000, "netReceivables": 70359000, "inventory": 5092000, "otherCurrentAssets": 4779000, "totalCurrentAssets": 82487000, "longTermInvestments": 2340000, "propertyPlantEquipment": 108312000, "otherAssets": 21167000, "totalAssets": 214306000, "accountsPayable": 71388000, "shortLongTermDebt": 21290000, "otherCurrentLiab": 452000, "longTermDebt": 7185000, "otherLiab": 6030000, "totalCurrentLiabilities": 118991000, "totalLiab": 132206000, "commonStock": 72640000, "retainedEarnings": -13752000, "treasuryStock": 1568000, "capitalSurplus": 21644000, "otherStockholderEquity": 1568000, "totalStockholderEquity": 82100000, "netTangibleAssets": 82100000}], "maxAge": 86400}, "earningsTrend": {"trend": [{"maxAge": 1, "period": "0q", "endDate": null, "growth": {}, "earningsEstimate": {"avg": 0.0, "low": 0.0, "high": 0.0, "yearAgoEps": {}, "numberOfAnalysts": 0, "growth": {}}, "revenueEstimate": {"avg": 0, "low": 0, "high": 0, "numberOfAnalysts": 0, "yearAgoRevenue": {}, "growth": {}}, "epsTrend": {"current": 0.0, "7daysAgo": 0.0, "30daysAgo": 0.0, "60daysAgo": 0.0, "90daysAgo": 0.0}, "epsRevisions": {"upLast7days": 0, "upLast30days": 0, "downLast30days": 0, "downLast90days": {}}}, {"maxAge": 1, "period": "+1q", "endDate": null, "growth": {}, "earningsEstimate": {"avg": 0.0, "low": 0.0, "high": 0.0, "yearAgoEps": {}, "numberOfAnalysts": 0, "growth": {}}, "revenueEstimate": {"avg": 0, "low": 0, "high": 0, "numberOfAnalysts": 0, "yearAgoRevenue": {}, "growth": {}}, "epsTrend": {"current": 0.0, "7daysAgo": 0.0, "30daysAgo": 0.0, "60daysAgo": 0.0, "90daysAgo": 0.0}, "epsRevisions": {"upLast7days": 0, "upLast30days": 0, "downLast30days": 0, "downLast90days": {}}}, {"maxAge": 1, "period": "0y", "endDate": null, "growth": {}, "earningsEstimate": {"avg": 0.0, "low": 0.0, "high": 0.0, "yearAgoEps": {}, "numberOfAnalysts": 0, "growth": {}}, "revenueEstimate": {"avg": 0, "low": 0, "high": 0, "numberOfAnalysts": 0, "yearAgoRevenue": {}, "growth": {}}, "epsTrend": {"current": 0.0, "7daysAgo": 0.0, "30daysAgo": 0.0, "60daysAgo": 0.0, "90daysAgo": 0.0}, "epsRevisions": {"upLast7days": 0, "upLast30days": 0, "downLast30days": 0, "downLast90days": {}}}, {"maxAge": 1, "period": "+1y", "endDate": null, "growth": {}, "earningsEstimate": {"avg": 0.0, "low": 0.0, "high": 0.0, "yearAgoEps": {}, "numberOfAnalysts": 0, "growth": {}}, "revenueEstimate": {"avg": 0, "low": 0, "high": 0, "numberOfAnalysts": 0, "yearAgoRevenue": {}, "growth": {}}, "epsTrend": {"current": 0.0, "7daysAgo": 0.0, "30daysAgo": 0.0, "60daysAgo": 0.0, "90daysAgo": 0.0}, "epsRevisions": {"upLast7days": 0, "upLast30days": 0, "downLast30days": 0, "downLast90days": {}}}, {"maxAge": 1, "period": "+5y", "endDate": null, "growth": {}, "earningsEstimate": {"avg": {}, "low": {}, "high": {}, "yearAgoEps": {}, "numberOfAnalysts": {}, "growth": {}}, "revenueEstimate": {"avg": {}, "low": {}, "high": {}, "numberOfAnalysts": {}, "yearAgoRevenue": {}, "growth": {}}, "epsTrend": {"current": {}, "7daysAgo": {}, "30daysAgo": {}, "60daysAgo": {}, "90daysAgo": {}}, "epsRevisions": {"upLast7days": {}, "upLast30days": {}, "downLast30days": {}, "downLast90days": {}}}, {"maxAge": 1, "period": "-5y", "endDate": null, "growth": {}, "earningsEstimate": {"avg": {}, "low": {}, "high": {}, "yearAgoEps": {}, "numberOfAnalysts": {}, "growth": {}}, "revenueEstimate": {"avg": {}, "low": {}, "high": {}, "numberOfAnalysts": {}, "yearAgoRevenue": {}, "growth": {}}, "epsTrend": {"current": {}, "7daysAgo": {}, "30daysAgo": {}, "60daysAgo": {}, "90daysAgo": {}}, "epsRevisions": {"upLast7days": {}, "upLast30days": {}, "downLast30days": {}, "downLast90days": {}}}], "maxAge": 1}, "financialData": {"maxAge": 86400, "currentPrice": 246.6, "recommendationKey": "none", "grossProfits": 725048000, "financialCurrency": "INR"}}}