{"GULFPETRO.NS": {"assetProfile": {"address1": "803 / 804, ACKRUTI STAR", "address2": "8th Floor MIDC Central Rd, Opp. Ackruti Centre Pt MIDC, Andheri (East)", "city": "Mumbai", "zip": "400093", "country": "India", "phone": "91 22 6148 2500", "fax": "91 22 6148 2599", "website": "http://www.gppetroleums.co.in", "industry": "Oil & Gas Refining & Marketing", "sector": "Energy", "longBusinessSummary": "GP Petroleums Limited engages in formulating, manufacturing, and marketing industrial and automotive lubricants, process oils, transformer oils, greases, and other specialties in India and internationally. It offers automotive lubricants, including automotive engine oils, gear and transmission oils, greases, engine coolant and brake fluids, and diesel exhaust fluids. The company also provides industrial lubricants and specialties comprising industrial lubricating and specialty oils; metal working fluids, corrosion preventive oils, cleaners and quenching oils; industrial greases; and horticultural orchard spray oils, as well as process oils and specialties consisting of rubber process oils, white oils and specialties, and transformer oils. GP Petroleums Limited markets its lubricants under the IPOL and REPSOL brand names through distributors and dealers. The company was formerly known as Sah Petroleums Limited and changed its name to GP Petroleums Limited in April 2015. The company was incorporated in 1983 and is headquartered in Mumbai, India. GP Petroleums Limited is a subsidiary of GP Global APAC Pte. Ltd.", "fullTimeEmployees": 283, "companyOfficers": [{"maxAge": 1, "name": "Mr. Prashant  Achar", "title": "Chief Exec. Officer", "exercisedValue": 0, "unexercisedValue": 0}, {"maxAge": 1, "name": "Mr. Arjun  Verma", "title": "Chief Financial Officer", "exercisedValue": 0, "unexercisedValue": 0}, {"maxAge": 1, "name": "Mr. Bijay Kumar Sanku", "age": 49, "title": "Company Sec. & Chief Compliance Officer", "yearBorn": 1971, "exercisedValue": 0, "unexercisedValue": 0}, {"maxAge": 1, "name": "Mr. Vishnu  Vijay", "title": "Head HR & Admin", "exercisedValue": 0, "unexercisedValue": 0}, {"maxAge": 1, "name": "Mr. Rajat  Moitra", "title": "Head of Marketing", "exercisedValue": 0, "unexercisedValue": 0}, {"maxAge": 1, "name": "Mr. Farooque  Warsi", "title": "Head of RPO & Exports", "exercisedValue": 0, "unexercisedValue": 0}, {"maxAge": 1, "name": "Mr. Jogesh  Sharma", "title": "Head of Industrial Lubricants", "exercisedValue": 0, "unexercisedValue": 0}, {"maxAge": 1, "name": "Dr. Kalpendra  Rajurkar", "title": "Head of R&D & QC", "exercisedValue": 0, "unexercisedValue": 0}], "maxAge": 86400}, "recommendationTrend": {"trend": [{"period": "0m", "strongBuy": 0, "buy": 0, "hold": 0, "sell": 0, "strongSell": 0}, {"period": "-1m", "strongBuy": 0, "buy": 0, "hold": 0, "sell": 0, "strongSell": 0}, {"period": "-2m", "strongBuy": 0, "buy": 0, "hold": 0, "sell": 0, "strongSell": 0}, {"period": "-3m", "strongBuy": 0, "buy": 0, "hold": 0, "sell": 0, "strongSell": 0}], "maxAge": 86400}, "cashflowStatementHistory": {"cashflowStatements": [{"maxAge": 1, "endDate": "2020-03-31", "netIncome": 155604959, "depreciation": 35845444, "changeToNetincome": 39430898, "changeToAccountReceivables": 123855291, "changeToLiabilities": -21798261, "changeToInventory": 776003236, "changeToOperatingActivities": -6552087, "totalCashFromOperatingActivities": 1102389480, "capitalExpenditures": -19809345, "investments": -7597, "otherCashflowsFromInvestingActivities": 12861419, "totalCashflowsFromInvestingActivities": -6528699, "dividendsPaid": -38240200, "netBorrowings": -977883153, "otherCashflowsFromFinancingActivities": -74770697, "totalCashFromFinancingActivities": -1090894050, "changeInCash": 4966731}, {"maxAge": 1, "endDate": "2019-03-31", "netIncome": 162498752, "depreciation": 31845168, "changeToNetincome": 42571864, "changeToAccountReceivables": 489910730, "changeToLiabilities": -434932170, "changeToInventory": -197068129, "changeToOperatingActivities": -219621813, "totalCashFromOperatingActivities": -124795598, "capitalExpenditures": -8642334, "investments": -7846, "otherCashflowsFromInvestingActivities": 11535573, "totalCashflowsFromInvestingActivities": 3047638, "dividendsPaid": -38298842, "netBorrowings": 132867488, "otherCashflowsFromFinancingActivities": -72955674, "totalCashFromFinancingActivities": 21612972, "changeInCash": -100134987}, {"maxAge": 1, "endDate": "2018-03-31", "netIncome": 163624915, "depreciation": 31223129, "changeToNetincome": 41385069, "changeToAccountReceivables": -125982694, "changeToLiabilities": 173764129, "changeToInventory": -655041969, "changeToOperatingActivities": 23849197, "totalCashFromOperatingActivities": -347178224, "capitalExpenditures": -16541512, "investments": 49647270, "otherCashflowsFromInvestingActivities": 5347793, "totalCashflowsFromInvestingActivities": 39169957, "dividendsPaid": -38238287, "netBorrowings": 411726024, "otherCashflowsFromFinancingActivities": -46078754, "totalCashFromFinancingActivities": 327408983, "changeInCash": 19400716}, {"maxAge": 1, "endDate": "2017-03-31", "netIncome": 204807012, "depreciation": 29949192, "changeToNetincome": -9471564, "changeToAccountReceivables": 133577654, "changeToLiabilities": 143146706, "changeToInventory": -132302310, "changeToOperatingActivities": -80194924, "totalCashFromOperatingActivities": 289511766, "capitalExpenditures": -10523549, "investments": -49635981, "otherCashflowsFromInvestingActivities": 9828981, "totalCashflowsFromInvestingActivities": 8904095, "dividendsPaid": -5098438, "netBorrowings": -338877473, "otherCashflowsFromFinancingActivities": -54632697, "totalCashFromFinancingActivities": -398608608, "changeInCash": -100192747}], "maxAge": 86400}, "indexTrend": {"maxAge": 1, "symbol": "SP5", "peRatio": 19.7411, "pegRatio": 1.34172, "estimates": [{"period": "0q", "growth": 0.549}, {"period": "+1q", "growth": 0.431}, {"period": "0y", "growth": 0.305}, {"period": "+1y", "growth": 0.109}, {"period": "+5y", "growth": 0.120865}, {"period": "-5y"}]}, "defaultKeyStatistics": {"maxAge": 1, "priceHint": 2, "enterpriseValue": 2849403904, "profitMargins": 0.02791, "floatShares": 13590698, "sharesOutstanding": 50984400, "heldPercentInsiders": 0.73389, "heldPercentInstitutions": 0.0, "beta": 1.121059, "category": null, "bookValue": 44.171, "priceToBook": 0.97348934, "fundFamily": null, "legalType": null, "lastFiscalYearEnd": "2020-03-31 05:30:00", "nextFiscalYearEnd": "2022-03-31 05:30:00", "mostRecentQuarter": "2020-12-31 05:30:00", "earningsQuarterlyGrowth": 0.604, "netIncomeToCommon": 142218960, "trailingEps": 2.784, "lastSplitFactor": "42:19", "lastSplitDate": "2013-07-09 05:30:00", "enterpriseToRevenue": 0.559, "enterpriseToEbitda": 11.569}, "industryTrend": {"maxAge": 1, "symbol": null, "estimates": []}, "quoteType": {"exchange": "NSI", "quoteType": "EQUITY", "symbol": "GULFPETRO.NS", "underlyingSymbol": "GULFPETRO.NS", "shortName": "GP PETROLEUMS LTD", "longName": "GP Petroleums Limited", "firstTradeDateEpochUtc": "2004-09-24 09:15:00", "timeZoneFullName": "Asia/Kolkata", "timeZoneShortName": "IST", "uuid": "096ced72-edb7-32e4-884a-2514dfb30b52", "gmtOffSetMilliseconds": 19800000, "maxAge": 1}, "incomeStatementHistory": {"incomeStatementHistory": [{"maxAge": 1, "endDate": "2020-03-31", "totalRevenue": 4954791521, "costOfRevenue": 4165991629, "grossProfit": 788799892, "researchDevelopment": {}, "sellingGeneralAdministrative": 277426142, "nonRecurring": {}, "otherOperatingExpenses": 222667735, "totalOperatingExpenses": 4701930950, "operatingIncome": 252860571, "totalOtherIncomeExpenseNet": -65607112, "ebit": 252860571, "interestExpense": -49429971, "incomeBeforeTax": 187253459, "incomeTaxExpense": 31648500, "minorityInterest": {}, "netIncomeFromContinuingOps": 155604959, "discontinuedOperations": {}, "extraordinaryItems": {}, "effectOfAccountingCharges": {}, "otherItems": {}, "netIncome": 155604959, "netIncomeApplicableToCommonShares": 155604959}, {"maxAge": 1, "endDate": "2019-03-31", "totalRevenue": 6068772474, "costOfRevenue": 5241298130, "grossProfit": 827474344, "researchDevelopment": {}, "sellingGeneralAdministrative": 302730904, "nonRecurring": {}, "otherOperatingExpenses": 179787310, "totalOperatingExpenses": 5755661512, "operatingIncome": 313110962, "totalOtherIncomeExpenseNet": -58657167, "ebit": 313110962, "interestExpense": -34064642, "incomeBeforeTax": 254453795, "incomeTaxExpense": 91955043, "minorityInterest": {}, "netIncomeFromContinuingOps": 162498752, "discontinuedOperations": {}, "extraordinaryItems": {}, "effectOfAccountingCharges": {}, "otherItems": {}, "netIncome": 162498752, "netIncomeApplicableToCommonShares": 162498752}, {"maxAge": 1, "endDate": "2018-03-31", "totalRevenue": 5190502289, "costOfRevenue": 4332213373, "grossProfit": 858288916, "researchDevelopment": {}, "sellingGeneralAdministrative": 287201960, "nonRecurring": {}, "otherOperatingExpenses": 224023967, "totalOperatingExpenses": 4874662429, "operatingIncome": 315839860, "totalOtherIncomeExpenseNet": -65551181, "ebit": 315839860, "interestExpense": -38294002, "incomeBeforeTax": 250288679, "incomeTaxExpense": 86663764, "minorityInterest": {}, "netIncomeFromContinuingOps": 163624915, "discontinuedOperations": {}, "extraordinaryItems": {}, "effectOfAccountingCharges": {}, "otherItems": {}, "netIncome": 163624915, "netIncomeApplicableToCommonShares": 163624916}, {"maxAge": 1, "endDate": "2017-03-31", "totalRevenue": 4803078935, "costOfRevenue": 3619641994, "grossProfit": 1183436941, "researchDevelopment": {}, "sellingGeneralAdministrative": 528305930, "nonRecurring": {}, "otherOperatingExpenses": 347744195, "totalOperatingExpenses": 4525641311, "operatingIncome": 277437624, "totalOtherIncomeExpenseNet": 34934437, "ebit": 277437624, "interestExpense": -53594757, "incomeBeforeTax": 312372061, "incomeTaxExpense": 107565049, "minorityInterest": {}, "netIncomeFromContinuingOps": 204807012, "discontinuedOperations": {}, "extraordinaryItems": {}, "effectOfAccountingCharges": {}, "otherItems": {}, "netIncome": 204807012, "netIncomeApplicableToCommonShares": 204807012}], "maxAge": 86400}, "fundOwnership": {"ownershipList": [], "maxAge": 1}, "summaryDetail": {"maxAge": 1, "priceHint": 2, "previousClose": 41.9, "open": 41.55, "dayLow": 40.7, "dayHigh": 44.0, "regularMarketPreviousClose": 41.9, "regularMarketOpen": 41.55, "regularMarketDayLow": 40.7, "regularMarketDayHigh": 44.0, "dividendRate": 0.75, "dividendYield": 0.0179, "exDividendDate": "2020-09-21 05:30:00", "payoutRatio": 0.2698, "fiveYearAvgDividendYield": 1.2, "beta": 1.121059, "trailingPE": 15.445403, "volume": 141745, "regularMarketVolume": 141745, "averageVolume": 64133, "averageVolume10days": 55692, "averageDailyVolume10Day": 55692, "bid": 0.0, "ask": 0.0, "bidSize": 0, "askSize": 0, "marketCap": 2187096064, "fiftyTwoWeekLow": 30.65, "fiftyTwoWeekHigh": 55.25, "priceToSalesTrailing12Months": 0.4292073, "fiftyDayAverage": 40.588234, "twoHundredDayAverage": 41.323757, "trailingAnnualDividendRate": 0.75, "trailingAnnualDividendYield": 0.017899761, "currency": "INR", "fromCurrency": null, "lastMarket": null, "algorithm": null, "tradeable": false}, "insiderHolders": {"holders": [{"maxAge": 1, "name": "Goel (Pallavi)", "relation": "Additonal Director", "url": "", "transactionDescription": "Acquisition", "latestTransDate": "2020-03-24", "positionDirect": 170714, "positionDirectDate": "2020-03-24"}, {"maxAge": 1, "name": "Goel (Prerit)", "relation": "Promoter", "url": "", "transactionDescription": "Gift", "latestTransDate": "2020-09-16", "positionDirect": 0, "positionDirectDate": "2020-09-16"}, {"maxAge": 1, "name": "Gulf Petrochem Energy Pvt. Ltd.", "relation": "Promoter", "url": "", "transactionDescription": "Acquisition", "latestTransDate": "2014-12-05", "positionDirect": 9529260, "positionDirectDate": "2014-12-05"}, {"maxAge": 1, "name": "Gulf Petrochem Pte. Ltd.", "relation": "Institution- Corporation", "url": "", "transactionDescription": "Purchase", "latestTransDate": "2014-07-31", "positionDirect": 27300000, "positionDirectDate": "2014-07-31"}, {"maxAge": 1, "name": "Sah (Aditya Rajendra)", "relation": "Promoter", "url": "", "transactionDescription": "Sale", "latestTransDate": "2014-07-31", "positionDirect": 0, "positionDirectDate": "2014-07-31"}, {"maxAge": 1, "name": "Sah (Aditya Rajendra) HUF", "relation": "UNREPORTED", "url": "", "transactionDescription": "Sale", "latestTransDate": "2013-03-14", "positionDirect": 1250000, "positionDirectDate": "2013-03-14"}, {"maxAge": 1, "name": "Sah (Rajendra)", "relation": "Promoter", "url": "", "transactionDescription": "Sale", "latestTransDate": "2014-07-31", "positionDirect": 0, "positionDirectDate": "2014-07-31"}, {"maxAge": 1, "name": "Sah (Shobha Rajendra)", "relation": "Promoter", "url": "", "transactionDescription": "Sale", "latestTransDate": "2014-07-31", "positionDirect": 0, "positionDirectDate": "2014-07-31"}, {"maxAge": 1, "name": "Sah (Vivek Rajendra)", "relation": "Promoter", "url": "", "transactionDescription": "Sale", "latestTransDate": "2014-07-31", "positionDirect": 0, "positionDirectDate": "2014-07-31"}, {"maxAge": 1, "name": "Sah (Vivek Rajendra) HUF", "relation": "UNREPORTED", "url": "", "transactionDescription": "Sale", "latestTransDate": "2013-03-14", "positionDirect": 1250000, "positionDirectDate": "2013-03-14"}], "maxAge": 1}, "calendarEvents": {"maxAge": 1, "earnings": {"earningsDate": []}, "exDividendDate": "2020-09-21 05:30:00"}, "upgradeDowngradeHistory": {"history": [], "maxAge": 86400}, "price": {"maxAge": 1, "regularMarketChangePercent": 0.026252948, "regularMarketChange": 1.0999985, "regularMarketTime": "2021-04-30 15:29:56", "priceHint": 2, "regularMarketPrice": 43.0, "regularMarketDayHigh": 44.0, "regularMarketDayLow": 40.7, "regularMarketVolume": 141745, "averageDailyVolume10Day": 55692, "averageDailyVolume3Month": 64133, "regularMarketPreviousClose": 41.9, "regularMarketSource": "FREE_REALTIME", "regularMarketOpen": 41.55, "exchange": "NSI", "exchangeName": "NSE", "exchangeDataDelayedBy": 15, "marketState": "CLOSED", "quoteType": "EQUITY", "symbol": "GULFPETRO.NS", "underlyingSymbol": null, "shortName": "GP PETROLEUMS LTD", "longName": "GP Petroleums Limited", "currency": "INR", "quoteSourceName": "Delayed Quote", "currencySymbol": "\u20b9", "fromCurrency": null, "lastMarket": null, "marketCap": 2187096064}, "balanceSheetHistory": {"balanceSheetStatements": [{"maxAge": 1, "endDate": "2020-03-31", "cash": 11678366, "shortTermInvestments": 197543, "netReceivables": 797499521, "inventory": 785171708, "otherCurrentAssets": 502720643, "totalCurrentAssets": 2101945403, "propertyPlantEquipment": 712121113, "intangibleAssets": 1003859, "otherAssets": 151298373, "totalAssets": 2966368748, "accountsPayable": 139818798, "otherCurrentLiab": 118786389, "longTermDebt": 1350989, "otherLiab": 51931045, "totalCurrentLiabilities": 682255809, "totalLiab": 773606043, "commonStock": 254921915, "retainedEarnings": 1478885495, "treasuryStock": 5506369, "capitalSurplus": 453448926, "otherStockholderEquity": 5506369, "totalStockholderEquity": 2192762705, "netTangibleAssets": 2191758846}, {"maxAge": 1, "endDate": "2019-03-31", "cash": 6711635, "shortTermInvestments": 189946, "netReceivables": 921093627, "inventory": 1561174944, "otherCurrentAssets": 508782890, "totalCurrentAssets": 3011612513, "propertyPlantEquipment": 681329686, "intangibleAssets": 1331020, "otherAssets": 148668327, "totalAssets": 3842941546, "accountsPayable": 161381024, "otherCurrentLiab": 157225737, "longTermDebt": 2067373, "otherLiab": 69289802, "totalCurrentLiabilities": 1690809809, "totalLiab": 1762166984, "commonStock": 254921915, "retainedEarnings": 1369381122, "treasuryStock": 3022599, "capitalSurplus": 453448926, "otherStockholderEquity": 3022599, "totalStockholderEquity": 2080774562, "netTangibleAssets": 2079443542}, {"maxAge": 1, "endDate": "2018-03-31", "cash": 106846622, "shortTermInvestments": 182100, "netReceivables": 1409835273, "inventory": 1364106815, "otherCurrentAssets": 334849916, "totalCurrentAssets": 3223317344, "propertyPlantEquipment": 702983072, "intangibleAssets": 2277369, "otherAssets": 151883876, "totalAssets": 4080461661, "accountsPayable": 597395497, "otherCurrentLiab": 139587535, "longTermDebt": 2734197, "otherLiab": 68195536, "totalCurrentLiabilities": 2048645700, "totalLiab": 2119575433, "commonStock": 254921915, "retainedEarnings": 1253044028, "treasuryStock": -528641, "capitalSurplus": 453448926, "otherStockholderEquity": -528641, "totalStockholderEquity": 1960886228, "netTangibleAssets": 1958608859}, {"maxAge": 1, "endDate": "2017-03-31", "cash": 87445906, "shortTermInvestments": 50170762, "netReceivables": 1283974056, "inventory": 709064846, "otherCurrentAssets": 273528953, "totalCurrentAssets": 2410630651, "propertyPlantEquipment": 716465243, "intangibleAssets": 3283260, "otherAssets": 169277775, "totalAssets": 3299656929, "accountsPayable": 424362636, "shortLongTermDebt": 804796, "otherCurrentLiab": 77657484, "otherLiab": 70098123, "totalCurrentLiabilities": 1389255004, "totalLiab": 1459353127, "commonStock": 254921915, "retainedEarnings": 1135442151, "treasuryStock": -3509190, "capitalSurplus": 453448926, "otherStockholderEquity": -3509190, "totalStockholderEquity": 1840303802, "netTangibleAssets": 1837020542}], "maxAge": 86400}, "earningsTrend": {"trend": [{"maxAge": 1, "period": "0q", "endDate": null, "growth": {}, "earningsEstimate": {"avg": 0.0, "low": 0.0, "high": 0.0, "yearAgoEps": {}, "numberOfAnalysts": 0, "growth": {}}, "revenueEstimate": {"avg": 0, "low": 0, "high": 0, "numberOfAnalysts": 0, "yearAgoRevenue": {}, "growth": {}}, "epsTrend": {"current": 0.0, "7daysAgo": 0.0, "30daysAgo": 0.0, "60daysAgo": 0.0, "90daysAgo": 0.0}, "epsRevisions": {"upLast7days": 0, "upLast30days": 0, "downLast30days": 0, "downLast90days": {}}}, {"maxAge": 1, "period": "+1q", "endDate": null, "growth": {}, "earningsEstimate": {"avg": 0.0, "low": 0.0, "high": 0.0, "yearAgoEps": {}, "numberOfAnalysts": 0, "growth": {}}, "revenueEstimate": {"avg": 0, "low": 0, "high": 0, "numberOfAnalysts": 0, "yearAgoRevenue": {}, "growth": {}}, "epsTrend": {"current": 0.0, "7daysAgo": 0.0, "30daysAgo": 0.0, "60daysAgo": 0.0, "90daysAgo": 0.0}, "epsRevisions": {"upLast7days": 0, "upLast30days": 0, "downLast30days": 0, "downLast90days": {}}}, {"maxAge": 1, "period": "0y", "endDate": null, "growth": {}, "earningsEstimate": {"avg": 0.0, "low": 0.0, "high": 0.0, "yearAgoEps": {}, "numberOfAnalysts": 0, "growth": {}}, "revenueEstimate": {"avg": 0, "low": 0, "high": 0, "numberOfAnalysts": 0, "yearAgoRevenue": {}, "growth": {}}, "epsTrend": {"current": 0.0, "7daysAgo": 0.0, "30daysAgo": 0.0, "60daysAgo": 0.0, "90daysAgo": 0.0}, "epsRevisions": {"upLast7days": 0, "upLast30days": 0, "downLast30days": 0, "downLast90days": {}}}, {"maxAge": 1, "period": "+1y", "endDate": null, "growth": {}, "earningsEstimate": {"avg": 0.0, "low": 0.0, "high": 0.0, "yearAgoEps": {}, "numberOfAnalysts": 0, "growth": {}}, "revenueEstimate": {"avg": 0, "low": 0, "high": 0, "numberOfAnalysts": 0, "yearAgoRevenue": {}, "growth": {}}, "epsTrend": {"current": 0.0, "7daysAgo": 0.0, "30daysAgo": 0.0, "60daysAgo": 0.0, "90daysAgo": 0.0}, "epsRevisions": {"upLast7days": 0, "upLast30days": 0, "downLast30days": 0, "downLast90days": {}}}, {"maxAge": 1, "period": "+5y", "endDate": null, "growth": {}, "earningsEstimate": {"avg": {}, "low": {}, "high": {}, "yearAgoEps": {}, "numberOfAnalysts": {}, "growth": {}}, "revenueEstimate": {"avg": {}, "low": {}, "high": {}, "numberOfAnalysts": {}, "yearAgoRevenue": {}, "growth": {}}, "epsTrend": {"current": {}, "7daysAgo": {}, "30daysAgo": {}, "60daysAgo": {}, "90daysAgo": {}}, "epsRevisions": {"upLast7days": {}, "upLast30days": {}, "downLast30days": {}, "downLast90days": {}}}, {"maxAge": 1, "period": "-5y", "endDate": null, "growth": {}, "earningsEstimate": {"avg": {}, "low": {}, "high": {}, "yearAgoEps": {}, "numberOfAnalysts": {}, "growth": {}}, "revenueEstimate": {"avg": {}, "low": {}, "high": {}, "numberOfAnalysts": {}, "yearAgoRevenue": {}, "growth": {}}, "epsTrend": {"current": {}, "7daysAgo": {}, "30daysAgo": {}, "60daysAgo": {}, "90daysAgo": {}}, "epsRevisions": {"upLast7days": {}, "upLast30days": {}, "downLast30days": {}, "downLast90days": {}}}], "maxAge": 1}, "institutionOwnership": {"ownershipList": [], "maxAge": 1}, "majorHoldersBreakdown": {"maxAge": 1, "insidersPercentHeld": 0.73389, "institutionsPercentHeld": 0.0, "institutionsFloatPercentHeld": 0.0, "institutionsCount": 0}, "balanceSheetHistoryQuarterly": {"balanceSheetStatements": [{"maxAge": 1, "endDate": "2020-12-31", "totalStockholderEquity": 2246632000, "netTangibleAssets": 2245712000}, {"maxAge": 1, "endDate": "2020-09-30", "cash": 308000, "shortTermInvestments": 11415000, "netReceivables": 837206000, "inventory": 984439000, "otherCurrentAssets": 761086000, "totalCurrentAssets": 2594454000, "propertyPlantEquipment": 694348000, "intangibleAssets": 920000, "otherAssets": 116315000, "totalAssets": 3406037000, "accountsPayable": 182399000, "otherCurrentLiab": 215217000, "otherLiab": 40648000, "totalCurrentLiabilities": 1073690000, "totalLiab": 1159405000, "commonStock": 254922000, "treasuryStock": 1991710000, "otherStockholderEquity": 1991710000, "totalStockholderEquity": 2246632000, "netTangibleAssets": 2245712000}, {"maxAge": 1, "endDate": "2020-06-30", "totalStockholderEquity": 2192763000, "netTangibleAssets": 2191759000}, {"maxAge": 1, "endDate": "2020-03-31", "cash": 11678366, "shortTermInvestments": 197543, "netReceivables": 797499521, "inventory": 785171708, "otherCurrentAssets": 502720643, "totalCurrentAssets": 2101945403, "propertyPlantEquipment": 712121113, "intangibleAssets": 1003859, "otherAssets": 151298373, "totalAssets": 2966368748, "accountsPayable": 139818798, "otherCurrentLiab": 118786389, "longTermDebt": 1350989, "otherLiab": 51931045, "totalCurrentLiabilities": 682255809, "totalLiab": 773606043, "commonStock": 254921915, "retainedEarnings": 1478885495, "treasuryStock": 5506369, "capitalSurplus": 453448926, "otherStockholderEquity": 5506369, "totalStockholderEquity": 2192762705, "netTangibleAssets": 2191758846}], "maxAge": 86400}, "earningsHistory": {"history": [{"maxAge": 1, "epsActual": {}, "epsEstimate": {}, "epsDifference": {}, "surprisePercent": {}, "quarter": {}, "period": "-4q"}, {"maxAge": 1, "epsActual": {}, "epsEstimate": {}, "epsDifference": {}, "surprisePercent": {}, "quarter": {}, "period": "-3q"}, {"maxAge": 1, "epsActual": {}, "epsEstimate": {}, "epsDifference": {}, "surprisePercent": {}, "quarter": {}, "period": "-2q"}, {"maxAge": 1, "epsActual": {}, "epsEstimate": {}, "epsDifference": {}, "surprisePercent": {}, "quarter": {}, "period": "-1q"}], "maxAge": 86400}, "summaryProfile": {"address1": "803 / 804, ACKRUTI STAR", "address2": "8th Floor MIDC Central Rd, Opp. Ackruti Centre Pt MIDC, Andheri (East)", "city": "Mumbai", "zip": "400093", "country": "India", "phone": "91 22 6148 2500", "fax": "91 22 6148 2599", "website": "http://www.gppetroleums.co.in", "industry": "Oil & Gas Refining & Marketing", "sector": "Energy", "longBusinessSummary": "GP Petroleums Limited engages in formulating, manufacturing, and marketing industrial and automotive lubricants, process oils, transformer oils, greases, and other specialties in India and internationally. It offers automotive lubricants, including automotive engine oils, gear and transmission oils, greases, engine coolant and brake fluids, and diesel exhaust fluids. The company also provides industrial lubricants and specialties comprising industrial lubricating and specialty oils; metal working fluids, corrosion preventive oils, cleaners and quenching oils; industrial greases; and horticultural orchard spray oils, as well as process oils and specialties consisting of rubber process oils, white oils and specialties, and transformer oils. GP Petroleums Limited markets its lubricants under the IPOL and REPSOL brand names through distributors and dealers. The company was formerly known as Sah Petroleums Limited and changed its name to GP Petroleums Limited in April 2015. The company was incorporated in 1983 and is headquartered in Mumbai, India. GP Petroleums Limited is a subsidiary of GP Global APAC Pte. Ltd.", "fullTimeEmployees": 283, "companyOfficers": [], "maxAge": 86400}, "netSharePurchaseActivity": {"maxAge": 1, "period": "6m", "buyInfoCount": 0, "buyInfoShares": 0, "sellInfoCount": 0, "netInfoCount": 0, "netInfoShares": 0, "netPercentInsiderShares": 0.0, "totalInsiderShares": 37482440}, "insiderTransactions": {"transactions": [{"maxAge": 1, "shares": 109536, "filerUrl": "", "transactionText": "Gift at price 0.00 per share.", "filerName": "Goel (Prerit)", "filerRelation": "Promoter", "moneyText": "", "startDate": "2020-09-16", "ownership": "D"}, {"maxAge": 1, "shares": 27949, "filerUrl": "", "transactionText": "", "filerName": "Goel (Pallavi)", "filerRelation": "Additonal Director", "moneyText": "", "startDate": "2020-03-24", "ownership": "D"}, {"maxAge": 1, "shares": 5189, "filerUrl": "", "transactionText": "", "filerName": "Goel (Pallavi)", "filerRelation": "Additonal Director", "moneyText": "", "startDate": "2020-03-20", "ownership": "D"}, {"maxAge": 1, "shares": 19516, "filerUrl": "", "transactionText": "", "filerName": "Goel (Pallavi)", "filerRelation": "Additonal Director", "moneyText": "", "startDate": "2020-03-19", "ownership": "D"}, {"maxAge": 1, "shares": 61295, "filerUrl": "", "transactionText": "", "filerName": "Goel (Pallavi)", "filerRelation": "Additonal Director", "moneyText": "", "startDate": "2020-03-18", "ownership": "D"}, {"maxAge": 1, "shares": 1700, "filerUrl": "", "transactionText": "", "filerName": "Goel (Prerit)", "filerRelation": "Vice Chairman", "moneyText": "", "startDate": "2019-03-06", "ownership": "D"}, {"maxAge": 1, "shares": 44531, "filerUrl": "", "transactionText": "", "filerName": "Goel (Prerit)", "filerRelation": "Vice Chairman", "moneyText": "", "startDate": "2019-02-21", "ownership": "D"}, {"maxAge": 1, "shares": 1490, "filerUrl": "", "transactionText": "", "filerName": "Goel (Prerit)", "filerRelation": "Vice Chairman", "moneyText": "", "startDate": "2018-12-14", "ownership": "D"}, {"maxAge": 1, "shares": 1500, "filerUrl": "", "transactionText": "", "filerName": "Goel (Prerit)", "filerRelation": "Vice Chairman", "moneyText": "", "startDate": "2018-11-21", "ownership": "D"}, {"maxAge": 1, "shares": 15700, "filerUrl": "", "transactionText": "", "filerName": "Goel (Prerit)", "filerRelation": "Vice Chairman", "moneyText": "", "startDate": "2018-11-14", "ownership": "D"}, {"maxAge": 1, "shares": 3500, "filerUrl": "", "transactionText": "", "filerName": "Goel (Prerit)", "filerRelation": "Vice Chairman", "moneyText": "", "startDate": "2018-08-29", "ownership": "D"}, {"maxAge": 1, "shares": 1300, "filerUrl": "", "transactionText": "", "filerName": "Goel (Prerit)", "filerRelation": "Vice Chairman", "moneyText": "", "startDate": "2018-07-03", "ownership": "D"}, {"maxAge": 1, "shares": 7100, "filerUrl": "", "transactionText": "", "filerName": "Goel (Pallavi)", "filerRelation": "Additonal Director", "moneyText": "", "startDate": "2018-05-21", "ownership": "D"}, {"maxAge": 1, "shares": 13795, "filerUrl": "", "transactionText": "", "filerName": "Goel (Pallavi)", "filerRelation": "Additonal Director", "moneyText": "", "startDate": "2018-05-18", "ownership": "D"}, {"maxAge": 1, "shares": 6870, "filerUrl": "", "transactionText": "", "filerName": "Goel (Pallavi)", "filerRelation": "Additonal Director", "moneyText": "", "startDate": "2018-03-26", "ownership": "D"}, {"maxAge": 1, "shares": 14000, "filerUrl": "", "transactionText": "", "filerName": "Goel (Pallavi)", "filerRelation": "Additonal Director", "moneyText": "", "startDate": "2017-11-24", "ownership": "D"}, {"maxAge": 1, "shares": 3196, "filerUrl": "", "transactionText": "", "filerName": "Gulf Petrochem Energy Pvt. Ltd.", "filerRelation": "Promoter", "moneyText": "", "startDate": "2014-12-05", "ownership": "D"}, {"maxAge": 1, "shares": 9526064, "filerUrl": "", "transactionText": "", "filerName": "Gulf Petrochem Energy Pvt. Ltd.", "filerRelation": "Institution- Corporation", "moneyText": "", "startDate": "2014-07-31", "ownership": "D"}, {"maxAge": 1, "shares": 2080153, "filerUrl": "", "transactionText": "", "filerName": "Sah (Aditya Rajendra)", "filerRelation": "Promoter", "moneyText": "", "startDate": "2014-07-31", "ownership": "D"}, {"maxAge": 1, "shares": 2080204, "filerUrl": "", "transactionText": "", "filerName": "Sah (Vivek Rajendra)", "filerRelation": "Promoter", "moneyText": "", "startDate": "2014-07-31", "ownership": "D"}, {"maxAge": 1, "shares": 2704000, "filerUrl": "", "transactionText": "", "filerName": "Sah (Shobha Rajendra)", "filerRelation": "Promoter", "moneyText": "", "startDate": "2014-07-31", "ownership": "D"}, {"maxAge": 1, "shares": 27300000, "filerUrl": "", "transactionText": "", "filerName": "Gulf Petrochem Pte. Ltd.", "filerRelation": "Institution- Corporation", "moneyText": "", "startDate": "2014-07-31", "ownership": "D"}, {"maxAge": 1, "shares": 1565935, "filerUrl": "", "transactionText": "", "filerName": "Sah (Rajendra)", "filerRelation": "Promoter", "moneyText": "", "startDate": "2014-07-31", "ownership": "D"}, {"maxAge": 1, "shares": 1000000, "filerUrl": "", "transactionText": "", "filerName": "Sah (Rajendra)", "filerRelation": "Executive Chairman", "moneyText": "", "startDate": "2013-03-16", "ownership": "D"}, {"maxAge": 1, "shares": 500000, "filerUrl": "", "transactionText": "", "filerName": "Sah (Aditya Rajendra) HUF", "filerRelation": "UNREPORTED", "moneyText": "", "startDate": "2013-03-14", "ownership": "D"}, {"maxAge": 1, "shares": 500000, "filerUrl": "", "transactionText": "", "filerName": "Sah (Vivek Rajendra) HUF", "filerRelation": "UNREPORTED", "moneyText": "", "startDate": "2013-03-14", "ownership": "D"}, {"maxAge": 1, "shares": 3000000, "filerUrl": "", "transactionText": "", "filerName": "Sah (Rajendra)", "filerRelation": "Executive Chairman", "moneyText": "", "startDate": "2013-02-28", "ownership": "D"}, {"maxAge": 1, "shares": 1500000, "filerUrl": "", "transactionText": "", "filerName": "Sah (Aditya Rajendra) HUF", "filerRelation": "UNREPORTED", "moneyText": "", "startDate": "2013-02-28", "ownership": "D"}, {"maxAge": 1, "shares": 1500000, "filerUrl": "", "transactionText": "", "filerName": "Sah (Vivek Rajendra) HUF", "filerRelation": "UNREPORTED", "moneyText": "", "startDate": "2013-02-28", "ownership": "D"}, {"maxAge": 1, "shares": 500000, "filerUrl": "", "transactionText": "", "filerName": "Sah (Rajendra) HUF", "filerRelation": "Promoter", "moneyText": "", "startDate": "2013-02-27", "ownership": "D"}, {"maxAge": 1, "shares": 250000, "filerUrl": "", "transactionText": "", "filerName": "Sah (Vivek Rajendra) HUF", "filerRelation": "UNREPORTED", "moneyText": "", "startDate": "2013-02-27", "ownership": "D"}, {"maxAge": 1, "shares": 250000, "filerUrl": "", "transactionText": "", "filerName": "Sah (Aditya Rajendra) HUF", "filerRelation": "UNREPORTED", "moneyText": "", "startDate": "2013-02-27", "ownership": "D"}, {"maxAge": 1, "shares": 204, "filerUrl": "", "transactionText": "", "filerName": "Sah (Vivek Rajendra)", "filerRelation": "Managing Director", "moneyText": "", "startDate": "2012-06-26", "ownership": "D"}, {"maxAge": 1, "shares": 153, "filerUrl": "", "transactionText": "", "filerName": "Sah (Aditya Rajendra)", "filerRelation": "Joint Managing director", "moneyText": "", "startDate": "2012-06-26", "ownership": "D"}], "maxAge": 1}, "sectorTrend": {"maxAge": 1, "symbol": null, "estimates": []}, "incomeStatementHistoryQuarterly": {"incomeStatementHistory": [{"maxAge": 1, "endDate": "2020-12-31", "totalRevenue": 1698699000, "costOfRevenue": 1413019000, "grossProfit": 285680000, "researchDevelopment": {}, "sellingGeneralAdministrative": 60216000, "nonRecurring": {}, "otherOperatingExpenses": 125105000, "totalOperatingExpenses": 1606625000, "operatingIncome": 92074000, "totalOtherIncomeExpenseNet": 8813000, "ebit": 92074000, "interestExpense": -536000, "incomeBeforeTax": 100887000, "incomeTaxExpense": 25298000, "minorityInterest": {}, "netIncomeFromContinuingOps": 75589000, "discontinuedOperations": {}, "extraordinaryItems": {}, "effectOfAccountingCharges": {}, "otherItems": {}, "netIncome": 75589000, "netIncomeApplicableToCommonShares": 75589000}, {"maxAge": 1, "endDate": "2020-09-30", "totalRevenue": 1683709000, "costOfRevenue": 1427410000, "grossProfit": 256299000, "researchDevelopment": {}, "sellingGeneralAdministrative": 66376000, "nonRecurring": {}, "otherOperatingExpenses": 68098000, "totalOperatingExpenses": 1570491000, "operatingIncome": 113218000, "totalOtherIncomeExpenseNet": -15014000, "ebit": 113218000, "interestExpense": -15468000, "incomeBeforeTax": 98204000, "incomeTaxExpense": 24454000, "minorityInterest": {}, "netIncomeFromContinuingOps": 73750000, "discontinuedOperations": {}, "extraordinaryItems": {}, "effectOfAccountingCharges": {}, "otherItems": {}, "netIncome": 73750000, "netIncomeApplicableToCommonShares": 73750000}, {"maxAge": 1, "endDate": "2020-06-30", "totalRevenue": 788763000, "costOfRevenue": 694655000, "grossProfit": 94108000, "researchDevelopment": {}, "sellingGeneralAdministrative": 60853000, "nonRecurring": {}, "otherOperatingExpenses": 46090000, "totalOperatingExpenses": 810212000, "operatingIncome": -21449000, "totalOtherIncomeExpenseNet": -5798000, "ebit": -21449000, "interestExpense": -7978000, "incomeBeforeTax": -27247000, "incomeTaxExpense": -6537000, "minorityInterest": {}, "netIncomeFromContinuingOps": -20710000, "discontinuedOperations": {}, "extraordinaryItems": {}, "effectOfAccountingCharges": {}, "otherItems": {}, "netIncome": -20710000, "netIncomeApplicableToCommonShares": -20710000}, {"maxAge": 1, "endDate": "2020-03-31", "totalRevenue": 924491521, "costOfRevenue": 770908629, "grossProfit": 153582892, "researchDevelopment": {}, "sellingGeneralAdministrative": 91871142, "nonRecurring": {}, "otherOperatingExpenses": 19477735, "totalOperatingExpenses": 891475950, "operatingIncome": 33015571, "totalOtherIncomeExpenseNet": -13386112, "ebit": 33015571, "interestExpense": -7978000, "incomeBeforeTax": 19629459, "incomeTaxExpense": 6038500, "minorityInterest": {}, "netIncomeFromContinuingOps": 13590959, "discontinuedOperations": {}, "extraordinaryItems": {}, "effectOfAccountingCharges": {}, "otherItems": {}, "netIncome": 13590959, "netIncomeApplicableToCommonShares": 13590959}], "maxAge": 86400}, "cashflowStatementHistoryQuarterly": {"cashflowStatements": [{"maxAge": 1, "endDate": "2020-12-31", "netIncome": 75589000, "changeToLiabilities": 0}, {"maxAge": 1, "endDate": "2020-09-30", "netIncome": 73750000, "changeToLiabilities": 0}, {"maxAge": 1, "endDate": "2020-06-30", "netIncome": -20710000, "changeToLiabilities": 0}, {"maxAge": 1, "endDate": "2020-03-31", "netIncome": 13590959, "changeToLiabilities": 0}], "maxAge": 86400}, "earnings": {"maxAge": 86400, "earningsChart": {"quarterly": [], "earningsDate": []}, "financialsChart": {"yearly": [{"date": 2017, "revenue": 4803078935, "earnings": 204807012}, {"date": 2018, "revenue": 5190502289, "earnings": 163624915}, {"date": 2019, "revenue": 6068772474, "earnings": 162498752}, {"date": 2020, "revenue": 4954791521, "earnings": 155604959}], "quarterly": [{"date": "1Q2020", "revenue": 924491521, "earnings": 13590959}, {"date": "2Q2020", "revenue": 788763000, "earnings": -20710000}, {"date": "3Q2020", "revenue": 1683709000, "earnings": 73750000}, {"date": "4Q2020", "revenue": 1698699000, "earnings": 75589000}]}, "financialCurrency": "INR"}, "financialData": {"maxAge": 86400, "currentPrice": 43.0, "recommendationMean": 2.0, "recommendationKey": "buy", "totalCash": 11723000, "totalCashPerShare": 0.23, "ebitda": 246300240, "totalDebt": 721140992, "totalRevenue": 5095663616, "debtToEquity": 32.099, "revenuePerShare": 99.738, "grossProfits": 788799892, "earningsGrowth": 0.609, "revenueGrowth": 0.529, "grossMargins": 0.15496999, "ebitdaMargins": 0.04833, "operatingMargins": 0.04256, "profitMargins": 0.02791, "financialCurrency": "INR"}}}