{"GVFILM.BO": {"cashflowStatementHistory": {"cashflowStatements": [{"maxAge": 1, "endDate": "2020-03-31", "netIncome": 2863000, "depreciation": 3714000, "changeToNetincome": 1722000, "changeToAccountReceivables": 11500000, "changeToLiabilities": -117841000, "changeToInventory": 100000000, "changeToOperatingActivities": 1927000, "totalCashFromOperatingActivities": 3885000, "capitalExpenditures": -200000, "otherCashflowsFromInvestingActivities": -1800000, "totalCashflowsFromInvestingActivities": -2000000, "netBorrowings": 4915000, "otherCashflowsFromFinancingActivities": -6321000, "totalCashFromFinancingActivities": -1406000, "changeInCash": 479000}, {"maxAge": 1, "endDate": "2019-03-31", "netIncome": -236630000, "depreciation": 5036000, "changeToNetincome": 6015000, "changeToAccountReceivables": 39932000, "changeToLiabilities": 104939000, "changeToInventory": -100000000, "changeToOperatingActivities": 43107000, "totalCashFromOperatingActivities": -137601000, "capitalExpenditures": -139000, "otherCashflowsFromInvestingActivities": 168963000, "totalCashflowsFromInvestingActivities": 168824000, "netBorrowings": -24895000, "otherCashflowsFromFinancingActivities": -6068000, "totalCashFromFinancingActivities": -30963000, "changeInCash": 260000}, {"maxAge": 1, "endDate": "2018-03-31", "netIncome": -237853490, "depreciation": 4994476, "changeToNetincome": 4223184, "changeToAccountReceivables": 39932000, "changeToLiabilities": -2621457, "changeToInventory": 216665344, "changeToOperatingActivities": 2807989, "totalCashFromOperatingActivities": -11783954, "capitalExpenditures": -139000, "otherCashflowsFromInvestingActivities": 1628304, "totalCashflowsFromInvestingActivities": 1628304, "netBorrowings": -583296531, "otherCashflowsFromFinancingActivities": 46327455, "totalCashFromFinancingActivities": 9030924, "changeInCash": -1124726, "issuanceOfStock": 546000000}, {"maxAge": 1, "endDate": "2017-03-31", "netIncome": -117757398, "depreciation": 6686089, "changeToNetincome": 4224728, "changeToAccountReceivables": 212274, "changeToLiabilities": 5556747, "changeToInventory": 216665344, "changeToOperatingActivities": 4754918, "totalCashFromOperatingActivities": -96322642, "capitalExpenditures": -24200, "otherCashflowsFromInvestingActivities": 1628304, "totalCashflowsFromInvestingActivities": -24200, "netBorrowings": 97802733, "otherCashflowsFromFinancingActivities": -4224728, "totalCashFromFinancingActivities": 93578005, "changeInCash": -2768837, "issuanceOfStock": 546000000}], "maxAge": 86400}, "institutionOwnership": {"maxAge": 1, "ownershipList": []}, "balanceSheetHistoryQuarterly": {"balanceSheetStatements": [{"maxAge": 1, "endDate": "2020-06-30", "totalStockholderEquity": 253809000, "netTangibleAssets": 253809000}, {"maxAge": 1, "endDate": "2020-03-31", "cash": 2024000, "netReceivables": 500000, "otherCurrentAssets": 392392000, "totalCurrentAssets": 394916000, "longTermInvestments": 550000, "propertyPlantEquipment": 183458000, "otherAssets": 129188000, "deferredLongTermAssetCharges": 4361000, "totalAssets": 708112000, "accountsPayable": 15209000, "otherCurrentLiab": 9346000, "longTermDebt": 19594000, "otherLiab": 2502000, "totalCurrentLiabilities": 428887000, "totalLiab": 454303000, "commonStock": 914628000, "retainedEarnings": -1643809000, "treasuryStock": 121601000, "capitalSurplus": 861389000, "otherStockholderEquity": 121601000, "totalStockholderEquity": 253809000, "netTangibleAssets": 253809000}, {"maxAge": 1, "endDate": "2019-12-31", "cash": 1371000, "netReceivables": 37976000, "inventory": 349776000, "otherCurrentAssets": 10577000, "totalCurrentAssets": 399700000, "longTermInvestments": 150545000, "propertyPlantEquipment": 86584000, "intangibleAssets": 92697000, "otherAssets": 118260000, "deferredLongTermAssetCharges": -17000, "totalAssets": 847786000, "accountsPayable": 13783000, "otherCurrentLiab": 279072000, "otherLiab": 2457000, "totalCurrentLiabilities": 443057000, "totalLiab": 445514000, "commonStock": 914628000, "treasuryStock": -512356000, "otherStockholderEquity": -512356000, "totalStockholderEquity": 402272000, "netTangibleAssets": 309575000}, {"maxAge": 1, "endDate": "2019-09-30", "cash": 1779000, "netReceivables": 37486000, "inventory": 449776000, "otherCurrentAssets": 9152000, "totalCurrentAssets": 498193000, "longTermInvestments": 45000, "propertyPlantEquipment": 86944000, "intangibleAssets": 92697000, "otherAssets": 118575000, "deferredLongTermAssetCharges": 298000, "totalAssets": 796454000, "accountsPayable": 114411000, "otherCurrentLiab": 282708000, "otherLiab": 2457000, "totalCurrentLiabilities": 547726000, "totalLiab": 550183000, "commonStock": 914628000, "treasuryStock": -668357000, "otherStockholderEquity": -668357000, "totalStockholderEquity": 246271000, "netTangibleAssets": 153574000}], "maxAge": 86400}, "indexTrend": {"maxAge": 1, "symbol": "SP5", "peRatio": 19.7411, "pegRatio": 1.34172, "estimates": [{"period": "0q", "growth": 0.549}, {"period": "+1q", "growth": 0.431}, {"period": "0y", "growth": 0.305}, {"period": "+1y", "growth": 0.109}, {"period": "+5y", "growth": 0.120859005}, {"period": "-5y"}]}, "insiderTransactions": {"transactions": [{"maxAge": 1, "shares": 73730, "filerUrl": "", "transactionText": "", "filerName": "Jain (Vijay Kumar) HUF", "filerRelation": "UNREPORTED", "moneyText": "", "startDate": "2013-10-08", "ownership": "D"}, {"maxAge": 1, "shares": 100000, "filerUrl": "", "transactionText": "", "filerName": "Jain (Vijay Kumar) HUF", "filerRelation": "UNREPORTED", "moneyText": "", "startDate": "2013-09-27", "ownership": "D"}, {"maxAge": 1, "shares": 100000, "filerUrl": "", "transactionText": "", "filerName": "Jain (Vijay Kumar) HUF", "filerRelation": "UNREPORTED", "moneyText": "", "startDate": "2013-09-25", "ownership": "D"}, {"maxAge": 1, "shares": 15000, "filerUrl": "", "transactionText": "", "filerName": "Jain (Vijay Kumar) HUF", "filerRelation": "UNREPORTED", "moneyText": "", "startDate": "2013-09-11", "ownership": "D"}, {"maxAge": 1, "shares": 25000, "filerUrl": "", "transactionText": "", "filerName": "Jain (Vijay Kumar) HUF", "filerRelation": "UNREPORTED", "moneyText": "", "startDate": "2013-09-10", "ownership": "D"}, {"maxAge": 1, "shares": 25000, "filerUrl": "", "transactionText": "", "filerName": "Jain (Vijay Kumar) HUF", "filerRelation": "UNREPORTED", "moneyText": "", "startDate": "2013-08-29", "ownership": "D"}, {"maxAge": 1, "shares": 25000, "filerUrl": "", "transactionText": "", "filerName": "Jain (Vijay Kumar) HUF", "filerRelation": "UNREPORTED", "moneyText": "", "startDate": "2013-08-23", "ownership": "D"}, {"maxAge": 1, "shares": 20000, "filerUrl": "", "transactionText": "", "filerName": "Jain (Vijay Kumar) HUF", "filerRelation": "UNREPORTED", "moneyText": "", "startDate": "2013-08-22", "ownership": "D"}, {"maxAge": 1, "shares": 25000, "filerUrl": "", "transactionText": "", "filerName": "Jain (Vijay Kumar) HUF", "filerRelation": "UNREPORTED", "moneyText": "", "startDate": "2013-08-21", "ownership": "D"}, {"maxAge": 1, "shares": 20000, "filerUrl": "", "transactionText": "", "filerName": "Jain (Vijay Kumar) HUF", "filerRelation": "UNREPORTED", "moneyText": "", "startDate": "2013-08-20", "ownership": "D"}, {"maxAge": 1, "shares": 100000, "filerUrl": "", "transactionText": "", "filerName": "Jain (Vijay Kumar) HUF", "filerRelation": "UNREPORTED", "moneyText": "", "startDate": "2013-08-19", "ownership": "D"}], "maxAge": 1}, "quoteType": {"exchange": "BSE", "quoteType": "EQUITY", "symbol": "GVFILM.BO", "underlyingSymbol": "GVFILM.BO", "shortName": "GV FILMS LTD.", "longName": "GV Films Limited", "firstTradeDateEpochUtc": "2002-07-01 09:15:00", "timeZoneFullName": "Asia/Kolkata", "timeZoneShortName": "IST", "uuid": "0e1b7599-d58b-3af9-b713-523a964535bc", "messageBoardId": null, "gmtOffSetMilliseconds": 19800000, "maxAge": 1}, "incomeStatementHistory": {"incomeStatementHistory": [{"maxAge": 1, "endDate": "2020-03-31", "totalRevenue": 120101000, "costOfRevenue": 100186000, "grossProfit": 19915000, "researchDevelopment": {}, "sellingGeneralAdministrative": 1751000, "nonRecurring": {}, "otherOperatingExpenses": 7748000, "totalOperatingExpenses": 113399000, "operatingIncome": 6702000, "totalOtherIncomeExpenseNet": -8012000, "ebit": 6702000, "interestExpense": -6824000, "incomeBeforeTax": -1310000, "incomeTaxExpense": -4173000, "minorityInterest": {}, "netIncomeFromContinuingOps": 2863000, "discontinuedOperations": {}, "extraordinaryItems": {}, "effectOfAccountingCharges": {}, "otherItems": {}, "netIncome": 2863000, "netIncomeApplicableToCommonShares": 2863000}, {"maxAge": 1, "endDate": "2019-03-31", "totalRevenue": 24830000, "costOfRevenue": 10029000, "grossProfit": 14801000, "researchDevelopment": {}, "sellingGeneralAdministrative": 3847000, "nonRecurring": {}, "otherOperatingExpenses": 8781000, "totalOperatingExpenses": 27693000, "operatingIncome": -2863000, "totalOtherIncomeExpenseNet": -233793000, "ebit": -2863000, "interestExpense": -6067000, "incomeBeforeTax": -236656000, "incomeTaxExpense": -26000, "minorityInterest": {}, "netIncomeFromContinuingOps": -236630000, "discontinuedOperations": {}, "extraordinaryItems": {}, "effectOfAccountingCharges": {}, "otherItems": {}, "netIncome": -236630000, "netIncomeApplicableToCommonShares": -236630000}, {"maxAge": 1, "endDate": "2018-03-31", "totalRevenue": 13670565, "costOfRevenue": 544340, "grossProfit": 13126225, "researchDevelopment": {}, "sellingGeneralAdministrative": 4371791, "nonRecurring": {}, "otherOperatingExpenses": 11401057, "totalOperatingExpenses": 23799347, "operatingIncome": -10128782, "totalOtherIncomeExpenseNet": -227724708, "ebit": -10128782, "interestExpense": -4223183, "incomeBeforeTax": -237853490, "incomeTaxExpense": 0, "minorityInterest": {}, "netIncomeFromContinuingOps": -237853490, "discontinuedOperations": {}, "extraordinaryItems": {}, "effectOfAccountingCharges": {}, "otherItems": {}, "netIncome": -237853490, "netIncomeApplicableToCommonShares": -237853490}, {"maxAge": 1, "endDate": "2017-03-31", "totalRevenue": 9999996, "costOfRevenue": 0, "grossProfit": 9999996, "researchDevelopment": {}, "sellingGeneralAdministrative": 10009834, "nonRecurring": {}, "otherOperatingExpenses": 41673043, "totalOperatingExpenses": 58368968, "operatingIncome": -48368972, "totalOtherIncomeExpenseNet": -69388426, "ebit": -48368972, "interestExpense": -4224728, "incomeBeforeTax": -117757398, "incomeTaxExpense": 0, "minorityInterest": {}, "netIncomeFromContinuingOps": -117757398, "discontinuedOperations": {}, "extraordinaryItems": {}, "effectOfAccountingCharges": {}, "otherItems": {}, "netIncome": -117757398, "netIncomeApplicableToCommonShares": -117757398}], "maxAge": 86400}, "fundOwnership": {"maxAge": 1, "ownershipList": []}, "summaryDetail": {"maxAge": 1, "priceHint": 4, "previousClose": 0.34, "open": 0.34, "dayLow": 0.33, "dayHigh": 0.35, "regularMarketPreviousClose": 0.34, "regularMarketOpen": 0.34, "regularMarketDayLow": 0.33, "regularMarketDayHigh": 0.35, "trailingPE": 349.99997, "volume": 354184, "regularMarketVolume": 354184, "averageVolume": 215028, "averageVolume10days": 215387, "averageDailyVolume10Day": 215387, "bid": 0.35, "ask": 0.36, "bidSize": 0, "askSize": 0, "marketCap": 320119776, "fiftyTwoWeekLow": 0.22, "fiftyTwoWeekHigh": 0.52, "fiftyDayAverage": 0.42647058, "twoHundredDayAverage": 0.34080884, "currency": "INR", "fromCurrency": null, "toCurrency": null, "lastMarket": null, "algorithm": null, "tradeable": false}, "incomeStatementHistoryQuarterly": {"incomeStatementHistory": [{"maxAge": 1, "endDate": "2020-06-30", "totalRevenue": 404000, "costOfRevenue": 0, "grossProfit": 404000, "researchDevelopment": {}, "sellingGeneralAdministrative": 363000, "nonRecurring": {}, "otherOperatingExpenses": 885000, "totalOperatingExpenses": 1693000, "operatingIncome": -1289000, "totalOtherIncomeExpenseNet": -1771000, "ebit": -1289000, "interestExpense": -1789000, "incomeBeforeTax": -3060000, "incomeTaxExpense": 0, "minorityInterest": {}, "netIncomeFromContinuingOps": -3060000, "discontinuedOperations": {}, "extraordinaryItems": {}, "effectOfAccountingCharges": {}, "otherItems": {}, "netIncome": -3060000, "netIncomeApplicableToCommonShares": -3060000}, {"maxAge": 1, "endDate": "2020-03-31", "totalRevenue": 4317000, "costOfRevenue": 186000, "grossProfit": 4131000, "researchDevelopment": {}, "sellingGeneralAdministrative": 513000, "nonRecurring": {}, "otherOperatingExpenses": 1686000, "totalOperatingExpenses": 4374000, "operatingIncome": -57000, "totalOtherIncomeExpenseNet": -4918000, "ebit": -57000, "interestExpense": -3386000, "incomeBeforeTax": -4975000, "incomeTaxExpense": -4173000, "minorityInterest": {}, "netIncomeFromContinuingOps": -802000, "discontinuedOperations": {}, "extraordinaryItems": {}, "effectOfAccountingCharges": {}, "otherItems": {}, "netIncome": -802000, "netIncomeApplicableToCommonShares": -802000}, {"maxAge": 1, "endDate": "2019-12-31", "totalRevenue": 109428000, "costOfRevenue": 100000000, "grossProfit": 9428000, "researchDevelopment": {}, "sellingGeneralAdministrative": 434000, "nonRecurring": {}, "otherOperatingExpenses": 1799000, "totalOperatingExpenses": 102793000, "operatingIncome": 6635000, "totalOtherIncomeExpenseNet": -819000, "ebit": 6635000, "interestExpense": -1163000, "incomeBeforeTax": 5816000, "incomeTaxExpense": 315000, "minorityInterest": {}, "netIncomeFromContinuingOps": 5501000, "discontinuedOperations": {}, "extraordinaryItems": {}, "effectOfAccountingCharges": {}, "otherItems": {}, "netIncome": 5501000, "netIncomeApplicableToCommonShares": 5501000}, {"maxAge": 1, "endDate": "2019-09-30", "totalRevenue": 3178000, "costOfRevenue": 0, "grossProfit": 3178000, "researchDevelopment": {}, "sellingGeneralAdministrative": 419000, "nonRecurring": {}, "otherOperatingExpenses": 1757000, "totalOperatingExpenses": 2758000, "operatingIncome": 420000, "totalOtherIncomeExpenseNet": -1154000, "ebit": 420000, "interestExpense": -1153000, "incomeBeforeTax": -734000, "incomeTaxExpense": -315000, "minorityInterest": {}, "netIncomeFromContinuingOps": -419000, "discontinuedOperations": {}, "extraordinaryItems": {}, "effectOfAccountingCharges": {}, "otherItems": {}, "netIncome": -419000, "netIncomeApplicableToCommonShares": -419000}], "maxAge": 86400}, "cashflowStatementHistoryQuarterly": {"cashflowStatements": [{"maxAge": 1, "endDate": "2020-06-30", "netIncome": -3060000, "changeToLiabilities": 0}, {"maxAge": 1, "endDate": "2020-03-31", "netIncome": -802000, "changeToLiabilities": 0}, {"maxAge": 1, "endDate": "2019-12-31", "netIncome": 5501000, "changeToLiabilities": 0}, {"maxAge": 1, "endDate": "2019-09-30", "netIncome": -419000, "changeToLiabilities": 0}], "maxAge": 86400}, "insiderHolders": {"holders": [{"maxAge": 1, "name": "Jain (Vijay Kumar) HUF", "relation": "UNREPORTED", "url": "", "transactionDescription": "Acquisition", "latestTransDate": "2013-10-08", "positionDirect": 1228730, "positionDirectDate": "2013-10-08"}], "maxAge": 1}, "calendarEvents": {"maxAge": 1, "earnings": {"earningsDate": ["2020-09-15 05:30:S"]}}, "price": {"maxAge": 1, "regularMarketChangePercent": 0.029411739, "regularMarketChange": 0.00999999, "regularMarketTime": "2021-04-30 15:24:21", "priceHint": 4, "regularMarketPrice": 0.35, "regularMarketDayHigh": 0.35, "regularMarketDayLow": 0.33, "regularMarketVolume": 354184, "averageDailyVolume10Day": 215387, "averageDailyVolume3Month": 215028, "regularMarketPreviousClose": 0.34, "regularMarketSource": "FREE_REALTIME", "regularMarketOpen": 0.34, "exchange": "BSE", "exchangeName": "BSE", "exchangeDataDelayedBy": 0, "marketState": "CLOSED", "quoteType": "EQUITY", "symbol": "GVFILM.BO", "underlyingSymbol": null, "shortName": "GV FILMS LTD.", "longName": "GV Films Limited", "currency": "INR", "quoteSourceName": "Delayed Quote", "currencySymbol": "\u20b9", "fromCurrency": null, "toCurrency": null, "lastMarket": null, "marketCap": 320119776}, "balanceSheetHistory": {"balanceSheetStatements": [{"maxAge": 1, "endDate": "2020-03-31", "cash": 2024000, "netReceivables": 500000, "otherCurrentAssets": 392392000, "totalCurrentAssets": 394916000, "longTermInvestments": 550000, "propertyPlantEquipment": 183458000, "otherAssets": 129188000, "deferredLongTermAssetCharges": 4361000, "totalAssets": 708112000, "accountsPayable": 15209000, "otherCurrentLiab": 9346000, "longTermDebt": 19594000, "otherLiab": 2502000, "totalCurrentLiabilities": 428887000, "totalLiab": 454303000, "commonStock": 914628000, "retainedEarnings": -1643809000, "treasuryStock": 121601000, "capitalSurplus": 861389000, "otherStockholderEquity": 121601000, "totalStockholderEquity": 253809000, "netTangibleAssets": 253809000}, {"maxAge": 1, "endDate": "2019-03-31", "cash": 1545000, "netReceivables": 12000000, "inventory": 100000000, "otherCurrentAssets": 391119000, "totalCurrentAssets": 504664000, "longTermInvestments": 1804000, "propertyPlantEquipment": 180808000, "otherAssets": 122769000, "deferredLongTermAssetCharges": 188000, "totalAssets": 810045000, "accountsPayable": 133052000, "otherCurrentLiab": 11175000, "longTermDebt": 17976000, "otherLiab": 2502000, "totalCurrentLiabilities": 538621000, "totalLiab": 559099000, "commonStock": 914628000, "retainedEarnings": -1646672000, "treasuryStock": 121601000, "capitalSurplus": 861389000, "otherStockholderEquity": 121601000, "totalStockholderEquity": 250946000, "netTangibleAssets": 250946000}, {"maxAge": 1, "endDate": "2018-03-31", "cash": 1285779, "netReceivables": 89327160, "otherCurrentAssets": 385552672, "totalCurrentAssets": 476165611, "longTermInvestments": 45156, "propertyPlantEquipment": 93006289, "intangibleAssets": 92697000, "otherAssets": 286127175, "deferredLongTermAssetCharges": -17438, "totalAssets": 948041231, "accountsPayable": 28114332, "otherCurrentLiab": 216690271, "otherLiab": 2607374, "totalCurrentLiabilities": 460458826, "totalLiab": 463066200, "commonStock": 914627833, "retainedEarnings": -1412642231, "treasuryStock": 121600729, "capitalSurplus": 861388700, "otherStockholderEquity": 121600729, "totalStockholderEquity": 484975031, "netTangibleAssets": 392278031}, {"maxAge": 1, "endDate": "2017-03-31", "cash": 2410505, "netReceivables": 102068383, "inventory": 153420500, "otherCurrentAssets": 443983005, "totalCurrentAssets": 701882393, "longTermInvestments": 1673460, "propertyPlantEquipment": 98282807, "intangibleAssets": 92697000, "otherAssets": 261677129, "deferredLongTermAssetCharges": -17438, "totalAssets": 1156212789, "accountsPayable": 30735788, "otherCurrentLiab": 215907524, "otherLiab": 2607374, "totalCurrentLiabilities": 1027045487, "totalLiab": 1029652861, "commonStock": 368627833, "treasuryStock": -242067905, "otherStockholderEquity": -242067905, "totalStockholderEquity": 126559928, "netTangibleAssets": 33862928}], "maxAge": 86400}, "financialData": {"maxAge": 86400, "currentPrice": 0.35, "recommendationKey": "none", "grossProfits": 19915000, "financialCurrency": "INR"}}}