{"HAL.NS": {"assetProfile": {"address1": "15/1, Cubbon Road", "city": "Bengaluru", "zip": "560 001", "country": "India", "phone": "91 80 2232 0001", "fax": "91 80 2232 0758", "website": "http://www.hal-india.co.in", "industry": "Aerospace & Defense", "sector": "Industrials", "longBusinessSummary": "Hindustan Aeronautics Limited engages in the design, development, manufacture, repair, overhaul, upgrade, and servicing of aircraft, helicopters, aero-engines, avionics, accessories, and aerospace structures in India and internationally. It offers power plants; and materials, including castings, general and precision forgings, powder metallurgy products, rubber products, rolled rings, and composites. The company also provides avionics, such as inertial navigation systems, auto stabilizers, head up displays, laser range systems, flight data recorders, communication equipment, radio navigation equipment, air borne secondary radars, missile inertial navigation systems, radar computers, and ground radars; and system and accessories comprising hydraulic, wheels and brake, flight control, oxygen, and fuel management systems, ejector release units, panel instruments, gyroscopic/barometric instruments, and hydraulic pumps. In addition, it offers various services in the areas of aircraft and helicopters MRO, and power plants, as well as systems, accessories, and avionics. It serves space, defense, and civil industries. Hindustan Aeronautics Limited has a strategic collaboration agreement with Dynamatic Technologies Limited for manufacturing, marketing, and sale of IAI unmanned aerial vehicles. The company was incorporated in 1940 and is based in Bengaluru, India.", "fullTimeEmployees": 27384, "companyOfficers": [{"maxAge": 1, "name": "Mr. R.  Madhavan", "age": 58, "title": "Chairman & MD", "yearBorn": 1962, "fiscalYear": 2020, "totalPay": 4756696, "exercisedValue": 0, "unexercisedValue": 0}, {"maxAge": 1, "name": "Mr. C.B.  Ananthakrishnan", "age": 56, "title": "CFO, Director of Fin. & Director", "yearBorn": 1964, "fiscalYear": 2020, "totalPay": 4411183, "exercisedValue": 0, "unexercisedValue": 0}, {"maxAge": 1, "name": "Mr. M. S. Velpari", "age": 58, "title": "Director of Operations & Director", "yearBorn": 1962, "fiscalYear": 2020, "totalPay": 2587303, "exercisedValue": 0, "unexercisedValue": 0}, {"maxAge": 1, "name": "Mr. G. V. Sesha Reddy", "age": 57, "title": "Compliance Officer & Company Sec.", "yearBorn": 1963, "fiscalYear": 2020, "totalPay": 2929126, "exercisedValue": 0, "unexercisedValue": 0}, {"maxAge": 1, "name": "Mr. Alok  Verma", "title": "Director of HR & Additional Director", "fiscalYear": 2020, "totalPay": 645074, "exercisedValue": 0, "unexercisedValue": 0}, {"maxAge": 1, "name": "Mr. Arup  Chatterjee", "age": 58, "title": "Director of Engineering and R&D and Whole Time Director", "yearBorn": 1962, "fiscalYear": 2020, "totalPay": 4374594, "exercisedValue": 0, "unexercisedValue": 0}, {"maxAge": 1, "name": "Mr. S. K. Mittal", "title": "Gen. Mang. of Bus. Devel.", "exercisedValue": 0, "unexercisedValue": 0}, {"maxAge": 1, "name": "Mr. M. A. Anandan", "title": "Chief Mang. of Vigilance", "exercisedValue": 0, "unexercisedValue": 0}, {"maxAge": 1, "name": "Mr. K.  Chandrakanth", "title": "Chief Mang. for HR - Helicopter Division", "exercisedValue": 0, "unexercisedValue": 0}, {"maxAge": 1, "name": "Wing Commander Unni K. Pillai", "title": "Exec. Director of CTP-RW", "exercisedValue": 0, "unexercisedValue": 0}], "compensationAsOfEpochDate": "2020-12-31 05:30:00", "maxAge": 86400}, "recommendationTrend": {"trend": [{"period": "0m", "strongBuy": 0, "buy": 0, "hold": 0, "sell": 0, "strongSell": 0}, {"period": "-1m", "strongBuy": 0, "buy": 0, "hold": 0, "sell": 0, "strongSell": 0}, {"period": "-2m", "strongBuy": 0, "buy": 0, "hold": 0, "sell": 0, "strongSell": 0}, {"period": "-3m", "strongBuy": 0, "buy": 0, "hold": 0, "sell": 0, "strongSell": 0}], "maxAge": 86400}, "cashflowStatementHistory": {"cashflowStatements": [{"maxAge": 1, "endDate": "2020-03-31", "netIncome": 28731700000, "depreciation": 9327200000, "changeToNetincome": 10364900000, "changeToAccountReceivables": -18741600000, "changeToLiabilities": 14545000000, "changeToInventory": 462300000, "changeToOperatingActivities": -29136200000, "totalCashFromOperatingActivities": 16211300000, "capitalExpenditures": -8902700000, "investments": -173700000, "otherCashflowsFromInvestingActivities": 676400000, "totalCashflowsFromInvestingActivities": -13289200000, "dividendsPaid": -11118400000, "netBorrowings": 16589100000, "otherCashflowsFromFinancingActivities": -5768300000, "totalCashFromFinancingActivities": -397600000, "changeInCash": 2524500000, "repurchaseOfStock": -100000000}, {"maxAge": 1, "endDate": "2019-03-31", "netIncome": 23286300000, "depreciation": 9740300000, "changeToNetincome": 17598100000, "changeToAccountReceivables": -93335500000, "changeToLiabilities": 9597700000, "changeToInventory": 2012100000, "changeToOperatingActivities": -46414100000, "totalCashFromOperatingActivities": -77002800000, "capitalExpenditures": -10934600000, "investments": 64237200000, "otherCashflowsFromInvestingActivities": 2638000000, "totalCashflowsFromInvestingActivities": 52940800000, "dividendsPaid": -6620900000, "netBorrowings": 32889400000, "otherCashflowsFromFinancingActivities": -3007400000, "totalCashFromFinancingActivities": 23261100000, "effectOfExchangeRate": 900000, "changeInCash": -800000000, "repurchaseOfStock": -100000000}, {"maxAge": 1, "endDate": "2018-03-31", "netIncome": 19904700000, "depreciation": 7539500000, "changeToNetincome": 8811800000, "changeToAccountReceivables": -35633900000, "changeToLiabilities": -984700000, "changeToInventory": 18354700000, "changeToOperatingActivities": -27399500000, "totalCashFromOperatingActivities": -7476000000, "capitalExpenditures": -9809500000, "investments": 18483900000, "otherCashflowsFromInvestingActivities": 12500000, "totalCashflowsFromInvestingActivities": 5970000000, "dividendsPaid": -10758700000, "netBorrowings": -890500000, "otherCashflowsFromFinancingActivities": -2475700000, "totalCashFromFinancingActivities": -25403500000, "effectOfExchangeRate": 1700000, "changeInCash": -26907900000, "repurchaseOfStock": -11278600000}, {"maxAge": 1, "endDate": "2017-03-31", "netIncome": 26248100000, "depreciation": 6428800000, "changeToNetincome": 8002800000, "changeToAccountReceivables": 5709300000, "changeToLiabilities": -3473100000, "changeToInventory": 26656400000, "changeToOperatingActivities": -73995300000, "totalCashFromOperatingActivities": -4045000000, "capitalExpenditures": -12014700000, "investments": 45136800000, "otherCashflowsFromInvestingActivities": 4700000, "totalCashflowsFromInvestingActivities": 30118000000, "dividendsPaid": -9173200000, "netBorrowings": 9500000000, "otherCashflowsFromFinancingActivities": -1969600000, "totalCashFromFinancingActivities": -1642800000, "effectOfExchangeRate": 1700000, "changeInCash": 24430200000, "repurchaseOfStock": -11278600000}], "maxAge": 86400}, "indexTrend": {"maxAge": 1, "symbol": "SP5", "peRatio": 19.7411, "pegRatio": 1.34172, "estimates": [{"period": "0q", "growth": 0.549}, {"period": "+1q", "growth": 0.431}, {"period": "0y", "growth": 0.305}, {"period": "+1y", "growth": 0.109}, {"period": "+5y", "growth": 0.120865}, {"period": "-5y"}]}, "defaultKeyStatistics": {"maxAge": 1, "priceHint": 2, "enterpriseValue": 349557358592, "profitMargins": 0.12773, "floatShares": 83106307, "sharesOutstanding": 334387008, "heldPercentInsiders": 0.7515, "heldPercentInstitutions": 0.19248, "beta": 1.065246, "category": null, "bookValue": 418.311, "priceToBook": 2.2883692, "fundFamily": null, "legalType": null, "lastFiscalYearEnd": "2020-03-31 05:30:00", "nextFiscalYearEnd": "2022-03-31 05:30:00", "mostRecentQuarter": "2020-12-31 05:30:00", "earningsQuarterlyGrowth": 0.853, "netIncomeToCommon": 28434100224, "trailingEps": 85.043, "lastSplitFactor": null, "enterpriseToRevenue": 1.57, "enterpriseToEbitda": 8.162}, "industryTrend": {"maxAge": 1, "symbol": null, "estimates": []}, "quoteType": {"exchange": "NSI", "quoteType": "EQUITY", "symbol": "HAL.NS", "underlyingSymbol": "HAL.NS", "shortName": "HINDUSTAN AERONAUT", "longName": "Hindustan Aeronautics Limited", "firstTradeDateEpochUtc": "2018-04-02 09:15:00", "timeZoneFullName": "Asia/Kolkata", "timeZoneShortName": "IST", "uuid": "61604d2e-d6dd-3e93-8a5d-d828e42f3580", "gmtOffSetMilliseconds": 19800000, "maxAge": 1}, "incomeStatementHistory": {"incomeStatementHistory": [{"maxAge": 1, "endDate": "2020-03-31", "totalRevenue": 214381700000, "costOfRevenue": 100293200000, "grossProfit": 114088500000, "researchDevelopment": {}, "sellingGeneralAdministrative": 47879100000, "nonRecurring": {}, "otherOperatingExpenses": 22645100000, "totalOperatingExpenses": 180802600000, "operatingIncome": 33579100000, "totalOtherIncomeExpenseNet": 6110800000, "ebit": 33579100000, "interestExpense": -3398000000, "incomeBeforeTax": 39689900000, "incomeTaxExpense": 10959900000, "minorityInterest": 43100000, "netIncomeFromContinuingOps": 28730000000, "discontinuedOperations": {}, "extraordinaryItems": {}, "effectOfAccountingCharges": {}, "otherItems": {}, "netIncome": 28731700000, "netIncomeApplicableToCommonShares": 28731700000}, {"maxAge": 1, "endDate": "2019-03-31", "totalRevenue": 200082300000, "costOfRevenue": 95202300000, "grossProfit": 104880000000, "researchDevelopment": {}, "sellingGeneralAdministrative": 44931900000, "nonRecurring": {}, "otherOperatingExpenses": 23413300000, "totalOperatingExpenses": 173800100000, "operatingIncome": 26282200000, "totalOtherIncomeExpenseNet": 10964400000, "ebit": 26282200000, "interestExpense": -1696000000, "incomeBeforeTax": 37246600000, "incomeTaxExpense": 13962800000, "minorityInterest": 44800000, "netIncomeFromContinuingOps": 23283800000, "discontinuedOperations": {}, "extraordinaryItems": {}, "effectOfAccountingCharges": {}, "otherItems": {}, "netIncome": 23286300000, "netIncomeApplicableToCommonShares": 23286300000}, {"maxAge": 1, "endDate": "2018-03-31", "totalRevenue": 185197400000, "costOfRevenue": 96996300000, "grossProfit": 88201100000, "researchDevelopment": {}, "sellingGeneralAdministrative": 43377800000, "nonRecurring": {}, "otherOperatingExpenses": 19459600000, "totalOperatingExpenses": 169304600000, "operatingIncome": 15892800000, "totalOtherIncomeExpenseNet": 16534000000, "ebit": 15892800000, "interestExpense": -264800000, "incomeBeforeTax": 32426800000, "incomeTaxExpense": 12524300000, "minorityInterest": -2200000, "netIncomeFromContinuingOps": 19902500000, "discontinuedOperations": {}, "extraordinaryItems": {}, "effectOfAccountingCharges": {}, "otherItems": {}, "netIncome": 19904700000, "netIncomeApplicableToCommonShares": 19904700000}, {"maxAge": 1, "endDate": "2017-03-31", "totalRevenue": 179499200000, "costOfRevenue": 100307700000, "grossProfit": 79191500000, "researchDevelopment": {}, "sellingGeneralAdministrative": 36159000000, "nonRecurring": {}, "otherOperatingExpenses": 16514900000, "totalOperatingExpenses": 159788400000, "operatingIncome": 19710800000, "totalOtherIncomeExpenseNet": 16206800000, "ebit": 19710800000, "interestExpense": -103000000, "incomeBeforeTax": 35917600000, "incomeTaxExpense": 9669500000, "minorityInterest": -2200000, "netIncomeFromContinuingOps": 26248100000, "discontinuedOperations": {}, "extraordinaryItems": {}, "effectOfAccountingCharges": {}, "otherItems": {}, "netIncome": 26248100000, "netIncomeApplicableToCommonShares": 26248100000}], "maxAge": 86400}, "fundOwnership": {"ownershipList": [{"maxAge": 1, "reportDate": "2021-03-31", "organization": "VanEck Vectors ETF Tr-India Growth Leaders ETF", "pctHeld": 0.0001, "position": 38681, "value": 38485660}], "maxAge": 1}, "summaryDetail": {"maxAge": 1, "priceHint": 2, "previousClose": 946.35, "open": 945.0, "dayLow": 941.15, "dayHigh": 959.9, "regularMarketPreviousClose": 946.35, "regularMarketOpen": 945.0, "regularMarketDayLow": 941.15, "regularMarketDayHigh": 959.9, "dividendRate": 30.0, "dividendYield": 0.031, "exDividendDate": "2021-03-05 05:30:00", "payoutRatio": 0.56740004, "beta": 1.065246, "trailingPE": 11.25607, "volume": 102293, "regularMarketVolume": 102293, "averageVolume": 704981, "averageVolume10days": 420786, "averageDailyVolume10Day": 420786, "bid": 0.0, "ask": 0.0, "bidSize": 0, "askSize": 0, "marketCap": 320819462144, "fiftyTwoWeekLow": 489.05, "fiftyTwoWeekHigh": 1423.0, "priceToSalesTrailing12Months": 1.4412032, "fiftyDayAverage": 1046.0618, "twoHundredDayAverage": 884.0319, "trailingAnnualDividendRate": 33.25, "trailingAnnualDividendYield": 0.035134993, "currency": "INR", "fromCurrency": null, "lastMarket": null, "algorithm": null, "tradeable": false}, "insiderHolders": {"holders": [], "maxAge": 1}, "calendarEvents": {"maxAge": 1, "earnings": {"earningsDate": ["2021-02-12 05:30:S"]}, "exDividendDate": "2021-03-05 05:30:00"}, "upgradeDowngradeHistory": {"history": [], "maxAge": 86400}, "price": {"maxAge": 1, "regularMarketChangePercent": 0.011517963, "regularMarketChange": 10.900024, "regularMarketTime": "2021-04-30 15:29:58", "priceHint": 2, "regularMarketPrice": 957.25, "regularMarketDayHigh": 959.9, "regularMarketDayLow": 941.15, "regularMarketVolume": 102293, "averageDailyVolume10Day": 420786, "averageDailyVolume3Month": 704981, "regularMarketPreviousClose": 946.35, "regularMarketSource": "FREE_REALTIME", "regularMarketOpen": 945.0, "exchange": "NSI", "exchangeName": "NSE", "exchangeDataDelayedBy": 15, "marketState": "CLOSED", "quoteType": "EQUITY", "symbol": "HAL.NS", "underlyingSymbol": null, "shortName": "HINDUSTAN AERONAUT", "longName": "Hindustan Aeronautics Limited", "currency": "INR", "quoteSourceName": "Delayed Quote", "currencySymbol": "\u20b9", "fromCurrency": null, "lastMarket": null, "marketCap": 320819462144}, "balanceSheetHistory": {"balanceSheetStatements": [{"maxAge": 1, "endDate": "2020-03-31", "cash": 2793200000, "shortTermInvestments": 370900000, "netReceivables": 203486100000, "inventory": 205308800000, "otherCurrentAssets": 1732400000, "totalCurrentAssets": 413968900000, "longTermInvestments": 9908000000, "propertyPlantEquipment": 72105900000, "intangibleAssets": 9859400000, "otherAssets": 26835100000, "deferredLongTermAssetCharges": 4701100000, "totalAssets": 532677300000, "accountsPayable": 40837400000, "otherCurrentLiab": 186664700000, "otherLiab": 90037900000, "deferredLongTermLiab": 12036200000, "minorityInterest": 43100000, "totalCurrentLiabilities": 310185600000, "totalLiab": 400245600000, "commonStock": 3343900000, "retainedEarnings": 133950900000, "treasuryStock": -4906200000, "otherStockholderEquity": -4906200000, "totalStockholderEquity": 132388600000, "netTangibleAssets": 122529200000}, {"maxAge": 1, "endDate": "2019-03-31", "cash": 268700000, "shortTermInvestments": 303400000, "netReceivables": 184933700000, "inventory": 206683200000, "otherCurrentAssets": 4079800000, "totalCurrentAssets": 396479200000, "longTermInvestments": 9096400000, "propertyPlantEquipment": 69905600000, "intangibleAssets": 11543100000, "otherAssets": 20113600000, "deferredLongTermAssetCharges": 2593100000, "totalAssets": 507137900000, "accountsPayable": 26292400000, "otherCurrentLiab": 192736100000, "longTermDebt": 1000000000, "otherLiab": 103343000000, "deferredLongTermLiab": 8165500000, "minorityInterest": 44800000, "totalCurrentLiabilities": 281928900000, "totalLiab": 386271900000, "commonStock": 3343900000, "retainedEarnings": 118623000000, "treasuryStock": -1145700000, "otherStockholderEquity": -1145700000, "totalStockholderEquity": 120821200000, "netTangibleAssets": 109278100000}, {"maxAge": 1, "endDate": "2018-03-31", "cash": 1128600000, "shortTermInvestments": 57626600000, "netReceivables": 99776400000, "inventory": 202487600000, "otherCurrentAssets": 8978800000, "totalCurrentAssets": 370154600000, "longTermInvestments": 10101100000, "propertyPlantEquipment": 68410000000, "intangibleAssets": 12984400000, "otherAssets": 15244600000, "totalAssets": 476894700000, "accountsPayable": 16656000000, "otherCurrentLiab": 219738400000, "longTermDebt": 1000000000, "otherLiab": 119813100000, "deferredLongTermLiab": 8884600000, "minorityInterest": -2200000, "totalCurrentLiabilities": 260971300000, "totalLiab": 381784400000, "commonStock": 3343900000, "retainedEarnings": 92322100000, "treasuryStock": -553500000, "otherStockholderEquity": -553500000, "totalStockholderEquity": 95112500000, "netTangibleAssets": 82128100000}, {"maxAge": 1, "endDate": "2017-03-31", "cash": 28036500000, "shortTermInvestments": 73454100000, "netReceivables": 70267300000, "inventory": 219815000000, "otherCurrentAssets": 10003500000, "totalCurrentAssets": 401756900000, "longTermInvestments": 9939900000, "propertyPlantEquipment": 64589600000, "intangibleAssets": 14136200000, "otherAssets": 25030700000, "totalAssets": 515453300000, "accountsPayable": 15743400000, "otherCurrentLiab": 219802500000, "otherLiab": 134010200000, "deferredLongTermLiab": 8663400000, "totalCurrentLiabilities": 255852000000, "totalLiab": 389862200000, "commonStock": 3615000000, "retainedEarnings": 121292200000, "treasuryStock": 683900000, "otherStockholderEquity": 683900000, "totalStockholderEquity": 125591100000, "netTangibleAssets": 111454900000}], "maxAge": 86400}, "earningsTrend": {"trend": [{"maxAge": 1, "period": "0q", "endDate": null, "growth": {}, "earningsEstimate": {"avg": 0.0, "low": 0.0, "high": 0.0, "yearAgoEps": {}, "numberOfAnalysts": 0, "growth": {}}, "revenueEstimate": {"avg": 0, "low": 0, "high": 0, "numberOfAnalysts": 0, "yearAgoRevenue": {}, "growth": {}}, "epsTrend": {"current": 0.0, "7daysAgo": 0.0, "30daysAgo": 0.0, "60daysAgo": 0.0, "90daysAgo": 0.0}, "epsRevisions": {"upLast7days": 0, "upLast30days": 0, "downLast30days": 0, "downLast90days": {}}}, {"maxAge": 1, "period": "+1q", "endDate": null, "growth": {}, "earningsEstimate": {"avg": 0.0, "low": 0.0, "high": 0.0, "yearAgoEps": {}, "numberOfAnalysts": 0, "growth": {}}, "revenueEstimate": {"avg": 0, "low": 0, "high": 0, "numberOfAnalysts": 0, "yearAgoRevenue": {}, "growth": {}}, "epsTrend": {"current": 0.0, "7daysAgo": 0.0, "30daysAgo": 0.0, "60daysAgo": 0.0, "90daysAgo": 0.0}, "epsRevisions": {"upLast7days": 0, "upLast30days": 0, "downLast30days": 0, "downLast90days": {}}}, {"maxAge": 1, "period": "0y", "endDate": null, "growth": {}, "earningsEstimate": {"avg": 0.0, "low": 0.0, "high": 0.0, "yearAgoEps": {}, "numberOfAnalysts": 0, "growth": {}}, "revenueEstimate": {"avg": 0, "low": 0, "high": 0, "numberOfAnalysts": 0, "yearAgoRevenue": {}, "growth": {}}, "epsTrend": {"current": 0.0, "7daysAgo": 0.0, "30daysAgo": 0.0, "60daysAgo": 0.0, "90daysAgo": 0.0}, "epsRevisions": {"upLast7days": 0, "upLast30days": 0, "downLast30days": 0, "downLast90days": {}}}, {"maxAge": 1, "period": "+1y", "endDate": null, "growth": {}, "earningsEstimate": {"avg": 0.0, "low": 0.0, "high": 0.0, "yearAgoEps": {}, "numberOfAnalysts": 0, "growth": {}}, "revenueEstimate": {"avg": 0, "low": 0, "high": 0, "numberOfAnalysts": 0, "yearAgoRevenue": {}, "growth": {}}, "epsTrend": {"current": 0.0, "7daysAgo": 0.0, "30daysAgo": 0.0, "60daysAgo": 0.0, "90daysAgo": 0.0}, "epsRevisions": {"upLast7days": 0, "upLast30days": 0, "downLast30days": 0, "downLast90days": {}}}, {"maxAge": 1, "period": "+5y", "endDate": null, "growth": {}, "earningsEstimate": {"avg": {}, "low": {}, "high": {}, "yearAgoEps": {}, "numberOfAnalysts": {}, "growth": {}}, "revenueEstimate": {"avg": {}, "low": {}, "high": {}, "numberOfAnalysts": {}, "yearAgoRevenue": {}, "growth": {}}, "epsTrend": {"current": {}, "7daysAgo": {}, "30daysAgo": {}, "60daysAgo": {}, "90daysAgo": {}}, "epsRevisions": {"upLast7days": {}, "upLast30days": {}, "downLast30days": {}, "downLast90days": {}}}, {"maxAge": 1, "period": "-5y", "endDate": null, "growth": {}, "earningsEstimate": {"avg": {}, "low": {}, "high": {}, "yearAgoEps": {}, "numberOfAnalysts": {}, "growth": {}}, "revenueEstimate": {"avg": {}, "low": {}, "high": {}, "numberOfAnalysts": {}, "yearAgoRevenue": {}, "growth": {}}, "epsTrend": {"current": {}, "7daysAgo": {}, "30daysAgo": {}, "60daysAgo": {}, "90daysAgo": {}}, "epsRevisions": {"upLast7days": {}, "upLast30days": {}, "downLast30days": {}, "downLast90days": {}}}], "maxAge": 1}, "institutionOwnership": {"ownershipList": [], "maxAge": 1}, "majorHoldersBreakdown": {"maxAge": 1, "insidersPercentHeld": 0.7515, "institutionsPercentHeld": 0.19248, "institutionsFloatPercentHeld": 0.77456003, "institutionsCount": 22}, "balanceSheetHistoryQuarterly": {"balanceSheetStatements": [{"maxAge": 1, "endDate": "2020-12-31", "totalStockholderEquity": 139865800000, "netTangibleAssets": 130026300000}, {"maxAge": 1, "endDate": "2020-09-30", "cash": 2131100000, "shortTermInvestments": 11812700000, "netReceivables": 179644500000, "inventory": 205749700000, "otherCurrentAssets": 15310400000, "totalCurrentAssets": 414648400000, "longTermInvestments": 14109600000, "propertyPlantEquipment": 73549600000, "intangibleAssets": 9839500000, "otherAssets": 22388600000, "deferredLongTermAssetCharges": 2015200000, "totalAssets": 534535700000, "accountsPayable": 25439000000, "otherCurrentLiab": 238954800000, "otherLiab": 86909800000, "deferredLongTermLiab": 13211200000, "minorityInterest": 42600000, "totalCurrentLiabilities": 307717500000, "totalLiab": 394627300000, "commonStock": 3343900000, "treasuryStock": 136521900000, "otherStockholderEquity": 136521900000, "totalStockholderEquity": 139865800000, "netTangibleAssets": 130026300000}, {"maxAge": 1, "endDate": "2020-06-30", "totalStockholderEquity": 132388600000, "netTangibleAssets": 122529200000}, {"maxAge": 1, "endDate": "2020-03-31", "cash": 2793200000, "shortTermInvestments": 370900000, "netReceivables": 203486100000, "inventory": 205308800000, "otherCurrentAssets": 1732400000, "totalCurrentAssets": 413968900000, "longTermInvestments": 9908000000, "propertyPlantEquipment": 72105900000, "intangibleAssets": 9859400000, "otherAssets": 26835100000, "deferredLongTermAssetCharges": 4701100000, "totalAssets": 532677300000, "accountsPayable": 40837400000, "otherCurrentLiab": 186664700000, "otherLiab": 90037900000, "deferredLongTermLiab": 12036200000, "minorityInterest": 43100000, "totalCurrentLiabilities": 310185600000, "totalLiab": 400245600000, "commonStock": 3343900000, "retainedEarnings": 133950900000, "treasuryStock": -4906200000, "otherStockholderEquity": -4906200000, "totalStockholderEquity": 132388600000, "netTangibleAssets": 122529200000}], "maxAge": 86400}, "earningsHistory": {"history": [{"maxAge": 1, "epsActual": {}, "epsEstimate": {}, "epsDifference": {}, "surprisePercent": {}, "quarter": {}, "period": "-4q"}, {"maxAge": 1, "epsActual": {}, "epsEstimate": {}, "epsDifference": {}, "surprisePercent": {}, "quarter": {}, "period": "-3q"}, {"maxAge": 1, "epsActual": {}, "epsEstimate": {}, "epsDifference": {}, "surprisePercent": {}, "quarter": {}, "period": "-2q"}, {"maxAge": 1, "epsActual": {}, "epsEstimate": {}, "epsDifference": {}, "surprisePercent": {}, "quarter": {}, "period": "-1q"}], "maxAge": 86400}, "summaryProfile": {"address1": "15/1, Cubbon Road", "city": "Bengaluru", "zip": "560 001", "country": "India", "phone": "91 80 2232 0001", "fax": "91 80 2232 0758", "website": "http://www.hal-india.co.in", "industry": "Aerospace & Defense", "sector": "Industrials", "longBusinessSummary": "Hindustan Aeronautics Limited engages in the design, development, manufacture, repair, overhaul, upgrade, and servicing of aircraft, helicopters, aero-engines, avionics, accessories, and aerospace structures in India and internationally. It offers power plants; and materials, including castings, general and precision forgings, powder metallurgy products, rubber products, rolled rings, and composites. The company also provides avionics, such as inertial navigation systems, auto stabilizers, head up displays, laser range systems, flight data recorders, communication equipment, radio navigation equipment, air borne secondary radars, missile inertial navigation systems, radar computers, and ground radars; and system and accessories comprising hydraulic, wheels and brake, flight control, oxygen, and fuel management systems, ejector release units, panel instruments, gyroscopic/barometric instruments, and hydraulic pumps. In addition, it offers various services in the areas of aircraft and helicopters MRO, and power plants, as well as systems, accessories, and avionics. It serves space, defense, and civil industries. Hindustan Aeronautics Limited has a strategic collaboration agreement with Dynamatic Technologies Limited for manufacturing, marketing, and sale of IAI unmanned aerial vehicles. The company was incorporated in 1940 and is based in Bengaluru, India.", "fullTimeEmployees": 27384, "companyOfficers": [], "maxAge": 86400}, "netSharePurchaseActivity": {"maxAge": 1, "period": "6m", "buyInfoCount": 0, "buyInfoShares": 0, "sellInfoCount": 0, "netInfoCount": 0, "netInfoShares": 0, "netPercentInsiderShares": 0.0, "totalInsiderShares": 251325504}, "sectorTrend": {"maxAge": 1, "symbol": null, "estimates": []}, "incomeStatementHistoryQuarterly": {"incomeStatementHistory": [{"maxAge": 1, "endDate": "2020-12-31", "totalRevenue": 54254600000, "costOfRevenue": 27675300000, "grossProfit": 26579300000, "researchDevelopment": {}, "sellingGeneralAdministrative": 10636800000, "nonRecurring": {}, "otherOperatingExpenses": 5940900000, "totalOperatingExpenses": 46044000000, "operatingIncome": 8210600000, "totalOtherIncomeExpenseNet": 2478100000, "ebit": 8210600000, "interestExpense": -532200000, "incomeBeforeTax": 10688700000, "incomeTaxExpense": 2154100000, "minorityInterest": {}, "netIncomeFromContinuingOps": 8534600000, "discontinuedOperations": {}, "extraordinaryItems": {}, "effectOfAccountingCharges": {}, "otherItems": {}, "netIncome": 8534700000, "netIncomeApplicableToCommonShares": 8534700000}, {"maxAge": 1, "endDate": "2020-09-30", "totalRevenue": 48536000000, "costOfRevenue": 24905400000, "grossProfit": 23630600000, "researchDevelopment": {}, "sellingGeneralAdministrative": 10302000000, "nonRecurring": {}, "otherOperatingExpenses": 5193100000, "totalOperatingExpenses": 42598400000, "operatingIncome": 5937600000, "totalOtherIncomeExpenseNet": 2326700000, "ebit": 5937600000, "interestExpense": -714600000, "incomeBeforeTax": 8264300000, "incomeTaxExpense": 2112400000, "minorityInterest": 42600000, "netIncomeFromContinuingOps": 6151900000, "discontinuedOperations": {}, "extraordinaryItems": {}, "effectOfAccountingCharges": {}, "otherItems": {}, "netIncome": 6152200000, "netIncomeApplicableToCommonShares": 6152200000}, {"maxAge": 1, "endDate": "2020-06-30", "totalRevenue": 17367400000, "costOfRevenue": -1618000000, "grossProfit": 18985400000, "researchDevelopment": {}, "sellingGeneralAdministrative": 11496100000, "nonRecurring": {}, "otherOperatingExpenses": 4421500000, "totalOperatingExpenses": 15412400000, "operatingIncome": 1955000000, "totalOtherIncomeExpenseNet": 193100000, "ebit": 1955000000, "interestExpense": -1046400000, "incomeBeforeTax": 2148100000, "incomeTaxExpense": 661600000, "minorityInterest": 42600000, "netIncomeFromContinuingOps": 1486500000, "discontinuedOperations": {}, "extraordinaryItems": {}, "effectOfAccountingCharges": {}, "otherItems": {}, "netIncome": 1486700000, "netIncomeApplicableToCommonShares": 1486700000}, {"maxAge": 1, "endDate": "2020-03-31", "totalRevenue": 102393100000, "costOfRevenue": 57085900000, "grossProfit": 45307200000, "researchDevelopment": {}, "sellingGeneralAdministrative": 14663100000, "nonRecurring": {}, "otherOperatingExpenses": 7822800000, "totalOperatingExpenses": 84679900000, "operatingIncome": 17713200000, "totalOtherIncomeExpenseNet": 2487000000, "ebit": 17713200000, "interestExpense": -923300000, "incomeBeforeTax": 20200200000, "incomeTaxExpense": 7940100000, "minorityInterest": 43100000, "netIncomeFromContinuingOps": 12260100000, "discontinuedOperations": {}, "extraordinaryItems": {}, "effectOfAccountingCharges": {}, "otherItems": {}, "netIncome": 12260500000, "netIncomeApplicableToCommonShares": 12260500000}], "maxAge": 86400}, "cashflowStatementHistoryQuarterly": {"cashflowStatements": [{"maxAge": 1, "endDate": "2020-12-31", "netIncome": 8534700000, "changeToLiabilities": 0}, {"maxAge": 1, "endDate": "2020-09-30", "netIncome": 6152200000, "changeToLiabilities": 0}, {"maxAge": 1, "endDate": "2020-06-30", "netIncome": 1486700000, "changeToLiabilities": 0}, {"maxAge": 1, "endDate": "2020-03-31", "netIncome": 12260500000, "changeToLiabilities": 0}], "maxAge": 86400}, "earnings": {"maxAge": 86400, "earningsChart": {"quarterly": [], "earningsDate": ["2021-02-12 05:30:S"]}, "financialsChart": {"yearly": [{"date": 2017, "revenue": 179499200000, "earnings": 26248100000}, {"date": 2018, "revenue": 185197400000, "earnings": 19904700000}, {"date": 2019, "revenue": 200082300000, "earnings": 23286300000}, {"date": 2020, "revenue": 214381700000, "earnings": 28731700000}], "quarterly": [{"date": "1Q2020", "revenue": 102393100000, "earnings": 12260500000}, {"date": "2Q2020", "revenue": 17367400000, "earnings": 1486700000}, {"date": "3Q2020", "revenue": 48536000000, "earnings": 6152200000}, {"date": "4Q2020", "revenue": 54254600000, "earnings": 8534700000}]}, "financialCurrency": "INR"}, "financialData": {"maxAge": 86400, "currentPrice": 957.25, "targetHighPrice": 782.0, "targetLowPrice": 782.0, "targetMeanPrice": 782.0, "targetMedianPrice": 782.0, "recommendationKey": "none", "numberOfAnalystOpinions": 1, "totalCash": 13943799808, "totalCashPerShare": 41.694, "ebitda": 42827575296, "totalDebt": 43323699200, "totalRevenue": 222605295616, "debtToEquity": 30.966, "revenuePerShare": 665.812, "grossProfits": 114088500000, "earningsGrowth": 0.852, "revenueGrowth": 0.217, "grossMargins": 0.51462, "ebitdaMargins": 0.19239001, "operatingMargins": 0.1519, "profitMargins": 0.12773, "financialCurrency": "INR"}}}