{"HALDYNGL.BO": {"recommendationTrend": {"trend": [{"period": "0m", "strongBuy": 0, "buy": 0, "hold": 0, "sell": 0, "strongSell": 0}, {"period": "-1m", "strongBuy": 0, "buy": 0, "hold": 0, "sell": 0, "strongSell": 0}, {"period": "-2m", "strongBuy": 0, "buy": 0, "hold": 0, "sell": 0, "strongSell": 0}, {"period": "-3m", "strongBuy": 0, "buy": 0, "hold": 0, "sell": 0, "strongSell": 0}], "maxAge": 86400}, "cashflowStatementHistory": {"cashflowStatements": [{"maxAge": 1, "endDate": "2020-03-31", "netIncome": 82479000, "depreciation": 127586000, "changeToNetincome": -71359000, "changeToAccountReceivables": -25404000, "changeToLiabilities": 25338000, "changeToInventory": 38185000, "changeToOperatingActivities": -21038000, "totalCashFromOperatingActivities": 157533000, "capitalExpenditures": -47687000, "investments": 44289000, "otherCashflowsFromInvestingActivities": 10378000, "totalCashflowsFromInvestingActivities": 6980000, "dividendsPaid": -32251000, "netBorrowings": -59993000, "otherCashflowsFromFinancingActivities": -12210000, "totalCashFromFinancingActivities": -104454000, "changeInCash": 60060000}, {"maxAge": 1, "endDate": "2019-04-01", "netIncome": 55471000, "depreciation": 109002000, "changeToNetincome": -1858000, "changeToAccountReceivables": -150949000, "changeToLiabilities": 10198000, "changeToInventory": 29638000, "changeToOperatingActivities": 13805000, "totalCashFromOperatingActivities": 66051000, "capitalExpenditures": -43856000, "investments": 23341000, "otherCashflowsFromInvestingActivities": 2271000, "totalCashflowsFromInvestingActivities": -18244000, "dividendsPaid": -16126000, "netBorrowings": 47740000, "otherCashflowsFromFinancingActivities": -5467000, "totalCashFromFinancingActivities": 26147000, "changeInCash": 73954000}, {"maxAge": 1, "endDate": "2018-04-01", "netIncome": -4937000, "depreciation": 109752000, "changeToNetincome": -31752000, "changeToAccountReceivables": -55936000, "changeToLiabilities": 47327000, "changeToInventory": 62994000, "changeToOperatingActivities": -34710000, "totalCashFromOperatingActivities": 92738000, "capitalExpenditures": -25075000, "investments": -27533000, "otherCashflowsFromInvestingActivities": 2021000, "totalCashflowsFromInvestingActivities": -50587000, "dividendsPaid": -29564000, "netBorrowings": 11865000, "otherCashflowsFromFinancingActivities": -8034000, "totalCashFromFinancingActivities": -25733000, "changeInCash": 16418000}, {"maxAge": 1, "endDate": "2017-03-31", "netIncome": 107303000, "depreciation": 111318000, "changeToNetincome": 28090000, "changeToAccountReceivables": -14956000, "changeToLiabilities": -34096000, "changeToInventory": -16250000, "changeToOperatingActivities": 29260000, "totalCashFromOperatingActivities": 210945000, "capitalExpenditures": -24983000, "investments": 3121000, "otherCashflowsFromInvestingActivities": 3733000, "totalCashflowsFromInvestingActivities": -14484000, "dividendsPaid": -26876000, "netBorrowings": -165177000, "otherCashflowsFromFinancingActivities": -14518000, "totalCashFromFinancingActivities": -206571000, "changeInCash": -10110000}], "maxAge": 86400}, "institutionOwnership": {"ownershipList": [], "maxAge": 1}, "balanceSheetHistoryQuarterly": {"balanceSheetStatements": [{"maxAge": 1, "endDate": "2020-06-30", "totalStockholderEquity": 1388348000, "netTangibleAssets": 1385861000}, {"maxAge": 1, "endDate": "2020-03-31", "cash": 183802000, "netReceivables": 549146000, "inventory": 188551000, "otherCurrentAssets": 51289000, "totalCurrentAssets": 974737000, "longTermInvestments": 184867000, "propertyPlantEquipment": 506554000, "intangibleAssets": 2487000, "otherAssets": 62675000, "totalAssets": 1731320000, "accountsPayable": 146013000, "shortLongTermDebt": 828000, "otherCurrentLiab": 58187000, "longTermDebt": 490000, "otherLiab": 67326000, "totalCurrentLiabilities": 258787000, "totalLiab": 342972000, "commonStock": 53752000, "retainedEarnings": 1231773000, "treasuryStock": 43548000, "capitalSurplus": 59275000, "otherStockholderEquity": 43548000, "totalStockholderEquity": 1388348000, "netTangibleAssets": 1385861000}, {"maxAge": 1, "endDate": "2019-12-31", "totalStockholderEquity": 1376140000, "netTangibleAssets": 1372860000}, {"maxAge": 1, "endDate": "2019-09-30", "cash": 165416000, "shortTermInvestments": 31081000, "netReceivables": 449974000, "inventory": 269366000, "otherCurrentAssets": 29767000, "totalCurrentAssets": 945604000, "longTermInvestments": 225176000, "propertyPlantEquipment": 558656000, "intangibleAssets": 3280000, "otherAssets": 38716000, "totalAssets": 1771432000, "accountsPayable": 129367000, "otherCurrentLiab": 102849000, "longTermDebt": 915000, "otherLiab": 102178000, "totalCurrentLiabilities": 292199000, "totalLiab": 395292000, "commonStock": 53752000, "treasuryStock": 1322388000, "otherStockholderEquity": 1322388000, "totalStockholderEquity": 1376140000, "netTangibleAssets": 1372860000}], "maxAge": 86400}, "earningsHistory": {"history": [{"maxAge": 1, "epsActual": {}, "epsEstimate": {}, "epsDifference": {}, "surprisePercent": {}, "quarter": {}, "period": "-4q"}, {"maxAge": 1, "epsActual": {}, "epsEstimate": {}, "epsDifference": {}, "surprisePercent": {}, "quarter": {}, "period": "-3q"}, {"maxAge": 1, "epsActual": {}, "epsEstimate": {}, "epsDifference": {}, "surprisePercent": {}, "quarter": {}, "period": "-2q"}, {"maxAge": 1, "epsActual": {}, "epsEstimate": {}, "epsDifference": {}, "surprisePercent": {}, "quarter": {}, "period": "-1q"}], "maxAge": 86400}, "indexTrend": {"maxAge": 1, "symbol": "SP5", "peRatio": 19.7411, "pegRatio": 1.34172, "estimates": [{"period": "0q", "growth": 0.549}, {"period": "+1q", "growth": 0.431}, {"period": "0y", "growth": 0.305}, {"period": "+1y", "growth": 0.109}, {"period": "+5y", "growth": 0.120859005}, {"period": "-5y"}]}, "industryTrend": {"maxAge": 1, "symbol": null, "estimates": []}, "insiderTransactions": {"transactions": [{"maxAge": 1, "shares": 2166660, "filerUrl": "", "transactionText": "", "filerName": "Haldyn Corporation Ltd", "filerRelation": "Promoter", "moneyText": "", "startDate": "2019-09-23", "ownership": "D"}, {"maxAge": 1, "shares": 16133, "filerUrl": "", "transactionText": "", "filerName": "Haldyn Corporation Ltd", "filerRelation": "Promoter", "moneyText": "", "startDate": "2019-08-27", "ownership": "D"}, {"maxAge": 1, "shares": 1809, "filerUrl": "", "transactionText": "", "filerName": "Haldyn Corporation Ltd", "filerRelation": "Promoter", "moneyText": "", "startDate": "2019-08-26", "ownership": "D"}, {"maxAge": 1, "shares": 2500, "filerUrl": "", "transactionText": "", "filerName": "Haldyn Corporation Ltd", "filerRelation": "Promoter", "moneyText": "", "startDate": "2019-08-22", "ownership": "D"}, {"maxAge": 1, "shares": 49975, "filerUrl": "", "transactionText": "", "filerName": "Haldyn Corporation Ltd", "filerRelation": "Promoter", "moneyText": "", "startDate": "2019-08-19", "ownership": "D"}, {"maxAge": 1, "shares": 7815, "filerUrl": "", "transactionText": "", "filerName": "Haldyn Corporation Ltd", "filerRelation": "Promoter", "moneyText": "", "startDate": "2018-12-28", "ownership": "D"}, {"maxAge": 1, "shares": 10000, "filerUrl": "", "transactionText": "", "filerName": "Haldyn Corporation Ltd", "filerRelation": "Promoter", "moneyText": "", "startDate": "2018-12-21", "ownership": "D"}, {"maxAge": 1, "shares": 4500, "filerUrl": "", "transactionText": "", "filerName": "Shetty (Tarun N)", "filerRelation": "Managing Director", "moneyText": "", "startDate": "2015-03-03", "ownership": "D"}, {"maxAge": 1, "shares": 141000, "filerUrl": "", "transactionText": "", "filerName": "Ajila (Vinita R.)", "filerRelation": "Director (Non-Executive)", "moneyText": "", "startDate": "2011-09-23", "ownership": "D"}, {"maxAge": 1, "shares": 141000, "filerUrl": "", "transactionText": "", "filerName": "Ajila (Rohan & Vinita)", "filerRelation": "UNREPORTED", "moneyText": "", "startDate": "2011-09-23", "ownership": "D"}, {"maxAge": 1, "shares": 1500, "filerUrl": "", "transactionText": "", "filerName": "Gujarat Industrial Investment Corporation, Ltd.", "filerRelation": "Institution- Corporation", "moneyText": "", "startDate": "2009-12-31", "ownership": "D"}, {"maxAge": 1, "shares": 5500, "filerUrl": "", "transactionText": "", "filerName": "Gujarat Industrial Investment Corporation, Ltd.", "filerRelation": "Institution- Corporation", "moneyText": "", "startDate": "2009-12-30", "ownership": "D"}, {"maxAge": 1, "shares": 200, "filerUrl": "", "transactionText": "", "filerName": "Gujarat Industrial Investment Corporation, Ltd.", "filerRelation": "Institution- Corporation", "moneyText": "", "startDate": "2009-12-29", "ownership": "D"}, {"maxAge": 1, "shares": 2000, "filerUrl": "", "transactionText": "", "filerName": "Gujarat Industrial Investment Corporation, Ltd.", "filerRelation": "Institution- Corporation", "moneyText": "", "startDate": "2009-12-24", "ownership": "D"}, {"maxAge": 1, "shares": 648, "filerUrl": "", "transactionText": "", "filerName": "Gujarat Industrial Investment Corporation, Ltd.", "filerRelation": "Institution- Corporation", "moneyText": "", "startDate": "2009-12-23", "ownership": "D"}, {"maxAge": 1, "shares": 204, "filerUrl": "", "transactionText": "", "filerName": "Gujarat Industrial Investment Corporation, Ltd.", "filerRelation": "Institution- Corporation", "moneyText": "", "startDate": "2009-12-21", "ownership": "D"}, {"maxAge": 1, "shares": 0, "filerUrl": "", "transactionText": "", "filerName": "Gujarat Industrial Investment Corporation, Ltd.", "filerRelation": "Institution- Corporation", "moneyText": "", "startDate": "2009-12-18", "ownership": "I"}, {"maxAge": 1, "shares": 1000, "filerUrl": "", "transactionText": "", "filerName": "Gujarat Industrial Investment Corporation, Ltd.", "filerRelation": "Institution- Corporation", "moneyText": "", "startDate": "2009-12-15", "ownership": "D"}, {"maxAge": 1, "shares": 1050, "filerUrl": "", "transactionText": "", "filerName": "Gujarat Industrial Investment Corporation, Ltd.", "filerRelation": "Institution- Corporation", "moneyText": "", "startDate": "2009-12-15", "ownership": "D"}, {"maxAge": 1, "shares": 1500, "filerUrl": "", "transactionText": "", "filerName": "Gujarat Industrial Investment Corporation, Ltd.", "filerRelation": "Institution- Corporation", "moneyText": "", "startDate": "2009-12-14", "ownership": "D"}, {"maxAge": 1, "shares": 750, "filerUrl": "", "transactionText": "", "filerName": "Gujarat Industrial Investment Corporation, Ltd.", "filerRelation": "Institution- Corporation", "moneyText": "", "startDate": "2009-12-11", "ownership": "D"}, {"maxAge": 1, "shares": 3125, "filerUrl": "", "transactionText": "", "filerName": "Gujarat Industrial Investment Corporation, Ltd.", "filerRelation": "Institution- Corporation", "moneyText": "", "startDate": "2009-12-10", "ownership": "D"}, {"maxAge": 1, "shares": 681, "filerUrl": "", "transactionText": "", "filerName": "Gujarat Industrial Investment Corporation, Ltd.", "filerRelation": "Institution- Corporation", "moneyText": "", "startDate": "2009-12-09", "ownership": "D"}, {"maxAge": 1, "shares": 350, "filerUrl": "", "transactionText": "", "filerName": "Gujarat Industrial Investment Corporation, Ltd.", "filerRelation": "Institution- Corporation", "moneyText": "", "startDate": "2009-12-08", "ownership": "D"}, {"maxAge": 1, "shares": 250, "filerUrl": "", "transactionText": "", "filerName": "Gujarat Industrial Investment Corporation, Ltd.", "filerRelation": "Institution- Corporation", "moneyText": "", "startDate": "2009-12-07", "ownership": "D"}, {"maxAge": 1, "shares": 1500, "filerUrl": "", "transactionText": "", "filerName": "Gujarat Industrial Investment Corporation, Ltd.", "filerRelation": "Institution- Corporation", "moneyText": "", "startDate": "2009-12-03", "ownership": "D"}, {"maxAge": 1, "shares": 1550, "filerUrl": "", "transactionText": "", "filerName": "Gujarat Industrial Investment Corporation, Ltd.", "filerRelation": "Institution- Corporation", "moneyText": "", "startDate": "2009-12-02", "ownership": "D"}, {"maxAge": 1, "shares": 400, "filerUrl": "", "transactionText": "", "filerName": "Gujarat Industrial Investment Corporation, Ltd.", "filerRelation": "Institution- Corporation", "moneyText": "", "startDate": "2009-12-01", "ownership": "D"}, {"maxAge": 1, "shares": 572, "filerUrl": "", "transactionText": "", "filerName": "Gujarat Industrial Investment Corporation, Ltd.", "filerRelation": "Institution- Corporation", "moneyText": "", "startDate": "2009-11-26", "ownership": "D"}, {"maxAge": 1, "shares": 1070, "filerUrl": "", "transactionText": "", "filerName": "Gujarat Industrial Investment Corporation, Ltd.", "filerRelation": "Institution- Corporation", "moneyText": "", "startDate": "2009-11-25", "ownership": "D"}, {"maxAge": 1, "shares": 700, "filerUrl": "", "transactionText": "", "filerName": "Gujarat Industrial Investment Corporation, Ltd.", "filerRelation": "Institution- Corporation", "moneyText": "", "startDate": "2009-11-24", "ownership": "D"}, {"maxAge": 1, "shares": 25, "filerUrl": "", "transactionText": "", "filerName": "Gujarat Industrial Investment Corporation, Ltd.", "filerRelation": "Institution- Corporation", "moneyText": "", "startDate": "2009-11-20", "ownership": "D"}, {"maxAge": 1, "shares": 994, "filerUrl": "", "transactionText": "", "filerName": "Gujarat Industrial Investment Corporation, Ltd.", "filerRelation": "Institution- Corporation", "moneyText": "", "startDate": "2009-11-18", "ownership": "D"}, {"maxAge": 1, "shares": 835, "filerUrl": "", "transactionText": "", "filerName": "Gujarat Industrial Investment Corporation, Ltd.", "filerRelation": "Institution- Corporation", "moneyText": "", "startDate": "2009-11-17", "ownership": "D"}, {"maxAge": 1, "shares": 561, "filerUrl": "", "transactionText": "", "filerName": "Gujarat Industrial Investment Corporation, Ltd.", "filerRelation": "Institution- Corporation", "moneyText": "", "startDate": "2009-11-12", "ownership": "D"}, {"maxAge": 1, "shares": 3278, "filerUrl": "", "transactionText": "", "filerName": "Gujarat Industrial Investment Corporation, Ltd.", "filerRelation": "Institution- Corporation", "moneyText": "", "startDate": "2009-11-11", "ownership": "D"}, {"maxAge": 1, "shares": 1207, "filerUrl": "", "transactionText": "", "filerName": "Gujarat Industrial Investment Corporation, Ltd.", "filerRelation": "Institution- Corporation", "moneyText": "", "startDate": "2009-11-09", "ownership": "D"}, {"maxAge": 1, "shares": 1355, "filerUrl": "", "transactionText": "", "filerName": "Gujarat Industrial Investment Corporation, Ltd.", "filerRelation": "Institution- Corporation", "moneyText": "", "startDate": "2009-11-06", "ownership": "D"}, {"maxAge": 1, "shares": 1850, "filerUrl": "", "transactionText": "", "filerName": "Gujarat Industrial Investment Corporation, Ltd.", "filerRelation": "Institution- Corporation", "moneyText": "", "startDate": "2009-11-05", "ownership": "D"}], "maxAge": 1}, "quoteType": {"exchange": "BSE", "quoteType": "EQUITY", "symbol": "HALDYNGL.BO", "underlyingSymbol": "HALDYNGL.BO", "shortName": "HALDYN GLASS LTD", "longName": "Haldyn Glass Limited", "firstTradeDateEpochUtc": "2002-07-03 09:15:00", "timeZoneFullName": "Asia/Kolkata", "timeZoneShortName": "IST", "uuid": "754f1e46-4d2f-35c6-930d-dcc75127679d", "gmtOffSetMilliseconds": 19800000, "maxAge": 1}, "incomeStatementHistory": {"incomeStatementHistory": [{"maxAge": 1, "endDate": "2020-03-31", "totalRevenue": 2293728000, "costOfRevenue": 839720000, "grossProfit": 1454008000, "researchDevelopment": {}, "sellingGeneralAdministrative": 203519000, "nonRecurring": {}, "otherOperatingExpenses": 977190000, "totalOperatingExpenses": 2149761000, "operatingIncome": 143967000, "totalOtherIncomeExpenseNet": -12705000, "ebit": 143967000, "interestExpense": -2365000, "incomeBeforeTax": 131262000, "incomeTaxExpense": 48783000, "minorityInterest": {}, "netIncomeFromContinuingOps": 82479000, "discontinuedOperations": {}, "extraordinaryItems": {}, "effectOfAccountingCharges": {}, "otherItems": {}, "netIncome": 82479000, "netIncomeApplicableToCommonShares": 82479000}, {"maxAge": 1, "endDate": "2019-04-01", "totalRevenue": 2229526000, "costOfRevenue": 787420000, "grossProfit": 1442106000, "researchDevelopment": {}, "sellingGeneralAdministrative": 186484000, "nonRecurring": {}, "otherOperatingExpenses": 994320000, "totalOperatingExpenses": 2078046000, "operatingIncome": 151480000, "totalOtherIncomeExpenseNet": -60925000, "ebit": 151480000, "interestExpense": -2043000, "incomeBeforeTax": 90555000, "incomeTaxExpense": 35084000, "minorityInterest": {}, "netIncomeFromContinuingOps": 55471000, "discontinuedOperations": {}, "extraordinaryItems": {}, "effectOfAccountingCharges": {}, "otherItems": {}, "netIncome": 55471000, "netIncomeApplicableToCommonShares": 55471000}, {"maxAge": 1, "endDate": "2018-04-01", "totalRevenue": 1694845000, "costOfRevenue": 606134000, "grossProfit": 1088711000, "researchDevelopment": {}, "sellingGeneralAdministrative": 200109000, "nonRecurring": {}, "otherOperatingExpenses": 708318000, "totalOperatingExpenses": 1624313000, "operatingIncome": 70532000, "totalOtherIncomeExpenseNet": -68435000, "ebit": 70532000, "interestExpense": -1933000, "incomeBeforeTax": 2097000, "incomeTaxExpense": 7034000, "minorityInterest": {}, "netIncomeFromContinuingOps": -4937000, "discontinuedOperations": {}, "extraordinaryItems": {}, "effectOfAccountingCharges": {}, "otherItems": {}, "netIncome": -4937000, "netIncomeApplicableToCommonShares": -4937000}, {"maxAge": 1, "endDate": "2017-03-31", "totalRevenue": 1731938000, "costOfRevenue": 561542000, "grossProfit": 1170396000, "researchDevelopment": {}, "sellingGeneralAdministrative": 162680000, "nonRecurring": {}, "otherOperatingExpenses": 717585000, "totalOperatingExpenses": 1553401000, "operatingIncome": 178537000, "totalOtherIncomeExpenseNet": -7496000, "ebit": 178537000, "interestExpense": -7390000, "incomeBeforeTax": 171041000, "incomeTaxExpense": 63738000, "minorityInterest": {}, "netIncomeFromContinuingOps": 107303000, "discontinuedOperations": {}, "extraordinaryItems": {}, "effectOfAccountingCharges": {}, "otherItems": {}, "netIncome": 107303000, "netIncomeApplicableToCommonShares": 107303000}], "maxAge": 86400}, "fundOwnership": {"ownershipList": [], "maxAge": 1}, "summaryDetail": {"maxAge": 1, "priceHint": 2, "previousClose": 43.3, "open": 47.1, "dayLow": 44.2, "dayHigh": 50.95, "regularMarketPreviousClose": 43.3, "regularMarketOpen": 47.1, "regularMarketDayLow": 44.2, "regularMarketDayHigh": 50.95, "trailingPE": 110.06944, "volume": 2722544, "regularMarketVolume": 2722544, "averageVolume": 92091, "averageVolume10days": 31175, "averageDailyVolume10Day": 31175, "bid": 47.8, "ask": 47.9, "bidSize": 0, "askSize": 0, "marketCap": 2555893248, "fiftyTwoWeekLow": 16.6, "fiftyTwoWeekHigh": 50.95, "fiftyDayAverage": 32.224243, "twoHundredDayAverage": 29.905882, "trailingAnnualDividendRate": 0.6, "trailingAnnualDividendYield": 0.013856813, "currency": "INR", "fromCurrency": null, "lastMarket": null, "algorithm": null, "tradeable": false}, "sectorTrend": {"maxAge": 1, "symbol": null, "estimates": []}, "incomeStatementHistoryQuarterly": {"incomeStatementHistory": [{"maxAge": 1, "endDate": "2020-06-30", "totalRevenue": 289170000, "costOfRevenue": 59214000, "grossProfit": 229956000, "researchDevelopment": {}, "sellingGeneralAdministrative": 46074000, "nonRecurring": {}, "otherOperatingExpenses": 162667000, "totalOperatingExpenses": 298651000, "operatingIncome": -9481000, "totalOtherIncomeExpenseNet": -23227000, "ebit": -9481000, "interestExpense": -793000, "incomeBeforeTax": -32708000, "incomeTaxExpense": -2417000, "minorityInterest": {}, "netIncomeFromContinuingOps": -30291000, "discontinuedOperations": {}, "extraordinaryItems": {}, "effectOfAccountingCharges": {}, "otherItems": {}, "netIncome": -30291000, "netIncomeApplicableToCommonShares": -30291000}, {"maxAge": 1, "endDate": "2020-03-31", "totalRevenue": 489830000, "costOfRevenue": 225386000, "grossProfit": 264444000, "researchDevelopment": {}, "sellingGeneralAdministrative": 54377000, "nonRecurring": {}, "otherOperatingExpenses": 193264000, "totalOperatingExpenses": 503216000, "operatingIncome": -13386000, "totalOtherIncomeExpenseNet": 4187000, "ebit": -13386000, "interestExpense": -793000, "incomeBeforeTax": -9199000, "incomeTaxExpense": 1087000, "minorityInterest": {}, "netIncomeFromContinuingOps": -10286000, "discontinuedOperations": {}, "extraordinaryItems": {}, "effectOfAccountingCharges": {}, "otherItems": {}, "netIncome": -10286000, "netIncomeApplicableToCommonShares": -10286000}, {"maxAge": 1, "endDate": "2019-12-31", "totalRevenue": 648405000, "costOfRevenue": 255103000, "grossProfit": 393302000, "researchDevelopment": {}, "sellingGeneralAdministrative": 47805000, "nonRecurring": {}, "otherOperatingExpenses": 273048000, "totalOperatingExpenses": 608935000, "operatingIncome": 39470000, "totalOtherIncomeExpenseNet": -17358000, "ebit": 39470000, "interestExpense": -2737000, "incomeBeforeTax": 22112000, "incomeTaxExpense": 6324000, "minorityInterest": {}, "netIncomeFromContinuingOps": 15788000, "discontinuedOperations": {}, "extraordinaryItems": {}, "effectOfAccountingCharges": {}, "otherItems": {}, "netIncome": 15788000, "netIncomeApplicableToCommonShares": 15788000}, {"maxAge": 1, "endDate": "2019-09-30", "totalRevenue": 585510000, "costOfRevenue": 181246000, "grossProfit": 404264000, "researchDevelopment": {}, "sellingGeneralAdministrative": 51972000, "nonRecurring": {}, "otherOperatingExpenses": 257957000, "totalOperatingExpenses": 524265000, "operatingIncome": 61245000, "totalOtherIncomeExpenseNet": 1432000, "ebit": 61245000, "interestExpense": -830000, "incomeBeforeTax": 62677000, "incomeTaxExpense": 14508000, "minorityInterest": {}, "netIncomeFromContinuingOps": 48169000, "discontinuedOperations": {}, "extraordinaryItems": {}, "effectOfAccountingCharges": {}, "otherItems": {}, "netIncome": 48169000, "netIncomeApplicableToCommonShares": 48169000}], "maxAge": 86400}, "cashflowStatementHistoryQuarterly": {"cashflowStatements": [{"maxAge": 1, "endDate": "2020-06-30", "netIncome": -30291000, "changeToLiabilities": 0}, {"maxAge": 1, "endDate": "2020-03-31", "netIncome": -10286000, "changeToLiabilities": 0}, {"maxAge": 1, "endDate": "2019-12-31", "netIncome": 15788000, "changeToLiabilities": 0}, {"maxAge": 1, "endDate": "2019-09-30", "netIncome": 48169000, "changeToLiabilities": 0}], "maxAge": 86400}, "insiderHolders": {"holders": [{"maxAge": 1, "name": "Ajila (Rohan & Vinita)", "relation": "UNREPORTED", "url": "", "transactionDescription": "Sale", "latestTransDate": "2011-09-23", "positionDirect": 0, "positionDirectDate": "2011-09-23"}, {"maxAge": 1, "name": "Ajila (Vinita R.)", "relation": "Director (Non-Executive)", "url": "", "transactionDescription": "Acquisition", "latestTransDate": "2011-09-23", "positionDirect": 607880, "positionDirectDate": "2011-09-23"}, {"maxAge": 1, "name": "Gujarat Industrial Investment Corporation, Ltd.", "relation": "Institution- Corporation", "url": "", "transactionDescription": "Sale", "latestTransDate": "2009-12-31", "positionDirect": 553279, "positionDirectDate": "2009-12-31"}, {"maxAge": 1, "name": "Haldyn Corporation Ltd", "relation": "Promoter", "url": "", "transactionDescription": "Other", "latestTransDate": "2019-09-23", "positionDirect": 28831147, "positionDirectDate": "2019-09-23"}, {"maxAge": 1, "name": "Shetty (Tarun N)", "relation": "Managing Director", "url": "", "transactionDescription": "Acquisition", "latestTransDate": "2015-03-03", "positionDirect": 278600, "positionDirectDate": "2015-03-03"}], "maxAge": 1}, "earnings": {"maxAge": 86400, "earningsChart": {"quarterly": [], "earningsDate": []}, "financialsChart": {"yearly": [{"date": 2017, "revenue": 1731938000, "earnings": 107303000}, {"date": 2018, "revenue": 1694845000, "earnings": -4937000}, {"date": 2019, "revenue": 2229526000, "earnings": 55471000}, {"date": 2020, "revenue": 2293728000, "earnings": 82479000}], "quarterly": [{"date": "3Q2019", "revenue": 585510000, "earnings": 48169000}, {"date": "4Q2019", "revenue": 648405000, "earnings": 15788000}, {"date": "1Q2020", "revenue": 489830000, "earnings": -10286000}, {"date": "2Q2020", "revenue": 289170000, "earnings": -30291000}]}, "financialCurrency": "INR"}, "calendarEvents": {"maxAge": 1, "earnings": {"earningsDate": []}}, "upgradeDowngradeHistory": {"history": [], "maxAge": 86400}, "price": {"maxAge": 1, "regularMarketChangePercent": 0.09815243, "regularMarketChange": 4.25, "regularMarketTime": "2021-04-30 15:53:12", "priceHint": 2, "regularMarketPrice": 47.55, "regularMarketDayHigh": 50.95, "regularMarketDayLow": 44.2, "regularMarketVolume": 2722544, "averageDailyVolume10Day": 31175, "averageDailyVolume3Month": 92091, "regularMarketPreviousClose": 43.3, "regularMarketSource": "FREE_REALTIME", "regularMarketOpen": 47.1, "exchange": "BSE", "exchangeName": "BSE", "exchangeDataDelayedBy": 0, "marketState": "CLOSED", "quoteType": "EQUITY", "symbol": "HALDYNGL.BO", "underlyingSymbol": null, "shortName": "HALDYN GLASS LTD", "longName": "Haldyn Glass Limited", "currency": "INR", "quoteSourceName": "Delayed Quote", "currencySymbol": "\u20b9", "fromCurrency": null, "lastMarket": null, "marketCap": 2555893248}, "balanceSheetHistory": {"balanceSheetStatements": [{"maxAge": 1, "endDate": "2020-03-31", "cash": 183802000, "netReceivables": 549146000, "inventory": 188551000, "otherCurrentAssets": 51289000, "totalCurrentAssets": 974737000, "longTermInvestments": 184867000, "propertyPlantEquipment": 506554000, "intangibleAssets": 2487000, "otherAssets": 62675000, "totalAssets": 1731320000, "accountsPayable": 146013000, "shortLongTermDebt": 828000, "otherCurrentLiab": 58187000, "longTermDebt": 490000, "otherLiab": 67326000, "totalCurrentLiabilities": 258787000, "totalLiab": 342972000, "commonStock": 53752000, "retainedEarnings": 1231773000, "treasuryStock": 43548000, "capitalSurplus": 59275000, "otherStockholderEquity": 43548000, "totalStockholderEquity": 1388348000, "netTangibleAssets": 1385861000}, {"maxAge": 1, "endDate": "2019-04-01", "cash": 123742000, "netReceivables": 506517000, "inventory": 226736000, "otherCurrentAssets": 35480000, "totalCurrentAssets": 894096000, "longTermInvestments": 222590000, "propertyPlantEquipment": 586263000, "intangibleAssets": 4233000, "otherAssets": 39528000, "totalAssets": 1746710000, "accountsPayable": 121523000, "shortLongTermDebt": 972000, "otherCurrentLiab": 53931000, "longTermDebt": 1318000, "otherLiab": 83511000, "totalCurrentLiabilities": 323865000, "totalLiab": 408694000, "commonStock": 53752000, "retainedEarnings": 1188175000, "treasuryStock": 36814000, "capitalSurplus": 59275000, "otherStockholderEquity": 36814000, "totalStockholderEquity": 1338016000, "netTangibleAssets": 1333783000}, {"maxAge": 1, "endDate": "2018-04-01", "cash": 49788000, "netReceivables": 348113000, "inventory": 256374000, "otherCurrentAssets": 44026000, "totalCurrentAssets": 700153000, "longTermInvestments": 242528000, "propertyPlantEquipment": 671408000, "intangibleAssets": 1274000, "otherAssets": 41643000, "totalAssets": 1657006000, "accountsPayable": 111403000, "shortLongTermDebt": 1778000, "otherCurrentLiab": 52107000, "longTermDebt": 1095000, "otherLiab": 116438000, "totalCurrentLiabilities": 240647000, "totalLiab": 358180000, "commonStock": 53752000, "retainedEarnings": 1152145000, "treasuryStock": 33654000, "capitalSurplus": 59275000, "otherStockholderEquity": 33654000, "totalStockholderEquity": 1298826000, "netTangibleAssets": 1297552000}, {"maxAge": 1, "endDate": "2017-03-31", "cash": 33370000, "netReceivables": 293567000, "inventory": 319368000, "otherCurrentAssets": 33201000, "totalCurrentAssets": 682632000, "longTermInvestments": 215036000, "propertyPlantEquipment": 757355000, "otherAssets": 42097000, "totalAssets": 1697120000, "accountsPayable": 65446000, "shortLongTermDebt": 1108000, "otherCurrentLiab": 74929000, "longTermDebt": 1429000, "otherLiab": 118108000, "totalCurrentLiabilities": 240540000, "totalLiab": 360077000, "commonStock": 53752000, "retainedEarnings": 1192664000, "treasuryStock": 31352000, "capitalSurplus": 59275000, "otherStockholderEquity": 31352000, "totalStockholderEquity": 1337043000, "netTangibleAssets": 1337043000}], "maxAge": 86400}, "earningsTrend": {"trend": [{"maxAge": 1, "period": "0q", "endDate": null, "growth": {}, "earningsEstimate": {"avg": 0.0, "low": 0.0, "high": 0.0, "yearAgoEps": {}, "numberOfAnalysts": 0, "growth": {}}, "revenueEstimate": {"avg": 0, "low": 0, "high": 0, "numberOfAnalysts": 0, "yearAgoRevenue": {}, "growth": {}}, "epsTrend": {"current": 0.0, "7daysAgo": 0.0, "30daysAgo": 0.0, "60daysAgo": 0.0, "90daysAgo": 0.0}, "epsRevisions": {"upLast7days": 0, "upLast30days": 0, "downLast30days": 0, "downLast90days": {}}}, {"maxAge": 1, "period": "+1q", "endDate": null, "growth": {}, "earningsEstimate": {"avg": 0.0, "low": 0.0, "high": 0.0, "yearAgoEps": {}, "numberOfAnalysts": 0, "growth": {}}, "revenueEstimate": {"avg": 0, "low": 0, "high": 0, "numberOfAnalysts": 0, "yearAgoRevenue": {}, "growth": {}}, "epsTrend": {"current": 0.0, "7daysAgo": 0.0, "30daysAgo": 0.0, "60daysAgo": 0.0, "90daysAgo": 0.0}, "epsRevisions": {"upLast7days": 0, "upLast30days": 0, "downLast30days": 0, "downLast90days": {}}}, {"maxAge": 1, "period": "0y", "endDate": null, "growth": {}, "earningsEstimate": {"avg": 0.0, "low": 0.0, "high": 0.0, "yearAgoEps": {}, "numberOfAnalysts": 0, "growth": {}}, "revenueEstimate": {"avg": 0, "low": 0, "high": 0, "numberOfAnalysts": 0, "yearAgoRevenue": {}, "growth": {}}, "epsTrend": {"current": 0.0, "7daysAgo": 0.0, "30daysAgo": 0.0, "60daysAgo": 0.0, "90daysAgo": 0.0}, "epsRevisions": {"upLast7days": 0, "upLast30days": 0, "downLast30days": 0, "downLast90days": {}}}, {"maxAge": 1, "period": "+1y", "endDate": null, "growth": {}, "earningsEstimate": {"avg": 0.0, "low": 0.0, "high": 0.0, "yearAgoEps": {}, "numberOfAnalysts": 0, "growth": {}}, "revenueEstimate": {"avg": 0, "low": 0, "high": 0, "numberOfAnalysts": 0, "yearAgoRevenue": {}, "growth": {}}, "epsTrend": {"current": 0.0, "7daysAgo": 0.0, "30daysAgo": 0.0, "60daysAgo": 0.0, "90daysAgo": 0.0}, "epsRevisions": {"upLast7days": 0, "upLast30days": 0, "downLast30days": 0, "downLast90days": {}}}, {"maxAge": 1, "period": "+5y", "endDate": null, "growth": {}, "earningsEstimate": {"avg": {}, "low": {}, "high": {}, "yearAgoEps": {}, "numberOfAnalysts": {}, "growth": {}}, "revenueEstimate": {"avg": {}, "low": {}, "high": {}, "numberOfAnalysts": {}, "yearAgoRevenue": {}, "growth": {}}, "epsTrend": {"current": {}, "7daysAgo": {}, "30daysAgo": {}, "60daysAgo": {}, "90daysAgo": {}}, "epsRevisions": {"upLast7days": {}, "upLast30days": {}, "downLast30days": {}, "downLast90days": {}}}, {"maxAge": 1, "period": "-5y", "endDate": null, "growth": {}, "earningsEstimate": {"avg": {}, "low": {}, "high": {}, "yearAgoEps": {}, "numberOfAnalysts": {}, "growth": {}}, "revenueEstimate": {"avg": {}, "low": {}, "high": {}, "numberOfAnalysts": {}, "yearAgoRevenue": {}, "growth": {}}, "epsTrend": {"current": {}, "7daysAgo": {}, "30daysAgo": {}, "60daysAgo": {}, "90daysAgo": {}}, "epsRevisions": {"upLast7days": {}, "upLast30days": {}, "downLast30days": {}, "downLast90days": {}}}], "maxAge": 1}, "financialData": {"maxAge": 86400, "currentPrice": 47.55, "targetHighPrice": 34.0, "targetLowPrice": 34.0, "targetMeanPrice": 34.0, "targetMedianPrice": 34.0, "recommendationMean": 2.0, "recommendationKey": "buy", "numberOfAnalystOpinions": 1, "grossProfits": 1454008000, "financialCurrency": "INR"}}}