{"HALDER.BO": {"cashflowStatementHistory": {"cashflowStatements": [{"maxAge": 1, "endDate": "2020-03-31", "netIncome": 46302000, "depreciation": 31023175, "changeToNetincome": 78467832, "changeToAccountReceivables": -35382747, "changeToLiabilities": 29588735, "changeToInventory": -378382515, "changeToOperatingActivities": -132062424, "totalCashFromOperatingActivities": -360436598, "capitalExpenditures": -3505447, "investments": 255190000, "otherCashflowsFromInvestingActivities": 156141075, "totalCashflowsFromInvestingActivities": 407825628, "otherCashflowsFromFinancingActivities": -65458820, "totalCashFromFinancingActivities": -57353320, "changeInCash": -9964289, "issuanceOfStock": 8105500}, {"maxAge": 1, "endDate": "2019-03-31", "netIncome": 33476111, "depreciation": 33411706, "changeToNetincome": 51376761, "changeToAccountReceivables": -101101864, "changeToLiabilities": -163488043, "changeToInventory": 105390333, "changeToOperatingActivities": 148554227, "totalCashFromOperatingActivities": 107631593, "capitalExpenditures": -34771529, "investments": 3884631, "otherCashflowsFromInvestingActivities": -42709350, "totalCashflowsFromInvestingActivities": -73596248, "otherCashflowsFromFinancingActivities": -62678794, "totalCashFromFinancingActivities": -62678794, "changeInCash": -28643449, "issuanceOfStock": 8105500}, {"maxAge": 1, "endDate": "2018-03-31", "netIncome": 14797673, "depreciation": 31622878, "changeToNetincome": 77167921, "changeToAccountReceivables": -48747878, "changeToLiabilities": 158936597, "changeToInventory": -190346543, "changeToOperatingActivities": -58361312, "totalCashFromOperatingActivities": -14919145, "capitalExpenditures": -48412065, "investments": 9715369, "otherCashflowsFromInvestingActivities": 145675205, "totalCashflowsFromInvestingActivities": 106978509, "otherCashflowsFromFinancingActivities": -53794284, "totalCashFromFinancingActivities": -53794284, "changeInCash": 38265081, "issuanceOfStock": 8105500}, {"maxAge": 1, "endDate": "2017-03-31", "netIncome": 27434803, "depreciation": 26063124, "changeToNetincome": 64863377, "changeToAccountReceivables": -75307226, "changeToLiabilities": -34170448, "changeToInventory": 7622885, "changeToOperatingActivities": -30008862, "totalCashFromOperatingActivities": -13490828, "capitalExpenditures": -154731589, "investments": 21500000, "otherCashflowsFromInvestingActivities": 171870528, "totalCashflowsFromInvestingActivities": 38638939, "otherCashflowsFromFinancingActivities": -50918456, "totalCashFromFinancingActivities": -20551096, "changeInCash": 4597016, "issuanceOfStock": 30367360}], "maxAge": 86400}, "institutionOwnership": {"ownershipList": [], "maxAge": 1}, "balanceSheetHistoryQuarterly": {"balanceSheetStatements": [{"maxAge": 1, "endDate": "2020-06-30", "totalStockholderEquity": 497315000, "netTangibleAssets": 497313000}, {"maxAge": 1, "endDate": "2020-03-31", "cash": 10927000, "netReceivables": 520149000, "inventory": 763854000, "otherCurrentAssets": 148387000, "totalCurrentAssets": 1443317000, "propertyPlantEquipment": 292345000, "intangibleAssets": 2000, "otherAssets": 7264000, "totalAssets": 1742928000, "accountsPayable": 32170000, "shortLongTermDebt": 800957000, "otherCurrentLiab": 85982000, "longTermDebt": 29090000, "otherLiab": 13588000, "minorityInterest": 273008000, "totalCurrentLiabilities": 929927000, "totalLiab": 972605000, "commonStock": 31607000, "treasuryStock": 465708000, "otherStockholderEquity": 465708000, "totalStockholderEquity": 497315000, "netTangibleAssets": 497313000}, {"maxAge": 1, "endDate": "2019-12-31", "totalStockholderEquity": 491579000, "netTangibleAssets": 491576000}, {"maxAge": 1, "endDate": "2019-09-30", "cash": 18783000, "netReceivables": 450901000, "inventory": 407381000, "otherCurrentAssets": 109217000, "totalCurrentAssets": 986282000, "longTermInvestments": 255190000, "propertyPlantEquipment": 306344000, "intangibleAssets": 3000, "otherAssets": 6691000, "totalAssets": 1554510000, "accountsPayable": 88114000, "shortLongTermDebt": 594673000, "otherCurrentLiab": 64891000, "longTermDebt": 40463000, "otherLiab": 12256000, "minorityInterest": 238942000, "totalCurrentLiabilities": 771270000, "totalLiab": 823989000, "commonStock": 31607000, "treasuryStock": 459972000, "otherStockholderEquity": 459972000, "totalStockholderEquity": 491579000, "netTangibleAssets": 491576000}], "maxAge": 86400}, "indexTrend": {"maxAge": 1, "symbol": "SP5", "peRatio": 19.7411, "pegRatio": 1.34172, "estimates": [{"period": "0q", "growth": 0.549}, {"period": "+1q", "growth": 0.431}, {"period": "0y", "growth": 0.305}, {"period": "+1y", "growth": 0.109}, {"period": "+5y", "growth": 0.120859005}, {"period": "-5y"}]}, "insiderTransactions": {"transactions": [{"maxAge": 1, "shares": 150000, "filerUrl": "", "transactionText": "", "filerName": "Haldar (Prabhat Kumar)", "filerRelation": "Promoter", "moneyText": "", "startDate": "2018-04-13", "ownership": "D"}], "maxAge": 1}, "quoteType": {"exchange": "BSE", "quoteType": "EQUITY", "symbol": "HALDER.BO", "underlyingSymbol": "HALDER.BO", "shortName": "Halder Venture Limited", "longName": "Halder Venture Limited", "firstTradeDateEpochUtc": "2018-03-22 09:15:00", "timeZoneFullName": "Asia/Kolkata", "timeZoneShortName": "IST", "uuid": "19d1299c-e3d4-3d93-b9d7-af408efc1a8b", "gmtOffSetMilliseconds": 19800000, "maxAge": 1}, "incomeStatementHistory": {"incomeStatementHistory": [{"maxAge": 1, "endDate": "2020-03-31", "totalRevenue": 2884575000, "costOfRevenue": 2518768000, "grossProfit": 365807000, "researchDevelopment": {}, "sellingGeneralAdministrative": 241801000, "nonRecurring": {}, "otherOperatingExpenses": {}, "totalOperatingExpenses": 2791592000, "operatingIncome": 92983000, "totalOtherIncomeExpenseNet": -31467000, "ebit": 92983000, "interestExpense": -65459000, "incomeBeforeTax": 61516000, "incomeTaxExpense": 15214000, "minorityInterest": 273008000, "netIncomeFromContinuingOps": 46302000, "discontinuedOperations": {}, "extraordinaryItems": {}, "effectOfAccountingCharges": {}, "otherItems": {}, "netIncome": 46302000, "netIncomeApplicableToCommonShares": 46302000}, {"maxAge": 1, "endDate": "2019-03-31", "totalRevenue": 2579259185, "costOfRevenue": 2171966564, "grossProfit": 407292621, "researchDevelopment": {}, "sellingGeneralAdministrative": 294008313, "nonRecurring": {}, "otherOperatingExpenses": -1258303, "totalOperatingExpenses": 2498131296, "operatingIncome": 81127889, "totalOtherIncomeExpenseNet": -35631862, "ebit": 81127889, "interestExpense": -59998593, "incomeBeforeTax": 45496027, "incomeTaxExpense": 12019916, "minorityInterest": 230600322, "netIncomeFromContinuingOps": 33476111, "discontinuedOperations": {}, "extraordinaryItems": {}, "effectOfAccountingCharges": {}, "otherItems": {}, "netIncome": 33476111, "netIncomeApplicableToCommonShares": 33476111}, {"maxAge": 1, "endDate": "2018-03-31", "totalRevenue": 2334935141, "costOfRevenue": 1945108886, "grossProfit": 389826255, "researchDevelopment": {}, "sellingGeneralAdministrative": 279203632, "nonRecurring": {}, "otherOperatingExpenses": -1141915, "totalOperatingExpenses": 2254795654, "operatingIncome": 80139487, "totalOtherIncomeExpenseNet": -38255253, "ebit": 80139487, "interestExpense": -47860776, "incomeBeforeTax": 41884234, "incomeTaxExpense": 13813695, "minorityInterest": 213376877, "netIncomeFromContinuingOps": 28070539, "discontinuedOperations": {}, "extraordinaryItems": {}, "effectOfAccountingCharges": {}, "otherItems": {}, "netIncome": 14797673, "netIncomeApplicableToCommonShares": 14797673}, {"maxAge": 1, "endDate": "2017-03-31", "totalRevenue": 2002385414, "costOfRevenue": 1688315044, "grossProfit": 314070370, "researchDevelopment": {}, "sellingGeneralAdministrative": 215749597, "nonRecurring": {}, "otherOperatingExpenses": 682305, "totalOperatingExpenses": 1930812243, "operatingIncome": 71573171, "totalOtherIncomeExpenseNet": -30071235, "ebit": 71573171, "interestExpense": -43537929, "incomeBeforeTax": 41501936, "incomeTaxExpense": 14067133, "minorityInterest": 200104014, "netIncomeFromContinuingOps": 27434803, "discontinuedOperations": {}, "extraordinaryItems": {}, "effectOfAccountingCharges": {}, "otherItems": {}, "netIncome": 27434803, "netIncomeApplicableToCommonShares": 27434803}], "maxAge": 86400}, "fundOwnership": {"ownershipList": [], "maxAge": 1}, "summaryDetail": {"maxAge": 1, "priceHint": 2, "previousClose": 98.6, "open": 98.6, "dayLow": 97.0, "dayHigh": 98.6, "regularMarketPreviousClose": 98.6, "regularMarketOpen": 98.6, "regularMarketDayLow": 97.0, "regularMarketDayHigh": 98.6, "trailingPE": 22.303978, "volume": 135, "regularMarketVolume": 135, "averageVolume": 67, "averageVolume10days": 71, "averageDailyVolume10Day": 71, "bid": 0.0, "ask": 97.0, "bidSize": 0, "askSize": 0, "marketCap": 306587904, "fiftyTwoWeekLow": 31.0, "fiftyTwoWeekHigh": 98.6, "fiftyDayAverage": 55.06515, "twoHundredDayAverage": 47.352573, "currency": "INR", "fromCurrency": null, "lastMarket": null, "algorithm": null, "tradeable": false}, "incomeStatementHistoryQuarterly": {"incomeStatementHistory": [{"maxAge": 1, "endDate": "2020-06-30", "totalRevenue": 1024542000, "costOfRevenue": 900042000, "grossProfit": 124500000, "researchDevelopment": {}, "sellingGeneralAdministrative": 65411000, "nonRecurring": {}, "otherOperatingExpenses": {}, "totalOperatingExpenses": 972242000, "operatingIncome": 52300000, "totalOtherIncomeExpenseNet": -9154000, "ebit": 52300000, "interestExpense": -16195000, "incomeBeforeTax": 43146000, "incomeTaxExpense": 11119000, "minorityInterest": {}, "netIncomeFromContinuingOps": 32027000, "discontinuedOperations": {}, "extraordinaryItems": {}, "effectOfAccountingCharges": {}, "otherItems": {}, "netIncome": 13127000, "netIncomeApplicableToCommonShares": 13127000}, {"maxAge": 1, "endDate": "2020-03-31", "totalRevenue": 984805000, "costOfRevenue": 864626000, "grossProfit": 120179000, "researchDevelopment": {}, "sellingGeneralAdministrative": 86427000, "nonRecurring": {}, "otherOperatingExpenses": {}, "totalOperatingExpenses": 958893000, "operatingIncome": 25912000, "totalOtherIncomeExpenseNet": 2394000, "ebit": 25912000, "interestExpense": -16560000, "incomeBeforeTax": 28306000, "incomeTaxExpense": 6574000, "minorityInterest": 273008000, "netIncomeFromContinuingOps": 21732000, "discontinuedOperations": {}, "extraordinaryItems": {}, "effectOfAccountingCharges": {}, "otherItems": {}, "netIncome": 34121000, "netIncomeApplicableToCommonShares": 34121000}, {"maxAge": 1, "endDate": "2019-12-31", "totalRevenue": 624315000, "costOfRevenue": 557933000, "grossProfit": 66382000, "researchDevelopment": {}, "sellingGeneralAdministrative": 30232000, "nonRecurring": {}, "otherOperatingExpenses": {}, "totalOperatingExpenses": 595975000, "operatingIncome": 28340000, "totalOtherIncomeExpenseNet": -13911000, "ebit": 28340000, "interestExpense": -16021000, "incomeBeforeTax": 14429000, "incomeTaxExpense": 3752000, "minorityInterest": 273008000, "netIncomeFromContinuingOps": 10677000, "discontinuedOperations": {}, "extraordinaryItems": {}, "effectOfAccountingCharges": {}, "otherItems": {}, "netIncome": 6630000, "netIncomeApplicableToCommonShares": 6630000}, {"maxAge": 1, "endDate": "2019-09-30", "totalRevenue": 691927576, "costOfRevenue": 573098215, "grossProfit": 118829361, "researchDevelopment": {}, "sellingGeneralAdministrative": 69425730, "nonRecurring": {}, "otherOperatingExpenses": {}, "totalOperatingExpenses": 650230803, "operatingIncome": 41696773, "totalOtherIncomeExpenseNet": -7744648, "ebit": 41696773, "interestExpense": -17358204, "incomeBeforeTax": 33952125, "incomeTaxExpense": 4888054, "minorityInterest": 238942000, "netIncomeFromContinuingOps": 29064071, "discontinuedOperations": {}, "extraordinaryItems": {}, "effectOfAccountingCharges": {}, "otherItems": {}, "netIncome": 13442033, "netIncomeApplicableToCommonShares": 13442033}], "maxAge": 86400}, "cashflowStatementHistoryQuarterly": {"cashflowStatements": [{"maxAge": 1, "endDate": "2020-06-30", "netIncome": 13127000, "changeToLiabilities": 0}, {"maxAge": 1, "endDate": "2020-03-31", "netIncome": 34121000, "changeToLiabilities": 0}, {"maxAge": 1, "endDate": "2019-12-31", "netIncome": 6630000, "changeToLiabilities": 0}, {"maxAge": 1, "endDate": "2019-09-30", "netIncome": 13442033, "changeToLiabilities": 0}], "maxAge": 86400}, "insiderHolders": {"holders": [{"maxAge": 1, "name": "Haldar (Prabhat Kumar)", "relation": "Promoter", "url": "", "transactionDescription": "Purchase", "latestTransDate": "2018-04-13", "positionDirect": 300400, "positionDirectDate": "2018-04-13"}], "maxAge": 1}, "calendarEvents": {"maxAge": 1, "earnings": {"earningsDate": []}}, "upgradeDowngradeHistory": {"history": [], "maxAge": 86400}, "price": {"maxAge": 1, "regularMarketChangePercent": -0.016227165, "regularMarketChange": -1.5999985, "regularMarketTime": "2021-04-30 14:17:26", "priceHint": 2, "regularMarketPrice": 97.0, "regularMarketDayHigh": 98.6, "regularMarketDayLow": 97.0, "regularMarketVolume": 135, "averageDailyVolume10Day": 71, "averageDailyVolume3Month": 67, "regularMarketPreviousClose": 98.6, "regularMarketSource": "FREE_REALTIME", "regularMarketOpen": 98.6, "exchange": "BSE", "exchangeName": "BSE", "exchangeDataDelayedBy": 0, "marketState": "CLOSED", "quoteType": "EQUITY", "symbol": "HALDER.BO", "underlyingSymbol": null, "shortName": "Halder Venture Limited", "longName": "Halder Venture Limited", "currency": "INR", "quoteSourceName": "Delayed Quote", "currencySymbol": "\u20b9", "fromCurrency": null, "lastMarket": null, "marketCap": 306587904}, "balanceSheetHistory": {"balanceSheetStatements": [{"maxAge": 1, "endDate": "2020-03-31", "cash": 10927000, "netReceivables": 520149000, "inventory": 763854000, "otherCurrentAssets": 148387000, "totalCurrentAssets": 1443317000, "propertyPlantEquipment": 292345000, "intangibleAssets": 2000, "otherAssets": 7264000, "totalAssets": 1742928000, "accountsPayable": 32170000, "shortLongTermDebt": 800957000, "otherCurrentLiab": 85982000, "longTermDebt": 29090000, "otherLiab": 13588000, "minorityInterest": 273008000, "totalCurrentLiabilities": 929927000, "totalLiab": 972605000, "commonStock": 31607000, "treasuryStock": 465708000, "otherStockholderEquity": 465708000, "totalStockholderEquity": 497315000, "netTangibleAssets": 497313000}, {"maxAge": 1, "endDate": "2019-03-31", "cash": 20891306, "netReceivables": 536109555, "inventory": 385471737, "otherCurrentAssets": 50805333, "totalCurrentAssets": 995223590, "longTermInvestments": 255190000, "propertyPlantEquipment": 319832437, "intangibleAssets": 3505, "otherAssets": 6323394, "totalAssets": 1576572926, "accountsPayable": 2581211, "shortLongTermDebt": 32000000, "otherCurrentLiab": 38621270, "longTermDebt": 47463695, "otherLiab": 12255041, "deferredLongTermLiab": 9344, "minorityInterest": 230600322, "totalCurrentLiabilities": 800213538, "totalLiab": 859932274, "commonStock": 31607000, "retainedEarnings": 29317265, "treasuryStock": 425116065, "otherStockholderEquity": 425116065, "totalStockholderEquity": 486040330, "netTangibleAssets": 486036825}, {"maxAge": 1, "endDate": "2018-03-31", "cash": 49534757, "netReceivables": 416451755, "inventory": 490862069, "otherCurrentAssets": 100958590, "totalCurrentAssets": 1059393866, "longTermInvestments": 259074631, "propertyPlantEquipment": 321223125, "intangibleAssets": 6520, "otherAssets": 6381949, "totalAssets": 1646080091, "accountsPayable": 166069255, "shortLongTermDebt": 20000000, "otherCurrentLiab": 56258275, "longTermDebt": 71275994, "otherLiab": 10615158, "deferredLongTermLiab": 18690, "minorityInterest": 213376877, "totalCurrentLiabilities": 880397216, "totalLiab": 962288368, "commonStock": 31607000, "retainedEarnings": 13691780, "treasuryStock": 425116066, "otherStockholderEquity": 425116066, "totalStockholderEquity": 470414846, "netTangibleAssets": 470408326}, {"maxAge": 1, "endDate": "2017-03-31", "cash": 11269678, "shortTermInvestments": 1500000, "netReceivables": 330788048, "inventory": 300515527, "otherCurrentAssets": 67821439, "totalCurrentAssets": 712582723, "longTermInvestments": 267290000, "propertyPlantEquipment": 304433941, "intangibleAssets": 8694, "otherAssets": 12056210, "totalAssets": 1296371568, "accountsPayable": 7132658, "shortLongTermDebt": 12918319, "otherCurrentLiab": 42680051, "longTermDebt": 67394674, "otherLiab": 7870694, "deferredLongTermLiab": 28036, "minorityInterest": 200104014, "totalCurrentLiabilities": 564347661, "totalLiab": 639613029, "commonStock": 31607000, "retainedEarnings": -68541, "treasuryStock": 425116066, "otherStockholderEquity": 425116066, "totalStockholderEquity": 456654525, "netTangibleAssets": 456645831}], "maxAge": 86400}, "financialData": {"maxAge": 86400, "currentPrice": 97.0, "recommendationKey": "none", "grossProfits": 365807000, "financialCurrency": "INR"}}}