{"HARITASEAT.BO": {"recommendationTrend": {"trend": [{"period": "0m", "strongBuy": 0, "buy": 0, "hold": 0, "sell": 0, "strongSell": 0}, {"period": "-1m", "strongBuy": 0, "buy": 0, "hold": 0, "sell": 0, "strongSell": 0}, {"period": "-2m", "strongBuy": 0, "buy": 0, "hold": 0, "sell": 0, "strongSell": 0}, {"period": "-3m", "strongBuy": 0, "buy": 0, "hold": 0, "sell": 0, "strongSell": 0}], "maxAge": 86400}, "cashflowStatementHistory": {"cashflowStatements": [{"maxAge": 1, "endDate": "2020-03-31", "netIncome": 138009000, "depreciation": 264466000, "changeToNetincome": 84361000, "changeToAccountReceivables": 556348000, "changeToLiabilities": -682228000, "changeToInventory": 14794000, "changeToOperatingActivities": -27035000, "totalCashFromOperatingActivities": 349155000, "capitalExpenditures": -204910000, "investments": 105000, "otherCashflowsFromInvestingActivities": 28635000, "totalCashflowsFromInvestingActivities": -175496000, "netBorrowings": -117800000, "otherCashflowsFromFinancingActivities": -41257000, "totalCashFromFinancingActivities": -159057000, "changeInCash": 14602000}, {"maxAge": 1, "endDate": "2019-03-31", "netIncome": 287938000, "depreciation": 223049000, "changeToNetincome": 188107000, "changeToAccountReceivables": 255304000, "changeToLiabilities": 138243000, "changeToInventory": -4630000, "changeToOperatingActivities": 79764000, "totalCashFromOperatingActivities": 1173686000, "capitalExpenditures": -1041248000, "investments": 927000, "otherCashflowsFromInvestingActivities": 2542000, "totalCashflowsFromInvestingActivities": -1037703000, "dividendsPaid": -57149000, "netBorrowings": 93015000, "otherCashflowsFromFinancingActivities": -90455000, "totalCashFromFinancingActivities": -54589000, "changeInCash": 81394000}, {"maxAge": 1, "endDate": "2018-03-31", "netIncome": 376351000, "depreciation": 184657000, "changeToNetincome": 135388000, "changeToAccountReceivables": -859842000, "changeToLiabilities": 636300000, "changeToInventory": -171702000, "changeToOperatingActivities": 46203000, "totalCashFromOperatingActivities": 347355000, "capitalExpenditures": -404511000, "investments": 16953000, "otherCashflowsFromInvestingActivities": 2367000, "totalCashflowsFromInvestingActivities": -384997000, "dividendsPaid": -46614000, "netBorrowings": 110682000, "otherCashflowsFromFinancingActivities": -81853000, "totalCashFromFinancingActivities": -17785000, "changeInCash": -55427000}, {"maxAge": 1, "endDate": "2017-03-31", "netIncome": 282472000, "depreciation": 144128000, "changeToNetincome": 40443000, "changeToAccountReceivables": -159437000, "changeToLiabilities": 223161000, "changeToInventory": -40042000, "changeToOperatingActivities": -111842000, "totalCashFromOperatingActivities": 382680000, "capitalExpenditures": -438093000, "investments": 29467000, "otherCashflowsFromInvestingActivities": 1908000, "totalCashflowsFromInvestingActivities": -357589000, "dividendsPaid": -38846000, "netBorrowings": 62826000, "otherCashflowsFromFinancingActivities": -74048000, "totalCashFromFinancingActivities": -50068000, "changeInCash": -24977000}], "maxAge": 86400}, "institutionOwnership": {"ownershipList": [], "maxAge": 1}, "balanceSheetHistoryQuarterly": {"balanceSheetStatements": [{"maxAge": 1, "endDate": "2020-06-30", "totalStockholderEquity": 1918378000, "netTangibleAssets": 1910584000}, {"maxAge": 1, "endDate": "2020-03-31", "cash": 113881000, "netReceivables": 1450665000, "inventory": 492536000, "otherCurrentAssets": 123232000, "totalCurrentAssets": 2205950000, "longTermInvestments": 8577000, "propertyPlantEquipment": 2352077000, "intangibleAssets": 7794000, "otherAssets": 53346000, "totalAssets": 4627744000, "accountsPayable": 1352571000, "otherCurrentLiab": 87478000, "otherLiab": 134220000, "minorityInterest": 866442000, "totalCurrentLiabilities": 1703908000, "totalLiab": 1842924000, "commonStock": 77690000, "retainedEarnings": 1541400000, "treasuryStock": 1000000, "capitalSurplus": 298288000, "otherStockholderEquity": 1000000, "totalStockholderEquity": 1918378000, "netTangibleAssets": 1910584000}, {"maxAge": 1, "endDate": "2019-12-31", "totalStockholderEquity": 1792356000, "netTangibleAssets": 1785160000}, {"maxAge": 1, "endDate": "2019-09-30", "cash": 57076000, "shortTermInvestments": 39986000, "netReceivables": 1969598000, "inventory": 545078000, "otherCurrentAssets": 150386000, "totalCurrentAssets": 2762124000, "longTermInvestments": 11394000, "propertyPlantEquipment": 2453458000, "intangibleAssets": 7196000, "otherAssets": 43158000, "totalAssets": 5277330000, "accountsPayable": 1521595000, "otherCurrentLiab": 551114000, "otherLiab": 155631000, "minorityInterest": 806909000, "totalCurrentLiabilities": 2518901000, "totalLiab": 2678065000, "commonStock": 77690000, "treasuryStock": 1714666000, "otherStockholderEquity": 1714666000, "totalStockholderEquity": 1792356000, "netTangibleAssets": 1785160000}], "maxAge": 86400}, "earningsHistory": {"history": [{"maxAge": 1, "epsActual": {}, "epsEstimate": {}, "epsDifference": {}, "surprisePercent": {}, "quarter": {}, "period": "-4q"}, {"maxAge": 1, "epsActual": {}, "epsEstimate": {}, "epsDifference": {}, "surprisePercent": {}, "quarter": {}, "period": "-3q"}, {"maxAge": 1, "epsActual": {}, "epsEstimate": {}, "epsDifference": {}, "surprisePercent": {}, "quarter": {}, "period": "-2q"}, {"maxAge": 1, "epsActual": 5.95, "epsEstimate": 6.17, "epsDifference": -0.22, "surprisePercent": -0.036, "quarter": "2016-09-30", "period": "-1q"}], "maxAge": 86400}, "indexTrend": {"maxAge": 1, "symbol": "SP5", "peRatio": 19.7411, "pegRatio": 1.34172, "estimates": [{"period": "0q", "growth": 0.549}, {"period": "+1q", "growth": 0.431}, {"period": "0y", "growth": 0.305}, {"period": "+1y", "growth": 0.109}, {"period": "+5y", "growth": 0.120865}, {"period": "-5y"}]}, "industryTrend": {"maxAge": 1, "symbol": null, "estimates": []}, "insiderTransactions": {"transactions": [{"maxAge": 1, "shares": 138, "filerUrl": "", "transactionText": "", "filerName": "Harita Gopal Pvt Ltd", "filerRelation": "Promoter", "moneyText": "", "startDate": "2017-10-09", "ownership": "D"}, {"maxAge": 1, "shares": 305, "filerUrl": "", "transactionText": "", "filerName": "Harita Srinivasan Pvt Ltd", "filerRelation": "Promoter", "moneyText": "", "startDate": "2017-09-21", "ownership": "D"}, {"maxAge": 1, "shares": 285, "filerUrl": "", "transactionText": "", "filerName": "Harita Srinivasan Pvt Ltd", "filerRelation": "Promoter", "moneyText": "", "startDate": "2017-09-20", "ownership": "D"}, {"maxAge": 1, "shares": 820, "filerUrl": "", "transactionText": "", "filerName": "Harita Srinivasan Pvt Ltd", "filerRelation": "Promoter", "moneyText": "", "startDate": "2017-09-19", "ownership": "D"}, {"maxAge": 1, "shares": 3435, "filerUrl": "", "transactionText": "", "filerName": "Harita Srinivasan Pvt Ltd", "filerRelation": "Promoter", "moneyText": "", "startDate": "2017-09-18", "ownership": "D"}, {"maxAge": 1, "shares": 1887, "filerUrl": "", "transactionText": "", "filerName": "Harita Srinivasan Pvt Ltd", "filerRelation": "Promoter", "moneyText": "", "startDate": "2017-09-15", "ownership": "D"}, {"maxAge": 1, "shares": 3068, "filerUrl": "", "transactionText": "", "filerName": "Harita Srinivasan Pvt Ltd", "filerRelation": "Promoter", "moneyText": "", "startDate": "2017-09-14", "ownership": "D"}, {"maxAge": 1, "shares": 278114, "filerUrl": "", "transactionText": "", "filerName": "Strategic Management & Marketing Pvt Ltd", "filerRelation": "Institution- Corporation", "moneyText": "", "startDate": "2014-03-24", "ownership": "D"}, {"maxAge": 1, "shares": 365000, "filerUrl": "", "transactionText": "", "filerName": "Horticultural Construction Engineers India Pvt. Ltd.", "filerRelation": "Institution- Corporation", "moneyText": "", "startDate": "2014-03-03", "ownership": "D"}, {"maxAge": 1, "shares": 5100, "filerUrl": "", "transactionText": "", "filerName": "Harita Gopal Pvt Ltd", "filerRelation": "Promoter", "moneyText": "", "startDate": "2012-08-16", "ownership": "D"}], "maxAge": 1}, "quoteType": {"exchange": "BSE", "quoteType": "EQUITY", "symbol": "HARITASEAT.BO", "underlyingSymbol": "HARITASEAT.BO", "shortName": "HARITA SEATING SYSTEMS LTD.", "longName": "Harita Seating Systems Limited", "firstTradeDateEpochUtc": "2005-01-07 09:15:00", "timeZoneFullName": "Asia/Kolkata", "timeZoneShortName": "IST", "uuid": "bc0c466a-820c-3718-b7ec-aeb31dac291c", "gmtOffSetMilliseconds": 19800000, "maxAge": 1}, "incomeStatementHistory": {"incomeStatementHistory": [{"maxAge": 1, "endDate": "2020-03-31", "totalRevenue": 7491022000, "costOfRevenue": 5301826000, "grossProfit": 2189196000, "researchDevelopment": {}, "sellingGeneralAdministrative": 1006348000, "nonRecurring": {}, "otherOperatingExpenses": 608604000, "totalOperatingExpenses": 7186427000, "operatingIncome": 304595000, "totalOtherIncomeExpenseNet": -39305000, "ebit": 304595000, "interestExpense": -34949000, "incomeBeforeTax": 265290000, "incomeTaxExpense": 17669000, "minorityInterest": 866442000, "netIncomeFromContinuingOps": 247621000, "discontinuedOperations": {}, "extraordinaryItems": {}, "effectOfAccountingCharges": {}, "otherItems": {}, "netIncome": 138009000, "netIncomeApplicableToCommonShares": 138009000}, {"maxAge": 1, "endDate": "2019-03-31", "totalRevenue": 9839091000, "costOfRevenue": 7161918000, "grossProfit": 2677173000, "researchDevelopment": {}, "sellingGeneralAdministrative": 1084349000, "nonRecurring": {}, "otherOperatingExpenses": 722464000, "totalOperatingExpenses": 9197299000, "operatingIncome": 641792000, "totalOtherIncomeExpenseNet": -38101000, "ebit": 641792000, "interestExpense": -31094000, "incomeBeforeTax": 603691000, "incomeTaxExpense": 201430000, "minorityInterest": 760705000, "netIncomeFromContinuingOps": 402261000, "discontinuedOperations": {}, "extraordinaryItems": {}, "effectOfAccountingCharges": {}, "otherItems": {}, "netIncome": 287938000, "netIncomeApplicableToCommonShares": 287938000}, {"maxAge": 1, "endDate": "2018-03-31", "totalRevenue": 8908588000, "costOfRevenue": 6445758000, "grossProfit": 2462830000, "researchDevelopment": {}, "sellingGeneralAdministrative": 957544000, "nonRecurring": {}, "otherOperatingExpenses": 616632000, "totalOperatingExpenses": 8204591000, "operatingIncome": 703997000, "totalOtherIncomeExpenseNet": -5808000, "ebit": 703997000, "interestExpense": -12156000, "incomeBeforeTax": 698189000, "incomeTaxExpense": 206916000, "minorityInterest": 705090000, "netIncomeFromContinuingOps": 491273000, "discontinuedOperations": {}, "extraordinaryItems": {}, "effectOfAccountingCharges": {}, "otherItems": {}, "netIncome": 376351000, "netIncomeApplicableToCommonShares": 376351000}, {"maxAge": 1, "endDate": "2017-03-31", "totalRevenue": 7105831000, "costOfRevenue": 5120151000, "grossProfit": 1985680000, "researchDevelopment": {}, "sellingGeneralAdministrative": 819579000, "nonRecurring": {}, "otherOperatingExpenses": 524151000, "totalOperatingExpenses": 6611806000, "operatingIncome": 494025000, "totalOtherIncomeExpenseNet": 27238000, "ebit": 494025000, "interestExpense": -4450000, "incomeBeforeTax": 521263000, "incomeTaxExpense": 153826000, "minorityInterest": 684655000, "netIncomeFromContinuingOps": 367437000, "discontinuedOperations": {}, "extraordinaryItems": {}, "effectOfAccountingCharges": {}, "otherItems": {}, "netIncome": 282472000, "netIncomeApplicableToCommonShares": 282472000}], "maxAge": 86400}, "fundOwnership": {"ownershipList": [], "maxAge": 1}, "summaryDetail": {"maxAge": 1, "priceHint": 2, "previousClose": 766.9, "open": 751.7, "dayLow": 749.65, "dayHigh": 790.0, "regularMarketPreviousClose": 766.9, "regularMarketOpen": 751.7, "regularMarketDayLow": 749.65, "regularMarketDayHigh": 790.0, "trailingPE": 163.4266, "forwardPE": 23.118767, "volume": 19279, "regularMarketVolume": 19279, "averageVolume": 1477, "averageVolume10days": 3546, "averageDailyVolume10Day": 3546, "bid": 756.55, "ask": 758.0, "bidSize": 0, "askSize": 0, "marketCap": 5943315456, "fiftyTwoWeekLow": 291.0, "fiftyTwoWeekHigh": 790.0, "fiftyDayAverage": 488.1197, "twoHundredDayAverage": 432.31985, "trailingAnnualDividendRate": 6.0, "trailingAnnualDividendYield": 0.007823706, "currency": "INR", "fromCurrency": null, "lastMarket": null, "algorithm": null, "tradeable": false}, "sectorTrend": {"maxAge": 1, "symbol": null, "estimates": []}, "incomeStatementHistoryQuarterly": {"incomeStatementHistory": [{"maxAge": 1, "endDate": "2020-06-30", "totalRevenue": 515434000, "costOfRevenue": 345388000, "grossProfit": 170046000, "researchDevelopment": {}, "sellingGeneralAdministrative": 195538000, "nonRecurring": {}, "otherOperatingExpenses": 95126000, "totalOperatingExpenses": 700335000, "operatingIncome": -184901000, "totalOtherIncomeExpenseNet": -2694000, "ebit": -184901000, "interestExpense": -2694000, "incomeBeforeTax": -187595000, "incomeTaxExpense": -29375000, "minorityInterest": {}, "netIncomeFromContinuingOps": -158220000, "discontinuedOperations": {}, "extraordinaryItems": {}, "effectOfAccountingCharges": {}, "otherItems": {}, "netIncome": -113500000, "netIncomeApplicableToCommonShares": -113500000}, {"maxAge": 1, "endDate": "2020-03-31", "totalRevenue": 1550815000, "costOfRevenue": 1131980000, "grossProfit": 418835000, "researchDevelopment": {}, "sellingGeneralAdministrative": 243910000, "nonRecurring": {}, "otherOperatingExpenses": -23969000, "totalOperatingExpenses": 1400495000, "operatingIncome": 150320000, "totalOtherIncomeExpenseNet": -9496000, "ebit": 150320000, "interestExpense": -5140000, "incomeBeforeTax": 140824000, "incomeTaxExpense": 22986000, "minorityInterest": 866442000, "netIncomeFromContinuingOps": 117838000, "discontinuedOperations": {}, "extraordinaryItems": {}, "effectOfAccountingCharges": {}, "otherItems": {}, "netIncome": 73183000, "netIncomeApplicableToCommonShares": 73183000}, {"maxAge": 1, "endDate": "2019-12-31", "totalRevenue": 1794095000, "costOfRevenue": 1225702000, "grossProfit": 568393000, "researchDevelopment": {}, "sellingGeneralAdministrative": 239302000, "nonRecurring": {}, "otherOperatingExpenses": 192190000, "totalOperatingExpenses": 1731170000, "operatingIncome": 62925000, "totalOtherIncomeExpenseNet": -7330000, "ebit": 62925000, "interestExpense": -7330000, "incomeBeforeTax": 55595000, "incomeTaxExpense": 7201000, "minorityInterest": 866442000, "netIncomeFromContinuingOps": 48394000, "discontinuedOperations": {}, "extraordinaryItems": {}, "effectOfAccountingCharges": {}, "otherItems": {}, "netIncome": 33324000, "netIncomeApplicableToCommonShares": 33324000}, {"maxAge": 1, "endDate": "2019-09-30", "totalRevenue": 1818851000, "costOfRevenue": 1221012000, "grossProfit": 597839000, "researchDevelopment": {}, "sellingGeneralAdministrative": 246412000, "nonRecurring": {}, "otherOperatingExpenses": 219205000, "totalOperatingExpenses": 1758690000, "operatingIncome": 60161000, "totalOtherIncomeExpenseNet": -10811000, "ebit": 60161000, "interestExpense": -10811000, "incomeBeforeTax": 49350000, "incomeTaxExpense": -29947000, "minorityInterest": 806909000, "netIncomeFromContinuingOps": 79297000, "discontinuedOperations": {}, "extraordinaryItems": {}, "effectOfAccountingCharges": {}, "otherItems": {}, "netIncome": 43342000, "netIncomeApplicableToCommonShares": 43342000}], "maxAge": 86400}, "cashflowStatementHistoryQuarterly": {"cashflowStatements": [{"maxAge": 1, "endDate": "2020-06-30", "netIncome": -113500000, "changeToLiabilities": 0}, {"maxAge": 1, "endDate": "2020-03-31", "netIncome": 73183000, "changeToLiabilities": 0}, {"maxAge": 1, "endDate": "2019-12-31", "netIncome": 33324000, "changeToLiabilities": 0}, {"maxAge": 1, "endDate": "2019-09-30", "netIncome": 43342000, "changeToLiabilities": 0}], "maxAge": 86400}, "insiderHolders": {"holders": [{"maxAge": 1, "name": "Harita Gopal Pvt Ltd", "relation": "Promoter", "url": "", "transactionDescription": "Sale", "latestTransDate": "2017-10-09", "positionDirect": 479762, "positionDirectDate": "2017-10-09"}, {"maxAge": 1, "name": "Harita Srinivasan Pvt Ltd", "relation": "Promoter", "url": "", "transactionDescription": "Sale", "latestTransDate": "2017-09-21", "positionDirectDate": "2017-09-21"}, {"maxAge": 1, "name": "Horticultural Construction Engineers India Pvt. Ltd.", "relation": "Institution- Corporation", "url": "", "transactionDescription": "Sale", "latestTransDate": "2014-03-03", "positionDirect": 71816, "positionDirectDate": "2014-03-03"}, {"maxAge": 1, "name": "Strategic Management & Marketing Pvt Ltd", "relation": "Institution- Corporation", "url": "", "transactionDescription": "Sale", "latestTransDate": "2014-03-24", "positionDirect": 325822, "positionDirectDate": "2014-03-24"}], "maxAge": 1}, "earnings": {"maxAge": 86400, "earningsChart": {"quarterly": [{"date": "3Q2016", "actual": 5.95, "estimate": 6.17}], "currentQuarterEstimateDate": "4Q", "currentQuarterEstimateYear": 2016, "earningsDate": []}, "financialsChart": {"yearly": [{"date": 2017, "revenue": 7105831000, "earnings": 282472000}, {"date": 2018, "revenue": 8908588000, "earnings": 376351000}, {"date": 2019, "revenue": 9839091000, "earnings": 287938000}, {"date": 2020, "revenue": 7491022000, "earnings": 138009000}], "quarterly": [{"date": "3Q2019", "revenue": 1818851000, "earnings": 43342000}, {"date": "4Q2019", "revenue": 1794095000, "earnings": 33324000}, {"date": "1Q2020", "revenue": 1550815000, "earnings": 73183000}, {"date": "2Q2020", "revenue": 515434000, "earnings": -113500000}]}, "financialCurrency": "INR"}, "calendarEvents": {"maxAge": 1, "earnings": {"earningsDate": []}}, "upgradeDowngradeHistory": {"history": [], "maxAge": 86400}, "price": {"maxAge": 1, "regularMarketChangePercent": -0.0024775385, "regularMarketChange": -1.9000244, "regularMarketTime": "2021-04-09 15:19:47", "priceHint": 2, "regularMarketPrice": 765.0, "regularMarketDayHigh": 790.0, "regularMarketDayLow": 749.65, "regularMarketVolume": 19279, "averageDailyVolume10Day": 3546, "averageDailyVolume3Month": 1477, "regularMarketPreviousClose": 766.9, "regularMarketSource": "FREE_REALTIME", "regularMarketOpen": 751.7, "exchange": "BSE", "exchangeName": "BSE", "exchangeDataDelayedBy": 0, "marketState": "CLOSED", "quoteType": "EQUITY", "symbol": "HARITASEAT.BO", "underlyingSymbol": null, "shortName": "HARITA SEATING SYSTEMS LTD.", "longName": "Harita Seating Systems Limited", "currency": "INR", "quoteSourceName": "Delayed Quote", "currencySymbol": "\u20b9", "fromCurrency": null, "lastMarket": null, "marketCap": 5943315456}, "balanceSheetHistory": {"balanceSheetStatements": [{"maxAge": 1, "endDate": "2020-03-31", "cash": 113881000, "netReceivables": 1450665000, "inventory": 492536000, "otherCurrentAssets": 123232000, "totalCurrentAssets": 2205950000, "longTermInvestments": 8577000, "propertyPlantEquipment": 2352077000, "intangibleAssets": 7794000, "otherAssets": 53346000, "totalAssets": 4627744000, "accountsPayable": 1352571000, "otherCurrentLiab": 87478000, "otherLiab": 134220000, "minorityInterest": 866442000, "totalCurrentLiabilities": 1703908000, "totalLiab": 1842924000, "commonStock": 77690000, "retainedEarnings": 1541400000, "treasuryStock": 1000000, "capitalSurplus": 298288000, "otherStockholderEquity": 1000000, "totalStockholderEquity": 1918378000, "netTangibleAssets": 1910584000}, {"maxAge": 1, "endDate": "2019-03-31", "cash": 96684000, "netReceivables": 2003641000, "inventory": 507330000, "otherCurrentAssets": 189314000, "totalCurrentAssets": 2813947000, "longTermInvestments": 8578000, "propertyPlantEquipment": 2400082000, "intangibleAssets": 14360000, "otherAssets": 44227000, "totalAssets": 5281194000, "accountsPayable": 2035354000, "otherCurrentLiab": 159851000, "otherLiab": 161096000, "minorityInterest": 760705000, "totalCurrentLiabilities": 2575758000, "totalLiab": 2736854000, "commonStock": 77690000, "retainedEarnings": 1406657000, "treasuryStock": 1000000, "capitalSurplus": 298288000, "otherStockholderEquity": 1000000, "totalStockholderEquity": 1783635000, "netTangibleAssets": 1769275000}, {"maxAge": 1, "endDate": "2018-03-31", "cash": 18622000, "netReceivables": 2232232000, "inventory": 502700000, "otherCurrentAssets": 158157000, "totalCurrentAssets": 2994408000, "longTermInvestments": 5537000, "propertyPlantEquipment": 1589305000, "intangibleAssets": 12849000, "otherAssets": 61510000, "totalAssets": 4663609000, "accountsPayable": 1826871000, "otherCurrentLiab": 178666000, "otherLiab": 126475000, "minorityInterest": 705090000, "totalCurrentLiabilities": 2288772000, "totalLiab": 2415247000, "commonStock": 77690000, "retainedEarnings": 1162184000, "treasuryStock": 5110000, "capitalSurplus": 298288000, "otherStockholderEquity": 5110000, "totalStockholderEquity": 1543272000, "netTangibleAssets": 1530423000}, {"maxAge": 1, "endDate": "2017-03-31", "cash": 74003000, "netReceivables": 1356596000, "inventory": 330998000, "otherCurrentAssets": 258870000, "totalCurrentAssets": 2173846000, "longTermInvestments": 7780000, "propertyPlantEquipment": 1379246000, "intangibleAssets": 10016000, "otherAssets": 49699000, "totalAssets": 3620587000, "accountsPayable": 1190542000, "otherCurrentLiab": 253336000, "otherLiab": 129242000, "minorityInterest": 684655000, "totalCurrentLiabilities": 1618768000, "totalLiab": 1748010000, "commonStock": 77690000, "retainedEarnings": 806834000, "treasuryStock": 5110000, "capitalSurplus": 298288000, "otherStockholderEquity": 5110000, "totalStockholderEquity": 1187922000, "netTangibleAssets": 1177906000}], "maxAge": 86400}, "earningsTrend": {"trend": [{"maxAge": 1, "period": "0q", "endDate": "2016-12-31", "growth": {}, "earningsEstimate": {"avg": 0.0, "low": 0.0, "high": 0.0, "yearAgoEps": {}, "numberOfAnalysts": 0, "growth": {}}, "revenueEstimate": {"avg": 0, "low": 0, "high": 0, "numberOfAnalysts": 0, "yearAgoRevenue": {}, "growth": {}}, "epsTrend": {"current": 0.0, "7daysAgo": 0.0, "30daysAgo": 0.0, "60daysAgo": 0.0, "90daysAgo": 0.0}, "epsRevisions": {"upLast7days": 0, "upLast30days": 0, "downLast30days": 0, "downLast90days": {}}}, {"maxAge": 1, "period": "+1q", "endDate": "2017-03-31", "growth": {}, "earningsEstimate": {"avg": 0.0, "low": 0.0, "high": 0.0, "yearAgoEps": {}, "numberOfAnalysts": 0, "growth": {}}, "revenueEstimate": {"avg": 0, "low": 0, "high": 0, "numberOfAnalysts": 0, "yearAgoRevenue": {}, "growth": {}}, "epsTrend": {"current": 0.0, "7daysAgo": 0.0, "30daysAgo": 0.0, "60daysAgo": 0.0, "90daysAgo": 0.0}, "epsRevisions": {"upLast7days": 0, "upLast30days": 0, "downLast30days": 0, "downLast90days": {}}}, {"maxAge": 1, "period": "0y", "endDate": "2017-03-31", "growth": {}, "earningsEstimate": {"avg": 0.0, "low": 0.0, "high": 0.0, "yearAgoEps": {}, "numberOfAnalysts": 0, "growth": {}}, "revenueEstimate": {"avg": 3646800000, "low": 3646800000, "high": 3646800000, "numberOfAnalysts": 1, "yearAgoRevenue": 6192670000, "growth": -0.41099998}, "epsTrend": {"current": 0.0, "7daysAgo": 27.36, "30daysAgo": 27.36, "60daysAgo": 27.36, "90daysAgo": 27.36}, "epsRevisions": {"upLast7days": 0, "upLast30days": 0, "downLast30days": 0, "downLast90days": {}}}, {"maxAge": 1, "period": "+1y", "endDate": "2018-03-31", "growth": {}, "earningsEstimate": {"avg": 0.0, "low": 0.0, "high": 0.0, "yearAgoEps": {}, "numberOfAnalysts": 0, "growth": {}}, "revenueEstimate": {"avg": 4157350000, "low": 4157350000, "high": 4157350000, "numberOfAnalysts": 1, "yearAgoRevenue": 3646800000, "growth": 0.14}, "epsTrend": {"current": 0.0, "7daysAgo": 32.67, "30daysAgo": 32.67, "60daysAgo": 32.67, "90daysAgo": 32.67}, "epsRevisions": {"upLast7days": 0, "upLast30days": 0, "downLast30days": 0, "downLast90days": {}}}, {"maxAge": 1, "period": "+5y", "endDate": null, "growth": {}, "earningsEstimate": {"avg": {}, "low": {}, "high": {}, "yearAgoEps": {}, "numberOfAnalysts": {}, "growth": {}}, "revenueEstimate": {"avg": {}, "low": {}, "high": {}, "numberOfAnalysts": {}, "yearAgoRevenue": {}, "growth": {}}, "epsTrend": {"current": {}, "7daysAgo": {}, "30daysAgo": {}, "60daysAgo": {}, "90daysAgo": {}}, "epsRevisions": {"upLast7days": {}, "upLast30days": {}, "downLast30days": {}, "downLast90days": {}}}, {"maxAge": 1, "period": "-5y", "endDate": null, "growth": {}, "earningsEstimate": {"avg": {}, "low": {}, "high": {}, "yearAgoEps": {}, "numberOfAnalysts": {}, "growth": {}}, "revenueEstimate": {"avg": {}, "low": {}, "high": {}, "numberOfAnalysts": {}, "yearAgoRevenue": {}, "growth": {}}, "epsTrend": {"current": {}, "7daysAgo": {}, "30daysAgo": {}, "60daysAgo": {}, "90daysAgo": {}}, "epsRevisions": {"upLast7days": {}, "upLast30days": {}, "downLast30days": {}, "downLast90days": {}}}], "maxAge": 1}, "financialData": {"maxAge": 86400, "currentPrice": 765.0, "targetHighPrice": 440.0, "targetLowPrice": 440.0, "targetMeanPrice": 440.0, "targetMedianPrice": 440.0, "recommendationKey": "none", "numberOfAnalystOpinions": 1, "grossProfits": 2189196000, "financialCurrency": "INR"}}}