{"HARITASEAT.NS": {"assetProfile": {"address1": "Jayalakshmi Estates", "address2": "No. 29, Haddows Road", "city": "Chennai", "zip": "600006", "country": "India", "phone": "91 44 2827 2233", "fax": "91 43 4723 3460", "website": "http://www.haritaseating.com", "industry": "Auto Parts", "sector": "Consumer Goods", "longBusinessSummary": "Harita Seating Systems Limited provides seating solutions for automotive industry in India. It offers driver and cabin seating solutions for commercial vehicles, tractors, off-road vehicles, original equipment manufacturers, and construction equipment; and passenger seats for buses. The company also manufactures and sells seat foams. It also exports its products. Harita Seating Systems Limited was founded in 1988 and is based in Chennai, India.", "fullTimeEmployees": 341, "companyOfficers": [{"maxAge": 1, "name": "Mr. A. G. Giridharan", "title": "CEO & Pres", "fiscalYear": 2014, "totalPay": 7213000, "exercisedValue": 0, "unexercisedValue": 0}, {"maxAge": 1, "name": "Mr. K.  Subramanian", "title": "Chief Fin. Officer", "exercisedValue": 0, "unexercisedValue": 0}, {"maxAge": 1, "name": "Ms. Nagarajan Iswarya Lakshmi", "title": "Compliance Officer & Company Sec.", "exercisedValue": 0, "unexercisedValue": 0}, {"maxAge": 1, "name": "Mr. Y. N. Kale", "age": 62, "title": "VP of R&D", "yearBorn": 1958, "fiscalYear": 2006, "exercisedValue": 0, "unexercisedValue": 0}], "compensationAsOfEpochDate": "2014-12-31 05:30:00", "maxAge": 86400}, "cashflowStatementHistory": {"cashflowStatements": [{"maxAge": 1, "endDate": "2020-03-31", "netIncome": 138009000, "depreciation": 264466000, "changeToNetincome": 84361000, "changeToAccountReceivables": 556348000, "changeToLiabilities": -682228000, "changeToInventory": 14794000, "changeToOperatingActivities": -27035000, "totalCashFromOperatingActivities": 349155000, "capitalExpenditures": -204910000, "investments": 105000, "otherCashflowsFromInvestingActivities": 28635000, "totalCashflowsFromInvestingActivities": -175496000, "netBorrowings": -117800000, "otherCashflowsFromFinancingActivities": -41257000, "totalCashFromFinancingActivities": -159057000, "changeInCash": 14602000}, {"maxAge": 1, "endDate": "2019-03-31", "netIncome": 287938000, "depreciation": 223049000, "changeToNetincome": 188107000, "changeToAccountReceivables": 255304000, "changeToLiabilities": 138243000, "changeToInventory": -4630000, "changeToOperatingActivities": 79764000, "totalCashFromOperatingActivities": 1173686000, "capitalExpenditures": -1041248000, "investments": 927000, "otherCashflowsFromInvestingActivities": 2542000, "totalCashflowsFromInvestingActivities": -1037703000, "dividendsPaid": -57149000, "netBorrowings": 93015000, "otherCashflowsFromFinancingActivities": -90455000, "totalCashFromFinancingActivities": -54589000, "changeInCash": 81394000}, {"maxAge": 1, "endDate": "2018-03-31", "netIncome": 376351000, "depreciation": 184657000, "changeToNetincome": 135388000, "changeToAccountReceivables": -859842000, "changeToLiabilities": 636300000, "changeToInventory": -171702000, "changeToOperatingActivities": 46203000, "totalCashFromOperatingActivities": 347355000, "capitalExpenditures": -404511000, "investments": 16953000, "otherCashflowsFromInvestingActivities": 2367000, "totalCashflowsFromInvestingActivities": -384997000, "dividendsPaid": -46614000, "netBorrowings": 110682000, "otherCashflowsFromFinancingActivities": -81853000, "totalCashFromFinancingActivities": -17785000, "changeInCash": -55427000}, {"maxAge": 1, "endDate": "2017-03-31", "netIncome": 282472000, "depreciation": 144128000, "changeToNetincome": 40443000, "changeToAccountReceivables": -159437000, "changeToLiabilities": 223161000, "changeToInventory": -40042000, "changeToOperatingActivities": -111842000, "totalCashFromOperatingActivities": 382680000, "capitalExpenditures": -438093000, "investments": 29467000, "otherCashflowsFromInvestingActivities": 1908000, "totalCashflowsFromInvestingActivities": -357589000, "dividendsPaid": -38846000, "netBorrowings": 62826000, "otherCashflowsFromFinancingActivities": -74048000, "totalCashFromFinancingActivities": -50068000, "changeInCash": -24977000}], "maxAge": 86400}, "institutionOwnership": {"ownershipList": [], "maxAge": 1}, "majorHoldersBreakdown": {"maxAge": 1, "insidersPercentHeld": 0.37173998, "institutionsPercentHeld": 0.01641, "institutionsFloatPercentHeld": 0.02612, "institutionsCount": 2}, "balanceSheetHistoryQuarterly": {"balanceSheetStatements": [{"maxAge": 1, "endDate": "2020-12-31", "totalStockholderEquity": 1819922000, "netTangibleAssets": 1813273000}, {"maxAge": 1, "endDate": "2020-09-30", "cash": 253331000, "shortTermInvestments": 51241000, "netReceivables": 1590088000, "inventory": 633332000, "otherCurrentAssets": 159052000, "totalCurrentAssets": 2687044000, "longTermInvestments": 37462000, "propertyPlantEquipment": 2254049000, "intangibleAssets": 6649000, "otherAssets": 24528000, "totalAssets": 5009732000, "accountsPayable": 1745551000, "otherCurrentLiab": 204210000, "otherLiab": 117575000, "minorityInterest": 868056000, "totalCurrentLiabilities": 2199383000, "totalLiab": 2321754000, "commonStock": 77690000, "treasuryStock": 1742232000, "otherStockholderEquity": 1742232000, "totalStockholderEquity": 1819922000, "netTangibleAssets": 1813273000}, {"maxAge": 1, "endDate": "2020-06-30", "totalStockholderEquity": 1918378000, "netTangibleAssets": 1910584000}, {"maxAge": 1, "endDate": "2020-03-31", "cash": 113881000, "netReceivables": 1450665000, "inventory": 492536000, "otherCurrentAssets": 123232000, "totalCurrentAssets": 2205950000, "longTermInvestments": 8577000, "propertyPlantEquipment": 2352077000, "intangibleAssets": 7794000, "otherAssets": 53346000, "totalAssets": 4627744000, "accountsPayable": 1352571000, "otherCurrentLiab": 87478000, "otherLiab": 134220000, "minorityInterest": 866442000, "totalCurrentLiabilities": 1703908000, "totalLiab": 1842924000, "commonStock": 77690000, "retainedEarnings": 1541400000, "treasuryStock": 1000000, "capitalSurplus": 298288000, "otherStockholderEquity": 1000000, "totalStockholderEquity": 1918378000, "netTangibleAssets": 1910584000}], "maxAge": 86400}, "indexTrend": {"maxAge": 1, "symbol": "SP5", "peRatio": 19.7411, "pegRatio": 1.34172, "estimates": [{"period": "0q", "growth": 0.549}, {"period": "+1q", "growth": 0.431}, {"period": "0y", "growth": 0.305}, {"period": "+1y", "growth": 0.109}, {"period": "+5y", "growth": 0.120865}, {"period": "-5y"}]}, "defaultKeyStatistics": {"maxAge": 1, "priceHint": 2, "enterpriseValue": 6771497984, "profitMargins": 0.01202, "floatShares": 1965219, "sharesOutstanding": 7769040, "heldPercentInsiders": 0.37173998, "heldPercentInstitutions": 0.01641, "beta": 0.641845, "category": null, "bookValue": 234.474, "priceToBook": 3.2786152, "fundFamily": null, "legalType": null, "lastFiscalYearEnd": "2020-03-31 05:30:00", "nextFiscalYearEnd": "2022-03-31 05:30:00", "mostRecentQuarter": "2020-12-31 05:30:00", "earningsQuarterlyGrowth": 2.083, "netIncomeToCommon": 72372000, "trailingEps": 9.321, "lastSplitFactor": "2:1", "lastSplitDate": "2007-11-15 05:30:00", "enterpriseToRevenue": 1.124, "enterpriseToEbitda": 12.855}, "summaryProfile": {"address1": "Jayalakshmi Estates", "address2": "No. 29, Haddows Road", "city": "Chennai", "zip": "600006", "country": "India", "phone": "91 44 2827 2233", "fax": "91 43 4723 3460", "website": "http://www.haritaseating.com", "industry": "Auto Parts", "sector": "Consumer Goods", "longBusinessSummary": "Harita Seating Systems Limited provides seating solutions for automotive industry in India. It offers driver and cabin seating solutions for commercial vehicles, tractors, off-road vehicles, original equipment manufacturers, and construction equipment; and passenger seats for buses. The company also manufactures and sells seat foams. It also exports its products. Harita Seating Systems Limited was founded in 1988 and is based in Chennai, India.", "fullTimeEmployees": 341, "companyOfficers": [], "maxAge": 86400}, "netSharePurchaseActivity": {"maxAge": 1, "period": "6m", "buyInfoCount": 0, "buyInfoShares": 0, "sellInfoCount": 0, "netInfoCount": 0, "netInfoShares": 0, "netPercentInsiderShares": 0.0, "totalInsiderShares": 2887208}, "insiderTransactions": {"transactions": [{"maxAge": 1, "shares": 138, "filerUrl": "", "transactionText": "", "filerName": "Harita Gopal Pvt Ltd", "filerRelation": "Promoter", "moneyText": "", "startDate": "2017-10-09", "ownership": "D"}, {"maxAge": 1, "shares": 305, "filerUrl": "", "transactionText": "", "filerName": "Harita Srinivasan Pvt Ltd", "filerRelation": "Promoter", "moneyText": "", "startDate": "2017-09-21", "ownership": "D"}, {"maxAge": 1, "shares": 285, "filerUrl": "", "transactionText": "", "filerName": "Harita Srinivasan Pvt Ltd", "filerRelation": "Promoter", "moneyText": "", "startDate": "2017-09-20", "ownership": "D"}, {"maxAge": 1, "shares": 820, "filerUrl": "", "transactionText": "", "filerName": "Harita Srinivasan Pvt Ltd", "filerRelation": "Promoter", "moneyText": "", "startDate": "2017-09-19", "ownership": "D"}, {"maxAge": 1, "shares": 3435, "filerUrl": "", "transactionText": "", "filerName": "Harita Srinivasan Pvt Ltd", "filerRelation": "Promoter", "moneyText": "", "startDate": "2017-09-18", "ownership": "D"}, {"maxAge": 1, "shares": 1887, "filerUrl": "", "transactionText": "", "filerName": "Harita Srinivasan Pvt Ltd", "filerRelation": "Promoter", "moneyText": "", "startDate": "2017-09-15", "ownership": "D"}, {"maxAge": 1, "shares": 3068, "filerUrl": "", "transactionText": "", "filerName": "Harita Srinivasan Pvt Ltd", "filerRelation": "Promoter", "moneyText": "", "startDate": "2017-09-14", "ownership": "D"}, {"maxAge": 1, "shares": 278114, "filerUrl": "", "transactionText": "", "filerName": "Strategic Management & Marketing Pvt Ltd", "filerRelation": "Institution- Corporation", "moneyText": "", "startDate": "2014-03-24", "ownership": "D"}, {"maxAge": 1, "shares": 365000, "filerUrl": "", "transactionText": "", "filerName": "Horticultural Construction Engineers India Pvt. Ltd.", "filerRelation": "Institution- Corporation", "moneyText": "", "startDate": "2014-03-03", "ownership": "D"}, {"maxAge": 1, "shares": 5100, "filerUrl": "", "transactionText": "", "filerName": "Harita Gopal Pvt Ltd", "filerRelation": "Promoter", "moneyText": "", "startDate": "2012-08-16", "ownership": "D"}], "maxAge": 1}, "quoteType": {"exchange": "NSI", "quoteType": "EQUITY", "symbol": "HARITASEAT.NS", "underlyingSymbol": "HARITASEAT.NS", "shortName": "HARITA SEATING SYS", "longName": "Harita Seating Systems Limited", "firstTradeDateEpochUtc": "2009-04-06 09:15:00", "timeZoneFullName": "Asia/Kolkata", "timeZoneShortName": "IST", "uuid": "37abd62e-7ecc-32f0-b33a-cde51e674740", "gmtOffSetMilliseconds": 19800000, "maxAge": 1}, "incomeStatementHistory": {"incomeStatementHistory": [{"maxAge": 1, "endDate": "2020-03-31", "totalRevenue": 7491022000, "costOfRevenue": 5301826000, "grossProfit": 2189196000, "researchDevelopment": {}, "sellingGeneralAdministrative": 1006348000, "nonRecurring": {}, "otherOperatingExpenses": 608604000, "totalOperatingExpenses": 7186427000, "operatingIncome": 304595000, "totalOtherIncomeExpenseNet": -39305000, "ebit": 304595000, "interestExpense": -34949000, "incomeBeforeTax": 265290000, "incomeTaxExpense": 17669000, "minorityInterest": 866442000, "netIncomeFromContinuingOps": 247621000, "discontinuedOperations": {}, "extraordinaryItems": {}, "effectOfAccountingCharges": {}, "otherItems": {}, "netIncome": 138009000, "netIncomeApplicableToCommonShares": 138009000}, {"maxAge": 1, "endDate": "2019-03-31", "totalRevenue": 9839091000, "costOfRevenue": 7161918000, "grossProfit": 2677173000, "researchDevelopment": {}, "sellingGeneralAdministrative": 1084349000, "nonRecurring": {}, "otherOperatingExpenses": 722464000, "totalOperatingExpenses": 9197299000, "operatingIncome": 641792000, "totalOtherIncomeExpenseNet": -38101000, "ebit": 641792000, "interestExpense": -31094000, "incomeBeforeTax": 603691000, "incomeTaxExpense": 201430000, "minorityInterest": 760705000, "netIncomeFromContinuingOps": 402261000, "discontinuedOperations": {}, "extraordinaryItems": {}, "effectOfAccountingCharges": {}, "otherItems": {}, "netIncome": 287938000, "netIncomeApplicableToCommonShares": 287938000}, {"maxAge": 1, "endDate": "2018-03-31", "totalRevenue": 8908588000, "costOfRevenue": 6445758000, "grossProfit": 2462830000, "researchDevelopment": {}, "sellingGeneralAdministrative": 957544000, "nonRecurring": {}, "otherOperatingExpenses": 616632000, "totalOperatingExpenses": 8204591000, "operatingIncome": 703997000, "totalOtherIncomeExpenseNet": -5808000, "ebit": 703997000, "interestExpense": -12156000, "incomeBeforeTax": 698189000, "incomeTaxExpense": 206916000, "minorityInterest": 705090000, "netIncomeFromContinuingOps": 491273000, "discontinuedOperations": {}, "extraordinaryItems": {}, "effectOfAccountingCharges": {}, "otherItems": {}, "netIncome": 376351000, "netIncomeApplicableToCommonShares": 376351000}, {"maxAge": 1, "endDate": "2017-03-31", "totalRevenue": 7105831000, "costOfRevenue": 5120151000, "grossProfit": 1985680000, "researchDevelopment": {}, "sellingGeneralAdministrative": 819579000, "nonRecurring": {}, "otherOperatingExpenses": 524151000, "totalOperatingExpenses": 6611806000, "operatingIncome": 494025000, "totalOtherIncomeExpenseNet": 27238000, "ebit": 494025000, "interestExpense": -4450000, "incomeBeforeTax": 521263000, "incomeTaxExpense": 153826000, "minorityInterest": 684655000, "netIncomeFromContinuingOps": 367437000, "discontinuedOperations": {}, "extraordinaryItems": {}, "effectOfAccountingCharges": {}, "otherItems": {}, "netIncome": 282472000, "netIncomeApplicableToCommonShares": 282472000}], "maxAge": 86400}, "fundOwnership": {"ownershipList": [], "maxAge": 1}, "summaryDetail": {"maxAge": 1, "priceHint": 2, "previousClose": 766.55, "open": 751.0, "dayLow": 744.35, "dayHigh": 782.0, "regularMarketPreviousClose": 766.55, "regularMarketOpen": 751.0, "regularMarketDayLow": 744.35, "regularMarketDayHigh": 782.0, "beta": 0.641845, "trailingPE": 82.47505, "volume": 36346, "regularMarketVolume": 36346, "averageVolume": 31678, "averageVolume10days": 20532, "averageDailyVolume10Day": 20532, "bid": 0.0, "ask": 0.0, "bidSize": 0, "askSize": 0, "marketCap": 5975178752, "fiftyTwoWeekLow": 335.0, "fiftyTwoWeekHigh": 789.0, "priceToSalesTrailing12Months": 0.9921459, "fiftyDayAverage": 733.0073, "twoHundredDayAverage": 534.56525, "trailingAnnualDividendRate": 6.0, "trailingAnnualDividendYield": 0.007827278, "currency": "INR", "fromCurrency": null, "lastMarket": null, "algorithm": null, "tradeable": false}, "incomeStatementHistoryQuarterly": {"incomeStatementHistory": [{"maxAge": 1, "endDate": "2020-12-31", "totalRevenue": 2270277000, "costOfRevenue": 1560254000, "grossProfit": 710023000, "researchDevelopment": {}, "sellingGeneralAdministrative": 258883000, "nonRecurring": {}, "otherOperatingExpenses": 189575000, "totalOperatingExpenses": 2074321000, "operatingIncome": 195956000, "totalOtherIncomeExpenseNet": -5666000, "ebit": 195956000, "interestExpense": -5666000, "incomeBeforeTax": 190290000, "incomeTaxExpense": 46054000, "minorityInterest": {}, "netIncomeFromContinuingOps": 144236000, "discontinuedOperations": {}, "extraordinaryItems": {}, "effectOfAccountingCharges": {}, "otherItems": {}, "netIncome": 102754000, "netIncomeApplicableToCommonShares": 102754000}, {"maxAge": 1, "endDate": "2020-09-30", "totalRevenue": 1685954000, "costOfRevenue": 1140380000, "grossProfit": 545574000, "researchDevelopment": {}, "sellingGeneralAdministrative": 228594000, "nonRecurring": {}, "otherOperatingExpenses": 173096000, "totalOperatingExpenses": 1608065000, "operatingIncome": 77889000, "totalOtherIncomeExpenseNet": -5853000, "ebit": 77889000, "interestExpense": -5853000, "incomeBeforeTax": 72036000, "incomeTaxExpense": 15904000, "minorityInterest": 868056000, "netIncomeFromContinuingOps": 56132000, "discontinuedOperations": {}, "extraordinaryItems": {}, "effectOfAccountingCharges": {}, "otherItems": {}, "netIncome": 9935000, "netIncomeApplicableToCommonShares": 9935000}, {"maxAge": 1, "endDate": "2020-06-30", "totalRevenue": 515434000, "costOfRevenue": 345388000, "grossProfit": 170046000, "researchDevelopment": {}, "sellingGeneralAdministrative": 195538000, "nonRecurring": {}, "otherOperatingExpenses": 95126000, "totalOperatingExpenses": 700335000, "operatingIncome": -184901000, "totalOtherIncomeExpenseNet": -2694000, "ebit": -184901000, "interestExpense": -2694000, "incomeBeforeTax": -187595000, "incomeTaxExpense": -29375000, "minorityInterest": 868056000, "netIncomeFromContinuingOps": -158220000, "discontinuedOperations": {}, "extraordinaryItems": {}, "effectOfAccountingCharges": {}, "otherItems": {}, "netIncome": -113500000, "netIncomeApplicableToCommonShares": -113500000}, {"maxAge": 1, "endDate": "2020-03-31", "totalRevenue": 1550815000, "costOfRevenue": 1131980000, "grossProfit": 418835000, "researchDevelopment": {}, "sellingGeneralAdministrative": 243910000, "nonRecurring": {}, "otherOperatingExpenses": -23969000, "totalOperatingExpenses": 1400495000, "operatingIncome": 150320000, "totalOtherIncomeExpenseNet": -9496000, "ebit": 150320000, "interestExpense": -5140000, "incomeBeforeTax": 140824000, "incomeTaxExpense": 22986000, "minorityInterest": 866442000, "netIncomeFromContinuingOps": 117838000, "discontinuedOperations": {}, "extraordinaryItems": {}, "effectOfAccountingCharges": {}, "otherItems": {}, "netIncome": 73183000, "netIncomeApplicableToCommonShares": 73183000}], "maxAge": 86400}, "cashflowStatementHistoryQuarterly": {"cashflowStatements": [{"maxAge": 1, "endDate": "2020-12-31", "netIncome": 102754000, "changeToLiabilities": 0}, {"maxAge": 1, "endDate": "2020-09-30", "netIncome": 9935000, "changeToLiabilities": 0}, {"maxAge": 1, "endDate": "2020-06-30", "netIncome": -113500000, "changeToLiabilities": 0}, {"maxAge": 1, "endDate": "2020-03-31", "netIncome": 73183000, "changeToLiabilities": 0}], "maxAge": 86400}, "insiderHolders": {"holders": [{"maxAge": 1, "name": "Harita Gopal Pvt Ltd", "relation": "Promoter", "url": "", "transactionDescription": "Sale", "latestTransDate": "2017-10-09", "positionDirect": 479762, "positionDirectDate": "2017-10-09"}, {"maxAge": 1, "name": "Harita Srinivasan Pvt Ltd", "relation": "Promoter", "url": "", "transactionDescription": "Sale", "latestTransDate": "2017-09-21", "positionDirectDate": "2017-09-21"}, {"maxAge": 1, "name": "Horticultural Construction Engineers India Pvt. Ltd.", "relation": "Institution- Corporation", "url": "", "transactionDescription": "Sale", "latestTransDate": "2014-03-03", "positionDirect": 71816, "positionDirectDate": "2014-03-03"}, {"maxAge": 1, "name": "Strategic Management & Marketing Pvt Ltd", "relation": "Institution- Corporation", "url": "", "transactionDescription": "Sale", "latestTransDate": "2014-03-24", "positionDirect": 325822, "positionDirectDate": "2014-03-24"}], "maxAge": 1}, "calendarEvents": {"maxAge": 1, "earnings": {"earningsDate": []}}, "upgradeDowngradeHistory": {"history": [], "maxAge": 86400}, "price": {"maxAge": 1, "regularMarketChangePercent": 0.002870018, "regularMarketChange": 2.2000122, "regularMarketTime": "2021-04-09 15:29:58", "priceHint": 2, "regularMarketPrice": 768.75, "regularMarketDayHigh": 782.0, "regularMarketDayLow": 744.35, "regularMarketVolume": 36346, "averageDailyVolume10Day": 20532, "averageDailyVolume3Month": 31678, "regularMarketPreviousClose": 766.55, "regularMarketSource": "FREE_REALTIME", "regularMarketOpen": 751.0, "exchange": "NSI", "exchangeName": "NSE", "exchangeDataDelayedBy": 15, "marketState": "CLOSED", "quoteType": "EQUITY", "symbol": "HARITASEAT.NS", "underlyingSymbol": null, "shortName": "HARITA SEATING SYS", "longName": "Harita Seating Systems Limited", "currency": "INR", "quoteSourceName": "Delayed Quote", "currencySymbol": "\u20b9", "fromCurrency": null, "lastMarket": null, "marketCap": 5975178752}, "balanceSheetHistory": {"balanceSheetStatements": [{"maxAge": 1, "endDate": "2020-03-31", "cash": 113881000, "netReceivables": 1450665000, "inventory": 492536000, "otherCurrentAssets": 123232000, "totalCurrentAssets": 2205950000, "longTermInvestments": 8577000, "propertyPlantEquipment": 2352077000, "intangibleAssets": 7794000, "otherAssets": 53346000, "totalAssets": 4627744000, "accountsPayable": 1352571000, "otherCurrentLiab": 87478000, "otherLiab": 134220000, "minorityInterest": 866442000, "totalCurrentLiabilities": 1703908000, "totalLiab": 1842924000, "commonStock": 77690000, "retainedEarnings": 1541400000, "treasuryStock": 1000000, "capitalSurplus": 298288000, "otherStockholderEquity": 1000000, "totalStockholderEquity": 1918378000, "netTangibleAssets": 1910584000}, {"maxAge": 1, "endDate": "2019-03-31", "cash": 96684000, "netReceivables": 2003641000, "inventory": 507330000, "otherCurrentAssets": 189314000, "totalCurrentAssets": 2813947000, "longTermInvestments": 8578000, "propertyPlantEquipment": 2400082000, "intangibleAssets": 14360000, "otherAssets": 44227000, "totalAssets": 5281194000, "accountsPayable": 2035354000, "otherCurrentLiab": 159851000, "otherLiab": 161096000, "minorityInterest": 760705000, "totalCurrentLiabilities": 2575758000, "totalLiab": 2736854000, "commonStock": 77690000, "retainedEarnings": 1406657000, "treasuryStock": 1000000, "capitalSurplus": 298288000, "otherStockholderEquity": 1000000, "totalStockholderEquity": 1783635000, "netTangibleAssets": 1769275000}, {"maxAge": 1, "endDate": "2018-03-31", "cash": 18622000, "netReceivables": 2232232000, "inventory": 502700000, "otherCurrentAssets": 158157000, "totalCurrentAssets": 2994408000, "longTermInvestments": 5537000, "propertyPlantEquipment": 1589305000, "intangibleAssets": 12849000, "otherAssets": 61510000, "totalAssets": 4663609000, "accountsPayable": 1826871000, "otherCurrentLiab": 178666000, "otherLiab": 126475000, "minorityInterest": 705090000, "totalCurrentLiabilities": 2288772000, "totalLiab": 2415247000, "commonStock": 77690000, "retainedEarnings": 1162184000, "treasuryStock": 5110000, "capitalSurplus": 298288000, "otherStockholderEquity": 5110000, "totalStockholderEquity": 1543272000, "netTangibleAssets": 1530423000}, {"maxAge": 1, "endDate": "2017-03-31", "cash": 74003000, "netReceivables": 1356596000, "inventory": 330998000, "otherCurrentAssets": 258870000, "totalCurrentAssets": 2173846000, "longTermInvestments": 7780000, "propertyPlantEquipment": 1379246000, "intangibleAssets": 10016000, "otherAssets": 49699000, "totalAssets": 3620587000, "accountsPayable": 1190542000, "otherCurrentLiab": 253336000, "otherLiab": 129242000, "minorityInterest": 684655000, "totalCurrentLiabilities": 1618768000, "totalLiab": 1748010000, "commonStock": 77690000, "retainedEarnings": 806834000, "treasuryStock": 5110000, "capitalSurplus": 298288000, "otherStockholderEquity": 5110000, "totalStockholderEquity": 1187922000, "netTangibleAssets": 1177906000}], "maxAge": 86400}, "financialData": {"maxAge": 86400, "currentPrice": 768.75, "recommendationKey": "none", "totalCash": 304572000, "totalCashPerShare": 39.215, "ebitda": 526772512, "totalDebt": 254418000, "totalRevenue": 6022479872, "debtToEquity": 9.465, "revenuePerShare": 775.651, "grossProfits": 2189196000, "earningsGrowth": 2.084, "revenueGrowth": 0.265, "grossMargins": 0.30627, "ebitdaMargins": 0.087469995, "operatingMargins": 0.03973, "profitMargins": 0.01202, "financialCurrency": "INR"}}}