{"HARLETH.BO": {"cashflowStatementHistory": {"cashflowStatements": [{"maxAge": 1, "endDate": "2020-03-31", "netIncome": 20937940, "depreciation": 7144330, "changeToNetincome": 1410260, "changeToAccountReceivables": -1167130, "changeToLiabilities": 13310180, "changeToInventory": -2884560, "changeToOperatingActivities": 4899500, "totalCashFromOperatingActivities": 43650520, "capitalExpenditures": -7076430, "totalCashflowsFromInvestingActivities": -6788430, "dividendsPaid": -4726180, "netBorrowings": -6463340, "otherCashflowsFromFinancingActivities": -500780, "totalCashFromFinancingActivities": -11690300, "changeInCash": 25171790}, {"maxAge": 1, "endDate": "2019-03-31", "netIncome": 15389430, "depreciation": 7054060, "changeToNetincome": 780310, "changeToAccountReceivables": 4179230, "changeToLiabilities": -21353660, "changeToInventory": 13768510, "changeToOperatingActivities": -2493370, "totalCashFromOperatingActivities": 17324510, "capitalExpenditures": -9499050, "totalCashflowsFromInvestingActivities": -6276050, "dividendsPaid": -4726180, "netBorrowings": 6499960, "otherCashflowsFromFinancingActivities": -519390, "totalCashFromFinancingActivities": 1254390, "changeInCash": 12302850}, {"maxAge": 1, "endDate": "2018-03-31", "netIncome": 17278740, "depreciation": 8719740, "changeToNetincome": 406350, "changeToAccountReceivables": -7650430, "changeToLiabilities": 8680330, "changeToInventory": -7215090, "changeToOperatingActivities": -7493680, "totalCashFromOperatingActivities": 12725960, "capitalExpenditures": -7416050, "otherCashflowsFromInvestingActivities": -139210, "totalCashflowsFromInvestingActivities": -7287260, "dividendsPaid": -3926780, "netBorrowings": -1058930, "otherCashflowsFromFinancingActivities": -1274170, "totalCashFromFinancingActivities": -6259880, "changeInCash": -821180}, {"maxAge": 1, "endDate": "2017-03-31", "netIncome": 19619840, "depreciation": 10480200, "changeToNetincome": 1160630, "changeToAccountReceivables": -8573320, "changeToLiabilities": 17797910, "changeToInventory": 2090590, "changeToOperatingActivities": -238680, "totalCashFromOperatingActivities": 42337170, "capitalExpenditures": -7829610, "otherCashflowsFromInvestingActivities": -139210, "totalCashflowsFromInvestingActivities": -7829610, "dividendsPaid": -4726180, "netBorrowings": -713690, "otherCashflowsFromFinancingActivities": -287770, "totalCashFromFinancingActivities": -5727640, "changeInCash": 28779930}], "maxAge": 86400}, "institutionOwnership": {"ownershipList": [], "maxAge": 1}, "balanceSheetHistoryQuarterly": {"balanceSheetStatements": [{"maxAge": 1, "endDate": "2020-06-30", "totalStockholderEquity": 321607000, "netTangibleAssets": 321607000}, {"maxAge": 1, "endDate": "2020-03-31", "cash": 119177970, "netReceivables": 99278130, "inventory": 31693850, "otherCurrentAssets": 1853550, "totalCurrentAssets": 252970660, "propertyPlantEquipment": 145081310, "otherAssets": 13216200, "totalAssets": 411268170, "accountsPayable": 64684490, "shortLongTermDebt": 124850, "otherCurrentLiab": 9174200, "longTermDebt": 55000, "otherLiab": 11086380, "totalCurrentLiabilities": 78519190, "totalLiab": 89660570, "commonStock": 49084700, "retainedEarnings": 272522900, "totalStockholderEquity": 321607600, "netTangibleAssets": 321607600}, {"maxAge": 1, "endDate": "2019-12-31", "totalStockholderEquity": 316396000, "netTangibleAssets": 316396000}, {"maxAge": 1, "endDate": "2019-09-30", "cash": 111902000, "shortTermInvestments": 2223000, "netReceivables": 84437000, "inventory": 27054000, "otherCurrentAssets": 2193000, "totalCurrentAssets": 227809000, "propertyPlantEquipment": 144851000, "otherAssets": 12173000, "totalAssets": 384833000, "accountsPayable": 44503000, "shortLongTermDebt": 2649000, "otherCurrentLiab": 10047000, "otherLiab": 10020000, "totalCurrentLiabilities": 58417000, "totalLiab": 68437000, "commonStock": 49085000, "retainedEarnings": 267311000, "totalStockholderEquity": 316396000, "netTangibleAssets": 316396000}], "maxAge": 86400}, "indexTrend": {"maxAge": 1, "symbol": "SP5", "peRatio": 19.7411, "pegRatio": 1.34172, "estimates": [{"period": "0q", "growth": 0.549}, {"period": "+1q", "growth": 0.431}, {"period": "0y", "growth": 0.305}, {"period": "+1y", "growth": 0.109}, {"period": "+5y", "growth": 0.120859005}, {"period": "-5y"}]}, "insiderTransactions": {"transactions": [{"maxAge": 1, "shares": 297060, "filerUrl": "", "transactionText": "", "filerName": "Jain (Narendra Kumar)", "filerRelation": "Director", "moneyText": "", "startDate": "2018-06-04", "ownership": "D"}, {"maxAge": 1, "shares": 297060, "filerUrl": "", "transactionText": "", "filerName": "Jain (Pankaj)", "filerRelation": "Director", "moneyText": "", "startDate": "2018-06-04", "ownership": "D"}], "maxAge": 1}, "quoteType": {"exchange": "BSE", "quoteType": "EQUITY", "symbol": "HARLETH.BO", "underlyingSymbol": "HARLETH.BO", "shortName": "HARYANA LEATHER CHEMICALS LTD.", "longName": "Haryana Leather Chemicals Limited", "firstTradeDateEpochUtc": "2000-01-03 09:15:00", "timeZoneFullName": "Asia/Kolkata", "timeZoneShortName": "IST", "uuid": "db0308ad-1156-343d-917f-7c13f422d3c9", "gmtOffSetMilliseconds": 19800000, "maxAge": 1}, "incomeStatementHistory": {"incomeStatementHistory": [{"maxAge": 1, "endDate": "2020-03-31", "totalRevenue": 350258960, "costOfRevenue": 240016470, "grossProfit": 110242490, "researchDevelopment": {}, "sellingGeneralAdministrative": 53866570, "nonRecurring": {}, "otherOperatingExpenses": 32300230, "totalOperatingExpenses": 333327600, "operatingIncome": 16931360, "totalOtherIncomeExpenseNet": 11326710, "ebit": 16931360, "interestExpense": -500780, "incomeBeforeTax": 28258070, "incomeTaxExpense": 7320130, "minorityInterest": {}, "netIncomeFromContinuingOps": 20937940, "discontinuedOperations": {}, "extraordinaryItems": {}, "effectOfAccountingCharges": {}, "otherItems": {}, "netIncome": 20937940, "netIncomeApplicableToCommonShares": 20937940}, {"maxAge": 1, "endDate": "2019-03-31", "totalRevenue": 368684350, "costOfRevenue": 267996470, "grossProfit": 100687880, "researchDevelopment": {}, "sellingGeneralAdministrative": 53326430, "nonRecurring": {}, "otherOperatingExpenses": 26085190, "totalOperatingExpenses": 354462150, "operatingIncome": 14222200, "totalOtherIncomeExpenseNet": 7179350, "ebit": 14222200, "interestExpense": -519390, "incomeBeforeTax": 21401550, "incomeTaxExpense": 6012120, "minorityInterest": {}, "netIncomeFromContinuingOps": 15389430, "discontinuedOperations": {}, "extraordinaryItems": {}, "effectOfAccountingCharges": {}, "otherItems": {}, "netIncome": 15389430, "netIncomeApplicableToCommonShares": 15389430}, {"maxAge": 1, "endDate": "2018-03-31", "totalRevenue": 355700400, "costOfRevenue": 251979620, "grossProfit": 103720780, "researchDevelopment": {}, "sellingGeneralAdministrative": 50546030, "nonRecurring": {}, "otherOperatingExpenses": 30043410, "totalOperatingExpenses": 341288800, "operatingIncome": 14411600, "totalOtherIncomeExpenseNet": 7679870, "ebit": 14411600, "interestExpense": -474770, "incomeBeforeTax": 22091470, "incomeTaxExpense": 4812730, "minorityInterest": {}, "netIncomeFromContinuingOps": 17278740, "discontinuedOperations": {}, "extraordinaryItems": {}, "effectOfAccountingCharges": {}, "otherItems": {}, "netIncome": 17278740, "netIncomeApplicableToCommonShares": 17278740}, {"maxAge": 1, "endDate": "2017-03-31", "totalRevenue": 390541920, "costOfRevenue": 267556350, "grossProfit": 122985570, "researchDevelopment": {}, "sellingGeneralAdministrative": 54958600, "nonRecurring": {}, "otherOperatingExpenses": 33984720, "totalOperatingExpenses": 367097280, "operatingIncome": 23444640, "totalOtherIncomeExpenseNet": 6346330, "ebit": 23444640, "interestExpense": -287770, "incomeBeforeTax": 29790970, "incomeTaxExpense": 10171130, "minorityInterest": {}, "netIncomeFromContinuingOps": 19619840, "discontinuedOperations": {}, "extraordinaryItems": {}, "effectOfAccountingCharges": {}, "otherItems": {}, "netIncome": 19619840, "netIncomeApplicableToCommonShares": 19619840}], "maxAge": 86400}, "fundOwnership": {"ownershipList": [], "maxAge": 1}, "summaryDetail": {"maxAge": 1, "priceHint": 2, "previousClose": 30.5, "open": 30.5, "dayLow": 29.0, "dayHigh": 32.0, "regularMarketPreviousClose": 30.5, "regularMarketOpen": 30.5, "regularMarketDayLow": 29.0, "regularMarketDayHigh": 32.0, "trailingPE": 8.627663, "volume": 470, "regularMarketVolume": 470, "averageVolume": 1064, "averageVolume10days": 409, "averageDailyVolume10Day": 409, "bid": 32.0, "ask": 0.0, "bidSize": 0, "askSize": 0, "marketCap": 157071040, "fiftyTwoWeekLow": 18.05, "fiftyTwoWeekHigh": 32.0, "fiftyDayAverage": 28.948484, "twoHundredDayAverage": 26.972992, "trailingAnnualDividendRate": 0.8, "trailingAnnualDividendYield": 0.026229508, "currency": "INR", "fromCurrency": null, "lastMarket": null, "algorithm": null, "tradeable": false}, "incomeStatementHistoryQuarterly": {"incomeStatementHistory": [{"maxAge": 1, "endDate": "2020-06-30", "totalRevenue": 34052000, "costOfRevenue": 19211000, "grossProfit": 14841000, "researchDevelopment": {}, "sellingGeneralAdministrative": 5760000, "nonRecurring": {}, "otherOperatingExpenses": 5357000, "totalOperatingExpenses": 32128000, "operatingIncome": 1924000, "totalOtherIncomeExpenseNet": 2511000, "ebit": 1924000, "interestExpense": -53000, "incomeBeforeTax": 4435000, "incomeTaxExpense": 800000, "minorityInterest": {}, "netIncomeFromContinuingOps": 3635000, "discontinuedOperations": {}, "extraordinaryItems": {}, "effectOfAccountingCharges": {}, "otherItems": {}, "netIncome": 3635000, "netIncomeApplicableToCommonShares": 3635000}, {"maxAge": 1, "endDate": "2020-03-31", "totalRevenue": 84404960, "costOfRevenue": 67476470, "grossProfit": 16928490, "researchDevelopment": {}, "sellingGeneralAdministrative": 25940570, "nonRecurring": {}, "otherOperatingExpenses": -15594770, "totalOperatingExpenses": 79666600, "operatingIncome": 4738360, "totalOtherIncomeExpenseNet": 2482710, "ebit": 4738360, "interestExpense": -53000, "incomeBeforeTax": 7221070, "incomeTaxExpense": 2820130, "minorityInterest": {}, "netIncomeFromContinuingOps": 4400940, "discontinuedOperations": {}, "extraordinaryItems": {}, "effectOfAccountingCharges": {}, "otherItems": {}, "netIncome": 4400940, "netIncomeApplicableToCommonShares": 4400940}, {"maxAge": 1, "endDate": "2019-12-31", "totalRevenue": 85856000, "costOfRevenue": 55387000, "grossProfit": 30469000, "researchDevelopment": {}, "sellingGeneralAdministrative": 9105000, "nonRecurring": {}, "otherOperatingExpenses": 15119000, "totalOperatingExpenses": 81411000, "operatingIncome": 4445000, "totalOtherIncomeExpenseNet": 2591000, "ebit": 4445000, "interestExpense": -214000, "incomeBeforeTax": 7036000, "incomeTaxExpense": 1500000, "minorityInterest": {}, "netIncomeFromContinuingOps": 5536000, "discontinuedOperations": {}, "extraordinaryItems": {}, "effectOfAccountingCharges": {}, "otherItems": {}, "netIncome": 5536000, "netIncomeApplicableToCommonShares": 5536000}, {"maxAge": 1, "endDate": "2019-09-30", "totalRevenue": 86893000, "costOfRevenue": 53670000, "grossProfit": 33223000, "researchDevelopment": {}, "sellingGeneralAdministrative": 9386000, "nonRecurring": {}, "otherOperatingExpenses": 18341000, "totalOperatingExpenses": 83135000, "operatingIncome": 3758000, "totalOtherIncomeExpenseNet": 2859000, "ebit": 3758000, "interestExpense": -94000, "incomeBeforeTax": 6617000, "incomeTaxExpense": 1500000, "minorityInterest": {}, "netIncomeFromContinuingOps": 5117000, "discontinuedOperations": {}, "extraordinaryItems": {}, "effectOfAccountingCharges": {}, "otherItems": {}, "netIncome": 5117000, "netIncomeApplicableToCommonShares": 5117000}], "maxAge": 86400}, "cashflowStatementHistoryQuarterly": {"cashflowStatements": [{"maxAge": 1, "endDate": "2020-06-30", "netIncome": 3635000, "changeToLiabilities": 0}, {"maxAge": 1, "endDate": "2020-03-31", "netIncome": 4400940, "changeToLiabilities": 0}, {"maxAge": 1, "endDate": "2019-12-31", "netIncome": 5536000, "changeToLiabilities": 0}, {"maxAge": 1, "endDate": "2019-09-30", "netIncome": 5117000, "changeToLiabilities": 0}], "maxAge": 86400}, "insiderHolders": {"holders": [{"maxAge": 1, "name": "Jain (Narendra Kumar)", "relation": "Director", "url": "", "transactionDescription": "Gift", "latestTransDate": "2018-06-04", "positionDirect": 0, "positionDirectDate": "2018-06-04"}, {"maxAge": 1, "name": "Jain (Pankaj)", "relation": "Director", "url": "", "transactionDescription": "Gift", "latestTransDate": "2018-06-04", "positionDirect": 751770, "positionDirectDate": "2018-06-04"}], "maxAge": 1}, "calendarEvents": {"maxAge": 1, "earnings": {"earningsDate": ["2020-06-27 05:30:S"]}}, "upgradeDowngradeHistory": {"history": [], "maxAge": 86400}, "price": {"maxAge": 1, "regularMarketChangePercent": 0.049180325, "regularMarketChange": 1.5, "regularMarketTime": "2021-04-30 11:52:33", "priceHint": 2, "regularMarketPrice": 32.0, "regularMarketDayHigh": 32.0, "regularMarketDayLow": 29.0, "regularMarketVolume": 470, "averageDailyVolume10Day": 409, "averageDailyVolume3Month": 1064, "regularMarketPreviousClose": 30.5, "regularMarketSource": "FREE_REALTIME", "regularMarketOpen": 30.5, "exchange": "BSE", "exchangeName": "BSE", "exchangeDataDelayedBy": 0, "marketState": "CLOSED", "quoteType": "EQUITY", "symbol": "HARLETH.BO", "underlyingSymbol": null, "shortName": "HARYANA LEATHER CHEMICALS LTD.", "longName": "Haryana Leather Chemicals Limited", "currency": "INR", "quoteSourceName": "Delayed Quote", "currencySymbol": "\u20b9", "fromCurrency": null, "lastMarket": null, "marketCap": 157071040}, "balanceSheetHistory": {"balanceSheetStatements": [{"maxAge": 1, "endDate": "2020-03-31", "cash": 119177970, "netReceivables": 99278130, "inventory": 31693850, "otherCurrentAssets": 1853550, "totalCurrentAssets": 252970660, "propertyPlantEquipment": 145081310, "otherAssets": 13216200, "totalAssets": 411268170, "accountsPayable": 64684490, "shortLongTermDebt": 124850, "otherCurrentLiab": 9174200, "longTermDebt": 55000, "otherLiab": 11086380, "totalCurrentLiabilities": 78519190, "totalLiab": 89660570, "commonStock": 49084700, "retainedEarnings": 272522900, "totalStockholderEquity": 321607600, "netTangibleAssets": 321607600}, {"maxAge": 1, "endDate": "2019-03-31", "cash": 94006190, "shortTermInvestments": 4633000, "netReceivables": 94944620, "inventory": 28809290, "otherCurrentAssets": 12105700, "totalCurrentAssets": 229865800, "propertyPlantEquipment": 145247930, "otherAssets": 12172880, "totalAssets": 387286610, "accountsPayable": 51374310, "shortLongTermDebt": 4036560, "otherCurrentLiab": 9344940, "longTermDebt": 179850, "otherLiab": 9927640, "totalCurrentLiabilities": 71783280, "totalLiab": 81890770, "commonStock": 49084700, "retainedEarnings": 256311140, "totalStockholderEquity": 305395840, "netTangibleAssets": 305395840}, {"maxAge": 1, "endDate": "2018-03-31", "cash": 81703360, "netReceivables": 101168360, "inventory": 42577800, "otherCurrentAssets": 3745320, "totalCurrentAssets": 229930200, "propertyPlantEquipment": 145441770, "otherAssets": 12167880, "totalAssets": 387539850, "accountsPayable": 72727970, "otherCurrentLiab": 9428750, "otherLiab": 9082420, "totalCurrentLiabilities": 83724840, "totalLiab": 92807260, "commonStock": 49084700, "retainedEarnings": 245647890, "totalStockholderEquity": 294732590, "netTangibleAssets": 294732590}, {"maxAge": 1, "endDate": "2017-03-31", "cash": 82524520, "netReceivables": 88865580, "inventory": 35362710, "otherCurrentAssets": 5639110, "totalCurrentAssets": 212997310, "propertyPlantEquipment": 147013460, "otherAssets": 12302880, "totalAssets": 372313650, "accountsPayable": 64047640, "otherCurrentLiab": 10505800, "otherLiab": 9356800, "totalCurrentLiabilities": 80776820, "totalLiab": 90133620, "commonStock": 49084700, "retainedEarnings": 233095330, "totalStockholderEquity": 282180030, "netTangibleAssets": 282180030}], "maxAge": 86400}, "financialData": {"maxAge": 86400, "currentPrice": 32.0, "recommendationKey": "none", "grossProfits": 110242490, "financialCurrency": "INR"}}}