{"HATHWAYB.BO": {"cashflowStatementHistory": {"cashflowStatements": [{"maxAge": 1, "endDate": "2020-03-31", "netIncome": 36973000, "depreciation": 2162000, "changeToNetincome": -18546000, "changeToAccountReceivables": 906000, "changeToLiabilities": -11972000, "changeToOperatingActivities": -5923000, "totalCashFromOperatingActivities": 3674000, "capitalExpenditures": -21000, "otherCashflowsFromInvestingActivities": 80000, "totalCashflowsFromInvestingActivities": 59000, "netBorrowings": -4000000, "otherCashflowsFromFinancingActivities": -1465000, "totalCashFromFinancingActivities": -5465000, "changeInCash": -1732000}, {"maxAge": 1, "endDate": "2019-03-31", "netIncome": 220000, "depreciation": 12797000, "changeToNetincome": 6015000, "changeToAccountReceivables": 197000, "changeToLiabilities": -1049000, "changeToOperatingActivities": -196000, "totalCashFromOperatingActivities": 18058000, "capitalExpenditures": -137000, "otherCashflowsFromInvestingActivities": 1249000, "totalCashflowsFromInvestingActivities": 1112000, "netBorrowings": -19000000, "otherCashflowsFromFinancingActivities": -2539000, "totalCashFromFinancingActivities": -21539000, "changeInCash": -2369000}, {"maxAge": 1, "endDate": "2018-03-31", "netIncome": -123000, "depreciation": 6580000, "changeToNetincome": 18728000, "changeToAccountReceivables": -2389000, "changeToLiabilities": -79250000, "changeToOperatingActivities": 10663000, "totalCashFromOperatingActivities": -45674000, "capitalExpenditures": -797000, "otherCashflowsFromInvestingActivities": 121000, "totalCashflowsFromInvestingActivities": -673000, "netBorrowings": 35000000, "otherCashflowsFromFinancingActivities": -1759000, "totalCashFromFinancingActivities": 33241000, "changeInCash": -13106000}, {"maxAge": 1, "endDate": "2017-03-31", "netIncome": -8958000, "depreciation": 6411000, "changeToNetincome": 19677000, "changeToAccountReceivables": -8023000, "changeToLiabilities": 15927000, "changeToOperatingActivities": -4076000, "totalCashFromOperatingActivities": 21044000, "capitalExpenditures": -3087000, "otherCashflowsFromInvestingActivities": 163000, "totalCashflowsFromInvestingActivities": -2594000, "netBorrowings": -14265000, "otherCashflowsFromFinancingActivities": -266000, "totalCashFromFinancingActivities": -14531000, "changeInCash": 3919000}], "maxAge": 86400}, "institutionOwnership": {"maxAge": 1, "ownershipList": []}, "balanceSheetHistoryQuarterly": {"balanceSheetStatements": [{"maxAge": 1, "endDate": "2020-09-30", "cash": 1675000, "shortTermInvestments": 332000, "netReceivables": 445000, "otherCurrentAssets": 2214000, "totalCurrentAssets": 4666000, "longTermInvestments": 4557000, "propertyPlantEquipment": 10714000, "intangibleAssets": 381000, "otherAssets": 20737000, "deferredLongTermAssetCharges": 13659000, "totalAssets": 41055000, "accountsPayable": 26578000, "otherCurrentLiab": 10301000, "otherLiab": 1212000, "totalCurrentLiabilities": 37027000, "totalLiab": 38239000, "commonStock": 81000000, "treasuryStock": -78184000, "otherStockholderEquity": -78184000, "totalStockholderEquity": 2816000, "netTangibleAssets": 2435000}, {"maxAge": 1, "endDate": "2020-06-30", "totalStockholderEquity": -2636000, "netTangibleAssets": -3103000}, {"maxAge": 1, "endDate": "2020-03-31", "cash": 852000, "shortTermInvestments": 165000, "netReceivables": 3495000, "totalCurrentAssets": 4519000, "longTermInvestments": 3410000, "propertyPlantEquipment": 11009000, "intangibleAssets": 467000, "otherAssets": 24288000, "deferredLongTermAssetCharges": 15703000, "totalAssets": 43693000, "accountsPayable": 29077000, "shortLongTermDebt": 12000000, "otherCurrentLiab": 2051000, "otherLiab": 1099000, "totalCurrentLiabilities": 45230000, "totalLiab": 46329000, "commonStock": 81000000, "retainedEarnings": -98736000, "capitalSurplus": 15100000, "totalStockholderEquity": -2636000, "netTangibleAssets": -3103000}, {"maxAge": 1, "endDate": "2019-12-31", "totalStockholderEquity": -28682000, "netTangibleAssets": -29289000}], "maxAge": 86400}, "indexTrend": {"maxAge": 1, "symbol": "SP5", "peRatio": 19.7411, "pegRatio": 1.34172, "estimates": [{"period": "0q", "growth": 0.549}, {"period": "+1q", "growth": 0.431}, {"period": "0y", "growth": 0.305}, {"period": "+1y", "growth": 0.109}, {"period": "+5y", "growth": 0.120859005}, {"period": "-5y"}]}, "insiderTransactions": {"transactions": [{"maxAge": 1, "shares": 504339, "filerUrl": "", "transactionText": "", "filerName": "Puri (Kuldeep)", "filerRelation": "Managing Director", "moneyText": "", "startDate": "2019-04-19", "ownership": "D"}, {"maxAge": 1, "shares": 426383, "filerUrl": "", "transactionText": "", "filerName": "Puri (Kulbushan Suraj)", "filerRelation": "Promoter", "moneyText": "", "startDate": "2019-04-19", "ownership": "D"}], "maxAge": 1}, "quoteType": {"exchange": "BSE", "quoteType": "EQUITY", "symbol": "HATHWAYB.BO", "underlyingSymbol": "HATHWAYB.BO", "shortName": "HATHWAY BHAWANI CABLETEL & DAT", "longName": "Hathway Bhawani Cabletel & Datacom Limited", "firstTradeDateEpochUtc": "2000-09-11 09:15:00", "timeZoneFullName": "Asia/Kolkata", "timeZoneShortName": "IST", "uuid": "9d86e1ea-2392-36b2-96b0-f5f9c58653aa", "messageBoardId": null, "gmtOffSetMilliseconds": 19800000, "maxAge": 1}, "incomeStatementHistory": {"incomeStatementHistory": [{"maxAge": 1, "endDate": "2020-03-31", "totalRevenue": 48729000, "costOfRevenue": 10873000, "grossProfit": 37856000, "researchDevelopment": {}, "sellingGeneralAdministrative": 5411000, "nonRecurring": {}, "otherOperatingExpenses": 9144000, "totalOperatingExpenses": 27664000, "operatingIncome": 21065000, "totalOtherIncomeExpenseNet": 834000, "ebit": 21065000, "interestExpense": -1647000, "incomeBeforeTax": 21899000, "incomeTaxExpense": -15074000, "minorityInterest": {}, "netIncomeFromContinuingOps": 36973000, "discontinuedOperations": {}, "extraordinaryItems": {}, "effectOfAccountingCharges": {}, "otherItems": {}, "netIncome": 36973000, "netIncomeApplicableToCommonShares": 36973000}, {"maxAge": 1, "endDate": "2019-03-31", "totalRevenue": 47117000, "costOfRevenue": 13196000, "grossProfit": 33921000, "researchDevelopment": {}, "sellingGeneralAdministrative": 6312000, "nonRecurring": {}, "otherOperatingExpenses": 12038000, "totalOperatingExpenses": 44417000, "operatingIncome": 2700000, "totalOtherIncomeExpenseNet": -2480000, "ebit": 2700000, "interestExpense": -2539000, "incomeBeforeTax": 220000, "incomeTaxExpense": 0, "minorityInterest": {}, "netIncomeFromContinuingOps": 220000, "discontinuedOperations": {}, "extraordinaryItems": {}, "effectOfAccountingCharges": {}, "otherItems": {}, "netIncome": 220000, "netIncomeApplicableToCommonShares": 220000}, {"maxAge": 1, "endDate": "2018-03-31", "totalRevenue": 48704000, "costOfRevenue": 14835000, "grossProfit": 33869000, "researchDevelopment": {}, "sellingGeneralAdministrative": 7558000, "nonRecurring": {}, "otherOperatingExpenses": 43952000, "totalOperatingExpenses": 73042000, "operatingIncome": -24338000, "totalOtherIncomeExpenseNet": 24215000, "ebit": -24338000, "interestExpense": -1764000, "incomeBeforeTax": -123000, "incomeTaxExpense": 0, "minorityInterest": {}, "netIncomeFromContinuingOps": -123000, "discontinuedOperations": {}, "extraordinaryItems": {}, "effectOfAccountingCharges": {}, "otherItems": {}, "netIncome": -123000, "netIncomeApplicableToCommonShares": -123000}, {"maxAge": 1, "endDate": "2017-03-31", "totalRevenue": 125419000, "costOfRevenue": 83864000, "grossProfit": 41555000, "researchDevelopment": {}, "sellingGeneralAdministrative": 14759000, "nonRecurring": {}, "otherOperatingExpenses": 32582000, "totalOperatingExpenses": 137702000, "operatingIncome": -12283000, "totalOtherIncomeExpenseNet": 3325000, "ebit": -12283000, "interestExpense": -276000, "incomeBeforeTax": -8958000, "incomeTaxExpense": 0, "minorityInterest": {}, "netIncomeFromContinuingOps": -8958000, "discontinuedOperations": {}, "extraordinaryItems": {}, "effectOfAccountingCharges": {}, "otherItems": {}, "netIncome": -8958000, "netIncomeApplicableToCommonShares": -8958000}], "maxAge": 86400}, "fundOwnership": {"maxAge": 1, "ownershipList": []}, "summaryDetail": {"maxAge": 1, "priceHint": 2, "previousClose": 18.0, "open": 18.1, "dayLow": 17.1, "dayHigh": 18.1, "regularMarketPreviousClose": 18.0, "regularMarketOpen": 18.1, "regularMarketDayLow": 17.1, "regularMarketDayHigh": 18.1, "trailingPE": 4.4510007, "volume": 12183, "regularMarketVolume": 12183, "averageVolume": 13826, "averageVolume10days": 5841, "averageDailyVolume10Day": 5841, "bid": 17.1, "ask": 17.5, "bidSize": 0, "askSize": 0, "marketCap": 140535008, "fiftyTwoWeekLow": 7.05, "fiftyTwoWeekHigh": 46.05, "fiftyDayAverage": 20.397142, "twoHundredDayAverage": 19.437592, "currency": "INR", "fromCurrency": null, "toCurrency": null, "lastMarket": null, "algorithm": null, "tradeable": false}, "incomeStatementHistoryQuarterly": {"incomeStatementHistory": [{"maxAge": 1, "endDate": "2020-09-30", "totalRevenue": 11030000, "costOfRevenue": 3690000, "grossProfit": 7340000, "researchDevelopment": {}, "sellingGeneralAdministrative": 1514000, "nonRecurring": {}, "otherOperatingExpenses": 1618000, "totalOperatingExpenses": 7265000, "operatingIncome": 3765000, "totalOtherIncomeExpenseNet": -210000, "ebit": 3765000, "interestExpense": -267000, "incomeBeforeTax": 3555000, "incomeTaxExpense": 1077000, "minorityInterest": {}, "netIncomeFromContinuingOps": 2478000, "discontinuedOperations": {}, "extraordinaryItems": {}, "effectOfAccountingCharges": {}, "otherItems": {}, "netIncome": 2478000, "netIncomeApplicableToCommonShares": 2478000}, {"maxAge": 1, "endDate": "2020-06-30", "totalRevenue": 11682000, "costOfRevenue": 3631000, "grossProfit": 8051000, "researchDevelopment": {}, "sellingGeneralAdministrative": 1120000, "nonRecurring": {}, "otherOperatingExpenses": 1711000, "totalOperatingExpenses": 6910000, "operatingIncome": 4772000, "totalOtherIncomeExpenseNet": -568000, "ebit": 4772000, "interestExpense": -317000, "incomeBeforeTax": 4204000, "incomeTaxExpense": 1162000, "minorityInterest": {}, "netIncomeFromContinuingOps": 3042000, "discontinuedOperations": {}, "extraordinaryItems": {}, "effectOfAccountingCharges": {}, "otherItems": {}, "netIncome": 3042000, "netIncomeApplicableToCommonShares": 3042000}, {"maxAge": 1, "endDate": "2020-03-31", "totalRevenue": 11717000, "costOfRevenue": -592000, "grossProfit": 12309000, "researchDevelopment": {}, "sellingGeneralAdministrative": 1604000, "nonRecurring": {}, "otherOperatingExpenses": 3943000, "totalOperatingExpenses": 5455000, "operatingIncome": 6262000, "totalOtherIncomeExpenseNet": 996000, "ebit": 6262000, "interestExpense": -498000, "incomeBeforeTax": 7258000, "incomeTaxExpense": 968000, "minorityInterest": {}, "netIncomeFromContinuingOps": 6290000, "discontinuedOperations": {}, "extraordinaryItems": {}, "effectOfAccountingCharges": {}, "otherItems": {}, "netIncome": 6290000, "netIncomeApplicableToCommonShares": 6290000}, {"maxAge": 1, "endDate": "2019-12-31", "totalRevenue": 14126000, "costOfRevenue": 3774000, "grossProfit": 10352000, "researchDevelopment": {}, "sellingGeneralAdministrative": 1268000, "nonRecurring": {}, "otherOperatingExpenses": 2136000, "totalOperatingExpenses": 7723000, "operatingIncome": 6403000, "totalOtherIncomeExpenseNet": -383000, "ebit": 6403000, "interestExpense": -365000, "incomeBeforeTax": 6020000, "incomeTaxExpense": -13799000, "minorityInterest": {}, "netIncomeFromContinuingOps": 19819000, "discontinuedOperations": {}, "extraordinaryItems": {}, "effectOfAccountingCharges": {}, "otherItems": {}, "netIncome": 19819000, "netIncomeApplicableToCommonShares": 19819000}], "maxAge": 86400}, "cashflowStatementHistoryQuarterly": {"cashflowStatements": [{"maxAge": 1, "endDate": "2020-09-30", "netIncome": 2478000, "changeToLiabilities": 0}, {"maxAge": 1, "endDate": "2020-06-30", "netIncome": 3042000, "changeToLiabilities": 0}, {"maxAge": 1, "endDate": "2020-03-31", "netIncome": 6290000, "changeToLiabilities": 0}, {"maxAge": 1, "endDate": "2019-12-31", "netIncome": 19819000, "changeToLiabilities": 0}], "maxAge": 86400}, "insiderHolders": {"holders": [{"maxAge": 1, "name": "Puri (Kulbushan Suraj)", "relation": "Promoter", "url": "", "transactionDescription": "Sale", "latestTransDate": "2019-04-19", "positionDirect": 0, "positionDirectDate": "2019-04-19"}, {"maxAge": 1, "name": "Puri (Kuldeep)", "relation": "Managing Director", "url": "", "transactionDescription": "Sale", "latestTransDate": "2019-04-19", "positionDirect": 0, "positionDirectDate": "2019-04-19"}], "maxAge": 1}, "calendarEvents": {"maxAge": 1, "earnings": {"earningsDate": []}}, "price": {"maxAge": 1, "regularMarketChangePercent": -0.03611109, "regularMarketChange": -0.6499996, "regularMarketTime": "2021-04-30 15:29:52", "priceHint": 2, "regularMarketPrice": 17.35, "regularMarketDayHigh": 18.1, "regularMarketDayLow": 17.1, "regularMarketVolume": 12183, "averageDailyVolume10Day": 5841, "averageDailyVolume3Month": 13826, "regularMarketPreviousClose": 18.0, "regularMarketSource": "FREE_REALTIME", "regularMarketOpen": 18.1, "exchange": "BSE", "exchangeName": "BSE", "exchangeDataDelayedBy": 0, "marketState": "CLOSED", "quoteType": "EQUITY", "symbol": "HATHWAYB.BO", "underlyingSymbol": null, "shortName": "HATHWAY BHAWANI CABLETEL & DAT", "longName": "Hathway Bhawani Cabletel & Datacom Limited", "currency": "INR", "quoteSourceName": "Delayed Quote", "currencySymbol": "\u20b9", "fromCurrency": null, "toCurrency": null, "lastMarket": null, "marketCap": 140535008}, "balanceSheetHistory": {"balanceSheetStatements": [{"maxAge": 1, "endDate": "2020-03-31", "cash": 852000, "shortTermInvestments": 165000, "netReceivables": 3495000, "totalCurrentAssets": 4519000, "longTermInvestments": 3410000, "propertyPlantEquipment": 11009000, "intangibleAssets": 467000, "otherAssets": 24288000, "deferredLongTermAssetCharges": 15703000, "totalAssets": 43693000, "accountsPayable": 29077000, "shortLongTermDebt": 12000000, "otherCurrentLiab": 2051000, "otherLiab": 1099000, "totalCurrentLiabilities": 45230000, "totalLiab": 46329000, "commonStock": 81000000, "retainedEarnings": -98736000, "capitalSurplus": 15100000, "totalStockholderEquity": -2636000, "netTangibleAssets": -3103000}, {"maxAge": 1, "endDate": "2019-03-31", "cash": 2584000, "netReceivables": 5999000, "totalCurrentAssets": 8716000, "longTermInvestments": 3116000, "propertyPlantEquipment": 13207000, "intangibleAssets": 891000, "otherAssets": 7010000, "totalAssets": 32940000, "accountsPayable": 42953000, "shortLongTermDebt": 16000000, "otherCurrentLiab": 9777000, "otherLiab": 913000, "totalCurrentLiabilities": 71384000, "totalLiab": 72297000, "commonStock": 81000000, "retainedEarnings": -135457000, "capitalSurplus": 15100000, "totalStockholderEquity": -39357000, "netTangibleAssets": -40248000}, {"maxAge": 1, "endDate": "2018-03-31", "cash": 4953000, "netReceivables": 8940000, "otherCurrentAssets": 199000, "totalCurrentAssets": 14474000, "longTermInvestments": 4920000, "propertyPlantEquipment": 24551000, "intangibleAssets": 2282000, "otherAssets": 15187000, "totalAssets": 61414000, "accountsPayable": 45196000, "otherCurrentLiab": 17146000, "longTermDebt": 35000000, "otherLiab": 1392000, "totalCurrentLiabilities": 64768000, "totalLiab": 101160000, "commonStock": 81000000, "retainedEarnings": -135846000, "capitalSurplus": 15100000, "totalStockholderEquity": -39746000, "netTangibleAssets": -42028000}, {"maxAge": 1, "endDate": "2017-03-31", "cash": 18059000, "netReceivables": 32964000, "otherCurrentAssets": 17880000, "totalCurrentAssets": 69065000, "longTermInvestments": 1919000, "propertyPlantEquipment": 29317000, "intangibleAssets": 3717000, "otherAssets": 17760000, "totalAssets": 121778000, "accountsPayable": 144885000, "otherCurrentLiab": 9297000, "otherLiab": 2349000, "totalCurrentLiabilities": 159818000, "totalLiab": 162167000, "commonStock": 81000000, "retainedEarnings": -136489000, "capitalSurplus": 15100000, "totalStockholderEquity": -40389000, "netTangibleAssets": -44106000}], "maxAge": 86400}, "financialData": {"maxAge": 86400, "currentPrice": 17.35, "recommendationKey": "none", "grossProfits": 37856000, "financialCurrency": "INR"}}}