{"HAWKINCOOK.BO": {"recommendationTrend": {"trend": [{"period": "0m", "strongBuy": 0, "buy": 0, "hold": 0, "sell": 0, "strongSell": 0}, {"period": "-1m", "strongBuy": 0, "buy": 0, "hold": 0, "sell": 0, "strongSell": 0}, {"period": "-2m", "strongBuy": 0, "buy": 0, "hold": 0, "sell": 0, "strongSell": 0}, {"period": "-3m", "strongBuy": 0, "buy": 0, "hold": 0, "sell": 0, "strongSell": 0}], "maxAge": 86400}, "cashflowStatementHistory": {"cashflowStatements": [{"maxAge": 1, "endDate": "2020-03-31", "netIncome": 724891000, "depreciation": 46860000, "changeToNetincome": -3403000, "changeToAccountReceivables": 283321000, "changeToLiabilities": -34571000, "changeToInventory": -329491000, "changeToOperatingActivities": -31027000, "totalCashFromOperatingActivities": 656830000, "capitalExpenditures": -107532000, "investments": -119349000, "otherCashflowsFromInvestingActivities": 28955000, "totalCashflowsFromInvestingActivities": -197054000, "dividendsPaid": -509960000, "netBorrowings": 13426000, "otherCashflowsFromFinancingActivities": -24990000, "totalCashFromFinancingActivities": -521524000, "changeInCash": -61748000}, {"maxAge": 1, "endDate": "2019-03-31", "netIncome": 542180000, "depreciation": 40086000, "changeToNetincome": -1097000, "changeToAccountReceivables": -314025000, "changeToLiabilities": 6375000, "changeToInventory": -331388000, "changeToOperatingActivities": -3664000, "totalCashFromOperatingActivities": -61491000, "capitalExpenditures": -83807000, "investments": 445143000, "otherCashflowsFromInvestingActivities": 50689000, "totalCashflowsFromInvestingActivities": 415459000, "dividendsPaid": -446087000, "netBorrowings": 31927000, "otherCashflowsFromFinancingActivities": -38940000, "totalCashFromFinancingActivities": -453100000, "changeInCash": -99132000}, {"maxAge": 1, "endDate": "2018-03-31", "netIncome": 486786000, "depreciation": 36558000, "changeToNetincome": -47817000, "changeToAccountReceivables": -7958000, "changeToLiabilities": 128612000, "changeToInventory": 158293000, "changeToOperatingActivities": -62174000, "totalCashFromOperatingActivities": 692300000, "capitalExpenditures": -51029000, "investments": -178301000, "otherCashflowsFromInvestingActivities": 60303000, "totalCashflowsFromInvestingActivities": -125870000, "dividendsPaid": -441724000, "netBorrowings": -22398000, "otherCashflowsFromFinancingActivities": -60908000, "totalCashFromFinancingActivities": -525030000, "changeInCash": 41400000}, {"maxAge": 1, "endDate": "2017-03-31", "netIncome": 474219000, "depreciation": 34653000, "changeToNetincome": 3398000, "changeToAccountReceivables": -12586000, "changeToLiabilities": 47955000, "changeToInventory": 4716000, "changeToOperatingActivities": 53388000, "totalCashFromOperatingActivities": 605743000, "capitalExpenditures": -38379000, "investments": -141395000, "otherCashflowsFromInvestingActivities": 35322000, "totalCashflowsFromInvestingActivities": -142935000, "dividendsPaid": -379215000, "netBorrowings": 10605000, "otherCashflowsFromFinancingActivities": -24648000, "totalCashFromFinancingActivities": -393258000, "changeInCash": 69551000}], "maxAge": 86400}, "institutionOwnership": {"maxAge": 1, "ownershipList": []}, "balanceSheetHistoryQuarterly": {"balanceSheetStatements": [{"maxAge": 1, "endDate": "2020-06-30", "totalStockholderEquity": 1396546000, "netTangibleAssets": 1395527000}, {"maxAge": 1, "endDate": "2020-03-31", "cash": 19595000, "shortTermInvestments": 406117000, "netReceivables": 700776000, "inventory": 1330127000, "otherCurrentAssets": 109835000, "totalCurrentAssets": 2567403000, "longTermInvestments": 25000, "propertyPlantEquipment": 341867000, "intangibleAssets": 1019000, "otherAssets": 73065000, "deferredLongTermAssetCharges": 13129000, "totalAssets": 2983379000, "accountsPayable": 493086000, "shortLongTermDebt": 115707000, "otherCurrentLiab": 292903000, "longTermDebt": 131239000, "otherLiab": 39764000, "totalCurrentLiabilities": 1415830000, "totalLiab": 1586833000, "commonStock": 52878000, "retainedEarnings": 1318743000, "capitalSurplus": 24925000, "totalStockholderEquity": 1396546000, "netTangibleAssets": 1395527000}, {"maxAge": 1, "endDate": "2019-12-31", "totalStockholderEquity": 1085200000, "netTangibleAssets": 1084700000}, {"maxAge": 1, "endDate": "2019-09-30", "cash": 359800000, "netReceivables": 760500000, "inventory": 980100000, "otherCurrentAssets": 130800000, "totalCurrentAssets": 2231200000, "propertyPlantEquipment": 307800000, "intangibleAssets": 500000, "otherAssets": 52900000, "deferredLongTermAssetCharges": 13100000, "totalAssets": 2592400000, "accountsPayable": 516100000, "otherCurrentLiab": 652900000, "longTermDebt": 220300000, "otherLiab": 41400000, "totalCurrentLiabilities": 1245500000, "totalLiab": 1507200000, "commonStock": 52900000, "treasuryStock": 1032300000, "otherStockholderEquity": 1032300000, "totalStockholderEquity": 1085200000, "netTangibleAssets": 1084700000}], "maxAge": 86400}, "earningsHistory": {"history": [{"maxAge": 1, "epsActual": {}, "epsEstimate": {}, "epsDifference": {}, "surprisePercent": {}, "quarter": {}, "period": "-4q"}, {"maxAge": 1, "epsActual": {}, "epsEstimate": {}, "epsDifference": {}, "surprisePercent": {}, "quarter": {}, "period": "-3q"}, {"maxAge": 1, "epsActual": 23.46, "epsEstimate": 27.58, "epsDifference": -4.12, "surprisePercent": -0.14899999, "quarter": "2017-03-31", "period": "-2q"}, {"maxAge": 1, "epsActual": 24.25, "epsEstimate": 29.4, "epsDifference": -5.15, "surprisePercent": -0.175, "quarter": "2018-03-31", "period": "-1q"}], "maxAge": 86400}, "indexTrend": {"maxAge": 1, "symbol": "SP5", "peRatio": 19.7411, "pegRatio": 1.34172, "estimates": [{"period": "0q", "growth": 0.549}, {"period": "+1q", "growth": 0.431}, {"period": "0y", "growth": 0.305}, {"period": "+1y", "growth": 0.109}, {"period": "+5y", "growth": 0.120859005}, {"period": "-5y"}]}, "industryTrend": {"maxAge": 1, "symbol": null, "estimates": []}, "insiderTransactions": {"transactions": [{"maxAge": 1, "shares": 16438, "filerUrl": "", "transactionText": "", "filerName": "Kotak Emerging Equity Scheme", "filerRelation": "Promoter", "moneyText": "", "startDate": "2020-06-19", "ownership": "D"}, {"maxAge": 1, "shares": 244, "filerUrl": "", "transactionText": "", "filerName": "Mukhi (Jai Mangharam)", "filerRelation": "Director (Non-Executive)", "moneyText": "", "startDate": "2020-05-29", "ownership": "D"}, {"maxAge": 1, "shares": 247, "filerUrl": "", "transactionText": "", "filerName": "Mukhi (Jai Mangharam)", "filerRelation": "Director (Non-Executive)", "moneyText": "", "startDate": "2020-05-28", "ownership": "D"}, {"maxAge": 1, "shares": 749, "filerUrl": "", "transactionText": "", "filerName": "Mukhi (Jai Mangharam)", "filerRelation": "Director (Non-Executive)", "moneyText": "", "startDate": "2020-05-27", "ownership": "D"}, {"maxAge": 1, "shares": 30, "filerUrl": "", "transactionText": "", "filerName": "Mukhi (Jai Mangharam)", "filerRelation": "Director (Non-Executive)", "moneyText": "", "startDate": "2020-05-27", "ownership": "D"}, {"maxAge": 1, "shares": 30, "filerUrl": "", "transactionText": "", "filerName": "Mukhi (Jai Mangharam)", "filerRelation": "Director (Non-Executive)", "moneyText": "", "startDate": "2020-05-26", "ownership": "D"}, {"maxAge": 1, "shares": 500, "filerUrl": "", "transactionText": "", "filerName": "Mukhi (Jai Mangharam)", "filerRelation": "Director (Non-Executive)", "moneyText": "", "startDate": "2020-02-26", "ownership": "D"}, {"maxAge": 1, "shares": 200, "filerUrl": "", "transactionText": "", "filerName": "Mukhi (Jai Mangharam)", "filerRelation": "Director (Non-Executive)", "moneyText": "", "startDate": "2020-02-25", "ownership": "D"}, {"maxAge": 1, "shares": 441, "filerUrl": "", "transactionText": "", "filerName": "Mukhi (Jai Mangharam)", "filerRelation": "Director (Non-Executive)", "moneyText": "", "startDate": "2020-02-13", "ownership": "D"}, {"maxAge": 1, "shares": 200, "filerUrl": "", "transactionText": "", "filerName": "Mukhi (Jai Mangharam)", "filerRelation": "Director (Non-Executive)", "moneyText": "", "startDate": "2020-02-11", "ownership": "D"}, {"maxAge": 1, "shares": 1100, "filerUrl": "", "transactionText": "", "filerName": "Mukhi (Jai Mangharam)", "filerRelation": "Director (Non-Executive)", "moneyText": "", "startDate": "2020-02-07", "ownership": "D"}, {"maxAge": 1, "shares": 842, "filerUrl": "", "transactionText": "", "filerName": "Mukhi (Jai Mangharam)", "filerRelation": "Non-Independent Executive Director", "moneyText": "", "startDate": "2019-11-25", "ownership": "D"}, {"maxAge": 1, "shares": 762, "filerUrl": "", "transactionText": "", "filerName": "Mukhi (Jai Mangharam)", "filerRelation": "Non-Independent Executive Director", "moneyText": "", "startDate": "2019-11-21", "ownership": "D"}], "maxAge": 1}, "quoteType": {"exchange": "BSE", "quoteType": "EQUITY", "symbol": "HAWKINCOOK.BO", "underlyingSymbol": "HAWKINCOOK.BO", "shortName": "HAWKINS COOKERS LTD.", "longName": "Hawkins Cookers Limited", "firstTradeDateEpochUtc": "2000-10-03 09:15:00", "timeZoneFullName": "Asia/Kolkata", "timeZoneShortName": "IST", "uuid": "9aee3d32-0209-3f21-914b-db5424bb9100", "messageBoardId": null, "gmtOffSetMilliseconds": 19800000, "maxAge": 1}, "incomeStatementHistory": {"incomeStatementHistory": [{"maxAge": 1, "endDate": "2020-03-31", "totalRevenue": 6738733000, "costOfRevenue": 2963664000, "grossProfit": 3775069000, "researchDevelopment": {}, "sellingGeneralAdministrative": 1312948000, "nonRecurring": {}, "otherOperatingExpenses": 1423295000, "totalOperatingExpenses": 5747014000, "operatingIncome": 991719000, "totalOtherIncomeExpenseNet": -8178000, "ebit": 991719000, "interestExpense": -39477000, "incomeBeforeTax": 983541000, "incomeTaxExpense": 258650000, "minorityInterest": {}, "netIncomeFromContinuingOps": 724891000, "discontinuedOperations": {}, "extraordinaryItems": {}, "effectOfAccountingCharges": {}, "otherItems": {}, "netIncome": 724891000, "netIncomeApplicableToCommonShares": 724891000}, {"maxAge": 1, "endDate": "2019-03-31", "totalRevenue": 6528412000, "costOfRevenue": 2996543000, "grossProfit": 3531869000, "researchDevelopment": {}, "sellingGeneralAdministrative": 1266617000, "nonRecurring": {}, "otherOperatingExpenses": 1403359000, "totalOperatingExpenses": 5706644000, "operatingIncome": 821768000, "totalOtherIncomeExpenseNet": 1662000, "ebit": 821768000, "interestExpense": -39328000, "incomeBeforeTax": 823430000, "incomeTaxExpense": 281250000, "minorityInterest": {}, "netIncomeFromContinuingOps": 542180000, "discontinuedOperations": {}, "extraordinaryItems": {}, "effectOfAccountingCharges": {}, "otherItems": {}, "netIncome": 542180000, "netIncomeApplicableToCommonShares": 542180000}, {"maxAge": 1, "endDate": "2018-03-31", "totalRevenue": 5525631000, "costOfRevenue": 2673153000, "grossProfit": 2852478000, "researchDevelopment": {}, "sellingGeneralAdministrative": 1033598000, "nonRecurring": {}, "otherOperatingExpenses": 1113654000, "totalOperatingExpenses": 4856960000, "operatingIncome": 668671000, "totalOtherIncomeExpenseNet": 69447000, "ebit": 668671000, "interestExpense": -40830000, "incomeBeforeTax": 738118000, "incomeTaxExpense": 251332000, "minorityInterest": {}, "netIncomeFromContinuingOps": 486786000, "discontinuedOperations": {}, "extraordinaryItems": {}, "effectOfAccountingCharges": {}, "otherItems": {}, "netIncome": 486786000, "netIncomeApplicableToCommonShares": 486786000}, {"maxAge": 1, "endDate": "2017-03-31", "totalRevenue": 5120248000, "costOfRevenue": 2250608000, "grossProfit": 2869640000, "researchDevelopment": {}, "sellingGeneralAdministrative": 1002648000, "nonRecurring": {}, "otherOperatingExpenses": 1124583000, "totalOperatingExpenses": 4412489000, "operatingIncome": 707759000, "totalOtherIncomeExpenseNet": 1950000, "ebit": 707759000, "interestExpense": -42205000, "incomeBeforeTax": 709709000, "incomeTaxExpense": 235490000, "minorityInterest": {}, "netIncomeFromContinuingOps": 474219000, "discontinuedOperations": {}, "extraordinaryItems": {}, "effectOfAccountingCharges": {}, "otherItems": {}, "netIncome": 474219000, "netIncomeApplicableToCommonShares": 474219000}], "maxAge": 86400}, "fundOwnership": {"maxAge": 1, "ownershipList": []}, "summaryDetail": {"maxAge": 1, "priceHint": 2, "previousClose": 5429.4, "open": 5340.0, "dayLow": 5340.0, "dayHigh": 5450.0, "regularMarketPreviousClose": 5429.4, "regularMarketOpen": 5340.0, "regularMarketDayLow": 5340.0, "regularMarketDayHigh": 5450.0, "trailingPE": 43.96671, "forwardPE": 50.62325, "volume": 580, "regularMarketVolume": 580, "averageVolume": 3391, "averageVolume10days": 2369, "averageDailyVolume10Day": 2369, "bid": 5425.0, "ask": 5443.0, "bidSize": 0, "askSize": 0, "marketCap": 28690653184, "fiftyTwoWeekLow": 3111.0, "fiftyTwoWeekHigh": 6200.95, "fiftyDayAverage": 5739.4287, "twoHundredDayAverage": 5264.438, "trailingAnnualDividendRate": 80.0, "trailingAnnualDividendYield": 0.014734593, "currency": "INR", "fromCurrency": null, "toCurrency": null, "lastMarket": null, "algorithm": null, "tradeable": false}, "sectorTrend": {"maxAge": 1, "symbol": null, "estimates": []}, "incomeStatementHistoryQuarterly": {"incomeStatementHistory": [{"maxAge": 1, "endDate": "2020-06-30", "totalRevenue": 1008000000, "costOfRevenue": 607300000, "grossProfit": 400700000, "researchDevelopment": {}, "sellingGeneralAdministrative": 168700000, "nonRecurring": {}, "otherOperatingExpenses": 132200000, "totalOperatingExpenses": 920600000, "operatingIncome": 87400000, "totalOtherIncomeExpenseNet": -5500000, "ebit": 87400000, "interestExpense": -13700000, "incomeBeforeTax": 81900000, "incomeTaxExpense": 17400000, "minorityInterest": {}, "netIncomeFromContinuingOps": 64500000, "discontinuedOperations": {}, "extraordinaryItems": {}, "effectOfAccountingCharges": {}, "otherItems": {}, "netIncome": 64500000, "netIncomeApplicableToCommonShares": 64500000}, {"maxAge": 1, "endDate": "2020-03-31", "totalRevenue": 1459633000, "costOfRevenue": 640264000, "grossProfit": 819369000, "researchDevelopment": {}, "sellingGeneralAdministrative": 600748000, "nonRecurring": {}, "otherOperatingExpenses": 73095000, "totalOperatingExpenses": 1327314000, "operatingIncome": 132319000, "totalOtherIncomeExpenseNet": -2578000, "ebit": 132319000, "interestExpense": -9677000, "incomeBeforeTax": 129741000, "incomeTaxExpense": 36050000, "minorityInterest": {}, "netIncomeFromContinuingOps": 93691000, "discontinuedOperations": {}, "extraordinaryItems": {}, "effectOfAccountingCharges": {}, "otherItems": {}, "netIncome": 93691000, "netIncomeApplicableToCommonShares": 93691000}, {"maxAge": 1, "endDate": "2019-12-31", "totalRevenue": 1932500000, "costOfRevenue": 793400000, "grossProfit": 1139100000, "researchDevelopment": {}, "sellingGeneralAdministrative": 245700000, "nonRecurring": {}, "otherOperatingExpenses": 578900000, "totalOperatingExpenses": 1629900000, "operatingIncome": 302600000, "totalOtherIncomeExpenseNet": 500000, "ebit": 302600000, "interestExpense": -9000000, "incomeBeforeTax": 303100000, "incomeTaxExpense": 78200000, "minorityInterest": {}, "netIncomeFromContinuingOps": 224900000, "discontinuedOperations": {}, "extraordinaryItems": {}, "effectOfAccountingCharges": {}, "otherItems": {}, "netIncome": 224900000, "netIncomeApplicableToCommonShares": 224900000}, {"maxAge": 1, "endDate": "2019-09-30", "totalRevenue": 1925600000, "costOfRevenue": 884600000, "grossProfit": 1041000000, "researchDevelopment": {}, "sellingGeneralAdministrative": 248900000, "nonRecurring": {}, "otherOperatingExpenses": 434400000, "totalOperatingExpenses": 1579100000, "operatingIncome": 346500000, "totalOtherIncomeExpenseNet": -4400000, "ebit": 346500000, "interestExpense": -11600000, "incomeBeforeTax": 342100000, "incomeTaxExpense": 72500000, "minorityInterest": {}, "netIncomeFromContinuingOps": 269600000, "discontinuedOperations": {}, "extraordinaryItems": {}, "effectOfAccountingCharges": {}, "otherItems": {}, "netIncome": 269600000, "netIncomeApplicableToCommonShares": 269600000}], "maxAge": 86400}, "cashflowStatementHistoryQuarterly": {"cashflowStatements": [{"maxAge": 1, "endDate": "2020-06-30", "netIncome": 64500000, "changeToLiabilities": 0}, {"maxAge": 1, "endDate": "2020-03-31", "netIncome": 93691000, "changeToLiabilities": 0}, {"maxAge": 1, "endDate": "2019-12-31", "netIncome": 224900000, "changeToLiabilities": 0}, {"maxAge": 1, "endDate": "2019-09-30", "netIncome": 269600000, "changeToLiabilities": 0}], "maxAge": 86400}, "insiderHolders": {"holders": [{"maxAge": 1, "name": "Kotak Emerging Equity Scheme", "relation": "Promoter", "url": "", "transactionDescription": "Acquisition", "latestTransDate": "2020-06-19", "positionDirect": 279981, "positionDirectDate": "2020-06-19"}, {"maxAge": 1, "name": "Mukhi (Jai Mangharam)", "relation": "Director (Non-Executive)", "url": "", "transactionDescription": "Sale", "latestTransDate": "2020-05-29", "positionDirect": 0, "positionDirectDate": "2020-05-29"}], "maxAge": 1}, "earnings": {"maxAge": 86400, "earningsChart": {"quarterly": [{"date": "1Q2017", "actual": 23.46, "estimate": 27.58}, {"date": "1Q2018", "actual": 24.25, "estimate": 29.4}], "currentQuarterEstimateDate": "2Q", "currentQuarterEstimateYear": 2018, "earningsDate": []}, "financialsChart": {"yearly": [{"date": 2017, "revenue": 5120248000, "earnings": 474219000}, {"date": 2018, "revenue": 5525631000, "earnings": 486786000}, {"date": 2019, "revenue": 6528412000, "earnings": 542180000}, {"date": 2020, "revenue": 6738733000, "earnings": 724891000}], "quarterly": [{"date": "3Q2019", "revenue": 1925600000, "earnings": 269600000}, {"date": "4Q2019", "revenue": 1932500000, "earnings": 224900000}, {"date": "1Q2020", "revenue": 1459633000, "earnings": 93691000}, {"date": "2Q2020", "revenue": 1008000000, "earnings": 64500000}]}, "financialCurrency": "INR"}, "calendarEvents": {"maxAge": 1, "earnings": {"earningsDate": [], "revenueAverage": 1220800000}}, "price": {"maxAge": 1, "regularMarketChangePercent": -0.0006630747, "regularMarketChange": -3.6000977, "regularMarketTime": "2021-04-30 15:29:16", "priceHint": 2, "regularMarketPrice": 5425.8, "regularMarketDayHigh": 5450.0, "regularMarketDayLow": 5340.0, "regularMarketVolume": 580, "averageDailyVolume10Day": 2369, "averageDailyVolume3Month": 3391, "regularMarketPreviousClose": 5429.4, "regularMarketSource": "FREE_REALTIME", "regularMarketOpen": 5340.0, "exchange": "BSE", "exchangeName": "BSE", "exchangeDataDelayedBy": 0, "marketState": "CLOSED", "quoteType": "EQUITY", "symbol": "HAWKINCOOK.BO", "underlyingSymbol": null, "shortName": "HAWKINS COOKERS LTD.", "longName": "Hawkins Cookers Limited", "currency": "INR", "quoteSourceName": "Delayed Quote", "currencySymbol": "\u20b9", "fromCurrency": null, "toCurrency": null, "lastMarket": null, "marketCap": 28690653184}, "balanceSheetHistory": {"balanceSheetStatements": [{"maxAge": 1, "endDate": "2020-03-31", "cash": 19595000, "shortTermInvestments": 406117000, "netReceivables": 700776000, "inventory": 1330127000, "otherCurrentAssets": 109835000, "totalCurrentAssets": 2567403000, "longTermInvestments": 25000, "propertyPlantEquipment": 341867000, "intangibleAssets": 1019000, "otherAssets": 73065000, "deferredLongTermAssetCharges": 13129000, "totalAssets": 2983379000, "accountsPayable": 493086000, "shortLongTermDebt": 115707000, "otherCurrentLiab": 292903000, "longTermDebt": 131239000, "otherLiab": 39764000, "totalCurrentLiabilities": 1415830000, "totalLiab": 1586833000, "commonStock": 52878000, "retainedEarnings": 1318743000, "capitalSurplus": 24925000, "totalStockholderEquity": 1396546000, "netTangibleAssets": 1395527000}, {"maxAge": 1, "endDate": "2019-03-31", "cash": 6100000, "shortTermInvestments": 294318000, "netReceivables": 920071000, "inventory": 1000636000, "otherCurrentAssets": 103308000, "totalCurrentAssets": 2327961000, "longTermInvestments": 25000, "propertyPlantEquipment": 282066000, "intangibleAssets": 647000, "otherAssets": 61744000, "deferredLongTermAssetCharges": 16775000, "totalAssets": 2672443000, "accountsPayable": 527657000, "shortLongTermDebt": 24650000, "otherCurrentLiab": 282245000, "longTermDebt": 213441000, "otherLiab": 40023000, "totalCurrentLiabilities": 1232831000, "totalLiab": 1486295000, "commonStock": 52878000, "retainedEarnings": 1108345000, "treasuryStock": 1133200000, "capitalSurplus": 24925000, "otherStockholderEquity": 1133200000, "totalStockholderEquity": 1186148000, "netTangibleAssets": 1185501000}, {"maxAge": 1, "endDate": "2018-03-31", "cash": 80312000, "shortTermInvestments": 719805000, "netReceivables": 555697000, "inventory": 669248000, "otherCurrentAssets": 123064000, "totalCurrentAssets": 2154060000, "longTermInvestments": 25000, "propertyPlantEquipment": 242125000, "otherAssets": 59018000, "deferredLongTermAssetCharges": 14208000, "totalAssets": 2455228000, "accountsPayable": 521281000, "shortLongTermDebt": 70241000, "otherCurrentLiab": 257203000, "longTermDebt": 138242000, "otherLiab": 43228000, "totalCurrentLiabilities": 1175552000, "totalLiab": 1357022000, "commonStock": 52878000, "retainedEarnings": 1020403000, "capitalSurplus": 24925000, "totalStockholderEquity": 1098206000, "netTangibleAssets": 1098206000}, {"maxAge": 1, "endDate": "2017-03-31", "cash": 38911000, "shortTermInvestments": 565205000, "netReceivables": 507663000, "inventory": 827541000, "otherCurrentAssets": 88987000, "totalCurrentAssets": 2035927000, "longTermInvestments": 25000, "propertyPlantEquipment": 230052000, "otherAssets": 88483000, "deferredLongTermAssetCharges": 13818000, "totalAssets": 2354487000, "accountsPayable": 392670000, "shortLongTermDebt": 122220000, "otherCurrentLiab": 234552000, "longTermDebt": 88741000, "otherLiab": 41069000, "totalCurrentLiabilities": 1157910000, "totalLiab": 1287720000, "commonStock": 52878000, "retainedEarnings": 988963000, "treasuryStock": 1000, "capitalSurplus": 24925000, "otherStockholderEquity": 1000, "totalStockholderEquity": 1066767000, "netTangibleAssets": 1066767000}], "maxAge": 86400}, "earningsTrend": {"trend": [{"maxAge": 1, "period": "0q", "endDate": "2018-06-30", "growth": {}, "earningsEstimate": {"avg": 0.0, "low": 0.0, "high": 0.0, "yearAgoEps": {}, "numberOfAnalysts": 0, "growth": {}}, "revenueEstimate": {"avg": 1220800000, "low": 0, "high": 0, "numberOfAnalysts": 0, "yearAgoRevenue": 869900000, "growth": 0.403}, "epsTrend": {"current": 0.0, "7daysAgo": 0.0, "30daysAgo": 0.0, "60daysAgo": 0.0, "90daysAgo": 0.0}, "epsRevisions": {"upLast7days": 0, "upLast30days": 0, "downLast30days": 0, "downLast90days": {}}}, {"maxAge": 1, "period": "+1q", "endDate": "2018-09-30", "growth": {}, "earningsEstimate": {"avg": 0.0, "low": 0.0, "high": 0.0, "yearAgoEps": {}, "numberOfAnalysts": 0, "growth": {}}, "revenueEstimate": {"avg": 1738300000, "low": 0, "high": 0, "numberOfAnalysts": 0, "yearAgoRevenue": 1691100000, "growth": 0.027999999}, "epsTrend": {"current": 0.0, "7daysAgo": 0.0, "30daysAgo": 0.0, "60daysAgo": 0.0, "90daysAgo": 0.0}, "epsRevisions": {"upLast7days": 0, "upLast30days": 0, "downLast30days": 0, "downLast90days": {}}}, {"maxAge": 1, "period": "0y", "endDate": "2019-03-31", "growth": {}, "earningsEstimate": {"avg": 0.0, "low": 0.0, "high": 0.0, "yearAgoEps": {}, "numberOfAnalysts": 0, "growth": {}}, "revenueEstimate": {"avg": 6374490000, "low": 6374490000, "high": 6374490000, "numberOfAnalysts": 1, "yearAgoRevenue": 5525600000, "growth": 0.154}, "epsTrend": {"current": 0.0, "7daysAgo": 107.18, "30daysAgo": 107.18, "60daysAgo": 107.18, "90daysAgo": 107.18}, "epsRevisions": {"upLast7days": 0, "upLast30days": 0, "downLast30days": 0, "downLast90days": {}}}, {"maxAge": 1, "period": "+1y", "endDate": "2020-03-31", "growth": {}, "earningsEstimate": {"avg": 0.0, "low": 0.0, "high": 0.0, "yearAgoEps": {}, "numberOfAnalysts": 0, "growth": {}}, "revenueEstimate": {"avg": 0, "low": 0, "high": 0, "numberOfAnalysts": 0, "yearAgoRevenue": 6374490000, "growth": {}}, "epsTrend": {"current": 0.0, "7daysAgo": 0.0, "30daysAgo": 0.0, "60daysAgo": 0.0, "90daysAgo": 0.0}, "epsRevisions": {"upLast7days": 0, "upLast30days": 0, "downLast30days": 0, "downLast90days": {}}}, {"maxAge": 1, "period": "+5y", "endDate": null, "growth": {}, "earningsEstimate": {"avg": {}, "low": {}, "high": {}, "yearAgoEps": {}, "numberOfAnalysts": {}, "growth": {}}, "revenueEstimate": {"avg": {}, "low": {}, "high": {}, "numberOfAnalysts": {}, "yearAgoRevenue": {}, "growth": {}}, "epsTrend": {"current": {}, "7daysAgo": {}, "30daysAgo": {}, "60daysAgo": {}, "90daysAgo": {}}, "epsRevisions": {"upLast7days": {}, "upLast30days": {}, "downLast30days": {}, "downLast90days": {}}}, {"maxAge": 1, "period": "-5y", "endDate": null, "growth": {}, "earningsEstimate": {"avg": {}, "low": {}, "high": {}, "yearAgoEps": {}, "numberOfAnalysts": {}, "growth": {}}, "revenueEstimate": {"avg": {}, "low": {}, "high": {}, "numberOfAnalysts": {}, "yearAgoRevenue": {}, "growth": {}}, "epsTrend": {"current": {}, "7daysAgo": {}, "30daysAgo": {}, "60daysAgo": {}, "90daysAgo": {}}, "epsRevisions": {"upLast7days": {}, "upLast30days": {}, "downLast30days": {}, "downLast90days": {}}}], "maxAge": 1}, "financialData": {"maxAge": 86400, "currentPrice": 5425.8, "targetHighPrice": 2957.0, "targetLowPrice": 2957.0, "targetMeanPrice": 2957.0, "targetMedianPrice": 2957.0, "recommendationKey": "none", "numberOfAnalystOpinions": 1, "grossProfits": 3775069000, "financialCurrency": "INR"}}}