{"HBESD.BO": {"recommendationTrend": {"trend": [{"period": "0m", "strongBuy": 0, "buy": 0, "hold": 0, "sell": 0, "strongSell": 0}, {"period": "-1m", "strongBuy": 0, "buy": 0, "hold": 0, "sell": 0, "strongSell": 0}, {"period": "-2m", "strongBuy": 0, "buy": 0, "hold": 0, "sell": 0, "strongSell": 0}, {"period": "-3m", "strongBuy": 0, "buy": 0, "hold": 0, "sell": 0, "strongSell": 0}], "maxAge": 86400}, "cashflowStatementHistory": {"cashflowStatements": [{"maxAge": 1, "endDate": "2020-03-31", "netIncome": -87978232, "depreciation": 139603620, "changeToNetincome": 209857605, "changeToAccountReceivables": 10406499, "changeToLiabilities": 20943507, "changeToInventory": -9809178, "changeToOperatingActivities": -8458091, "totalCashFromOperatingActivities": 286104131, "capitalExpenditures": -23514287, "investments": 119000000, "otherCashflowsFromInvestingActivities": 3616880, "totalCashflowsFromInvestingActivities": 99250898, "netBorrowings": -201000801, "otherCashflowsFromFinancingActivities": -216977244, "totalCashFromFinancingActivities": -417978045, "changeInCash": -32623017}, {"maxAge": 1, "endDate": "2019-03-31", "netIncome": -104292993, "depreciation": 140591384, "changeToNetincome": 243278387, "changeToAccountReceivables": -1778482, "changeToLiabilities": -30800375, "changeToInventory": 33956188, "changeToOperatingActivities": 38742997, "totalCashFromOperatingActivities": 335030203, "capitalExpenditures": -9713007, "investments": 70000000, "otherCashflowsFromInvestingActivities": 3981434, "totalCashflowsFromInvestingActivities": 64395546, "netBorrowings": -163068621, "otherCashflowsFromFinancingActivities": -215849731, "totalCashFromFinancingActivities": -378918352, "changeInCash": 20507397}, {"maxAge": 1, "endDate": "2018-03-31", "netIncome": -163062059, "depreciation": 140492935, "changeToNetincome": 218405842, "changeToAccountReceivables": -2653721, "changeToLiabilities": 12777524, "changeToInventory": -5462629, "changeToOperatingActivities": 84990140, "totalCashFromOperatingActivities": 288564888, "capitalExpenditures": -6276320, "investments": 70000000, "otherCashflowsFromInvestingActivities": 7058660, "totalCashflowsFromInvestingActivities": 2885448, "netBorrowings": -63126826, "otherCashflowsFromFinancingActivities": -225205262, "totalCashFromFinancingActivities": -288332088, "changeInCash": 3118248}, {"maxAge": 1, "endDate": "2017-03-31", "netIncome": -200386915, "depreciation": 140556469, "changeToNetincome": 216871239, "changeToAccountReceivables": 24958433, "changeToLiabilities": -183352509, "changeToInventory": 22209754, "changeToOperatingActivities": -6493265, "totalCashFromOperatingActivities": 17972900, "capitalExpenditures": -17279428, "investments": 1273093, "otherCashflowsFromInvestingActivities": 4482549, "totalCashflowsFromInvestingActivities": -11523786, "netBorrowings": 254808130, "otherCashflowsFromFinancingActivities": -246869046, "totalCashFromFinancingActivities": 7939084, "changeInCash": 14388198}], "maxAge": 86400}, "institutionOwnership": {"maxAge": 1, "ownershipList": []}, "balanceSheetHistoryQuarterly": {"balanceSheetStatements": [{"maxAge": 1, "endDate": "2020-06-30", "totalStockholderEquity": 2058487988, "netTangibleAssets": 2057542708}, {"maxAge": 1, "endDate": "2020-03-31", "cash": 57725541, "netReceivables": 99716221, "inventory": 148338935, "otherCurrentAssets": 61139676, "totalCurrentAssets": 366920373, "longTermInvestments": 19634953, "propertyPlantEquipment": 4353928123, "intangibleAssets": 945280, "otherAssets": 452555358, "deferredLongTermAssetCharges": 434631515, "totalAssets": 5193984087, "accountsPayable": 147758937, "shortLongTermDebt": 26206479, "otherCurrentLiab": 78752063, "longTermDebt": 2566065565, "otherLiab": 29142320, "totalCurrentLiabilities": 540288214, "totalLiab": 3135496099, "commonStock": 194599470, "retainedEarnings": 110715101, "treasuryStock": 1197431301, "capitalSurplus": 555742116, "otherStockholderEquity": 1197431301, "totalStockholderEquity": 2058487988, "netTangibleAssets": 2057542708}, {"maxAge": 1, "endDate": "2019-12-31", "totalStockholderEquity": 2100594000, "netTangibleAssets": 2099241000}, {"maxAge": 1, "endDate": "2019-09-30", "cash": 77678000, "shortTermInvestments": 217000, "netReceivables": 95166000, "inventory": 141021000, "otherCurrentAssets": 65926000, "totalCurrentAssets": 379791000, "longTermInvestments": 43159000, "propertyPlantEquipment": 4415670000, "intangibleAssets": 1353000, "otherAssets": 428267000, "deferredLongTermAssetCharges": 424928000, "totalAssets": 5268240000, "accountsPayable": 113964000, "otherCurrentLiab": 245823000, "longTermDebt": 2546328000, "otherLiab": 97168000, "totalCurrentLiabilities": 524150000, "totalLiab": 3167646000, "commonStock": 197337000, "treasuryStock": 1903257000, "otherStockholderEquity": 1903257000, "totalStockholderEquity": 2100594000, "netTangibleAssets": 2099241000}], "maxAge": 86400}, "earningsHistory": {"history": [{"maxAge": 1, "epsActual": {}, "epsEstimate": {}, "epsDifference": {}, "surprisePercent": {}, "quarter": {}, "period": "-4q"}, {"maxAge": 1, "epsActual": {}, "epsEstimate": {}, "epsDifference": {}, "surprisePercent": {}, "quarter": {}, "period": "-3q"}, {"maxAge": 1, "epsActual": {}, "epsEstimate": {}, "epsDifference": {}, "surprisePercent": {}, "quarter": {}, "period": "-2q"}, {"maxAge": 1, "epsActual": {}, "epsEstimate": {}, "epsDifference": {}, "surprisePercent": {}, "quarter": {}, "period": "-1q"}], "maxAge": 86400}, "indexTrend": {"maxAge": 1, "symbol": "SP5", "peRatio": 19.7411, "pegRatio": 1.34172, "estimates": [{"period": "0q", "growth": 0.549}, {"period": "+1q", "growth": 0.431}, {"period": "0y", "growth": 0.305}, {"period": "+1y", "growth": 0.109}, {"period": "+5y", "growth": 0.120859005}, {"period": "-5y"}]}, "industryTrend": {"maxAge": 1, "symbol": null, "estimates": []}, "quoteType": {"exchange": "BSE", "quoteType": "EQUITY", "symbol": "HBESD.BO", "underlyingSymbol": "HBESD.BO", "shortName": "HB ESTATE DEVELOPERS LTD.", "longName": "HB Estate Developers Limited", "firstTradeDateEpochUtc": "2000-08-16 09:15:00", "timeZoneFullName": "Asia/Kolkata", "timeZoneShortName": "IST", "uuid": "87f6a2d2-82c2-3143-85b2-91a688e1955a", "messageBoardId": null, "gmtOffSetMilliseconds": 19800000, "maxAge": 1}, "incomeStatementHistory": {"incomeStatementHistory": [{"maxAge": 1, "endDate": "2020-03-31", "totalRevenue": 822986657, "costOfRevenue": 320520841, "grossProfit": 502465816, "researchDevelopment": {}, "sellingGeneralAdministrative": 4603577, "nonRecurring": {}, "otherOperatingExpenses": 226471947, "totalOperatingExpenses": 692070403, "operatingIncome": 130916254, "totalOtherIncomeExpenseNet": -246060397, "ebit": 130916254, "interestExpense": -239242936, "incomeBeforeTax": -115144143, "incomeTaxExpense": -27165911, "minorityInterest": {}, "netIncomeFromContinuingOps": -87978232, "discontinuedOperations": {}, "extraordinaryItems": {}, "effectOfAccountingCharges": {}, "otherItems": {}, "netIncome": -87978232, "netIncomeApplicableToCommonShares": -87978232}, {"maxAge": 1, "endDate": "2019-03-31", "totalRevenue": 896408876, "costOfRevenue": 352598878, "grossProfit": 543809998, "researchDevelopment": {}, "sellingGeneralAdministrative": 4383944, "nonRecurring": {}, "otherOperatingExpenses": 248348434, "totalOperatingExpenses": 747060118, "operatingIncome": 149348758, "totalOtherIncomeExpenseNet": -270409198, "ebit": 149348758, "interestExpense": -262834275, "incomeBeforeTax": -121060440, "incomeTaxExpense": -16767447, "minorityInterest": {}, "netIncomeFromContinuingOps": -104292993, "discontinuedOperations": {}, "extraordinaryItems": {}, "effectOfAccountingCharges": {}, "otherItems": {}, "netIncome": -104292993, "netIncomeApplicableToCommonShares": -104292993}, {"maxAge": 1, "endDate": "2018-03-31", "totalRevenue": 842321923, "costOfRevenue": 321304172, "grossProfit": 521017751, "researchDevelopment": {}, "sellingGeneralAdministrative": 6106445, "nonRecurring": {}, "otherOperatingExpenses": 297084434, "totalOperatingExpenses": 768064842, "operatingIncome": 74257081, "totalOtherIncomeExpenseNet": -262407459, "ebit": 74257081, "interestExpense": -256587595, "incomeBeforeTax": -188150378, "incomeTaxExpense": -25088319, "minorityInterest": {}, "netIncomeFromContinuingOps": -163062059, "discontinuedOperations": {}, "extraordinaryItems": {}, "effectOfAccountingCharges": {}, "otherItems": {}, "netIncome": -163062059, "netIncomeApplicableToCommonShares": -163062059}, {"maxAge": 1, "endDate": "2017-03-31", "totalRevenue": 738925764, "costOfRevenue": 298207371, "grossProfit": 440718393, "researchDevelopment": {}, "sellingGeneralAdministrative": 6746787, "nonRecurring": {}, "otherOperatingExpenses": 256352322, "totalOperatingExpenses": 705472643, "operatingIncome": 33453121, "totalOtherIncomeExpenseNet": -303453818, "ebit": 33453121, "interestExpense": -288234040, "incomeBeforeTax": -270000697, "incomeTaxExpense": -69613782, "minorityInterest": {}, "netIncomeFromContinuingOps": -200386915, "discontinuedOperations": {}, "extraordinaryItems": {}, "effectOfAccountingCharges": {}, "otherItems": {}, "netIncome": -200386915, "netIncomeApplicableToCommonShares": -200386915}], "maxAge": 86400}, "fundOwnership": {"maxAge": 1, "ownershipList": []}, "summaryDetail": {"maxAge": 1, "priceHint": 2, "previousClose": 9.42, "open": 9.02, "dayLow": 9.02, "dayHigh": 9.87, "regularMarketPreviousClose": 9.42, "regularMarketOpen": 9.02, "regularMarketDayLow": 9.02, "regularMarketDayHigh": 9.87, "volume": 1465, "regularMarketVolume": 1465, "averageVolume": 3284, "averageVolume10days": 2476, "averageDailyVolume10Day": 2476, "bid": 9.1, "ask": 9.82, "bidSize": 0, "askSize": 0, "marketCap": 177085104, "fiftyTwoWeekLow": 5.0, "fiftyTwoWeekHigh": 12.59, "fiftyDayAverage": 10.79, "twoHundredDayAverage": 9.262116, "currency": "INR", "fromCurrency": null, "toCurrency": null, "lastMarket": null, "algorithm": null, "tradeable": false}, "sectorTrend": {"maxAge": 1, "symbol": null, "estimates": []}, "incomeStatementHistoryQuarterly": {"incomeStatementHistory": [{"maxAge": 1, "endDate": "2020-06-30", "totalRevenue": 13373000, "costOfRevenue": 32966000, "grossProfit": -19593000, "researchDevelopment": {}, "sellingGeneralAdministrative": {}, "nonRecurring": {}, "otherOperatingExpenses": 19126000, "totalOperatingExpenses": 87159000, "operatingIncome": -73786000, "totalOtherIncomeExpenseNet": -52725000, "ebit": -73786000, "interestExpense": -57389000, "incomeBeforeTax": -126511000, "incomeTaxExpense": -31335000, "minorityInterest": {}, "netIncomeFromContinuingOps": -95176000, "discontinuedOperations": {}, "extraordinaryItems": {}, "effectOfAccountingCharges": {}, "otherItems": {}, "netIncome": -95176000, "netIncomeApplicableToCommonShares": -95176000}, {"maxAge": 1, "endDate": "2020-03-31", "totalRevenue": 176585657, "costOfRevenue": 112459841, "grossProfit": 64125816, "researchDevelopment": {}, "sellingGeneralAdministrative": 4603577, "nonRecurring": {}, "otherOperatingExpenses": 5569947, "totalOperatingExpenses": 157922403, "operatingIncome": 18663254, "totalOtherIncomeExpenseNet": -66149397, "ebit": 18663254, "interestExpense": -47520936, "incomeBeforeTax": -47486143, "incomeTaxExpense": -12003911, "minorityInterest": {}, "netIncomeFromContinuingOps": -35482232, "discontinuedOperations": {}, "extraordinaryItems": {}, "effectOfAccountingCharges": {}, "otherItems": {}, "netIncome": -35482232, "netIncomeApplicableToCommonShares": -35482232}, {"maxAge": 1, "endDate": "2019-12-31", "totalRevenue": 233507000, "costOfRevenue": 73521000, "grossProfit": 159986000, "researchDevelopment": {}, "sellingGeneralAdministrative": 4603577, "nonRecurring": {}, "otherOperatingExpenses": 65305000, "totalOperatingExpenses": 174025000, "operatingIncome": 59482000, "totalOtherIncomeExpenseNet": -56274000, "ebit": 59482000, "interestExpense": -63648000, "incomeBeforeTax": 3208000, "incomeTaxExpense": 2593000, "minorityInterest": {}, "netIncomeFromContinuingOps": 615000, "discontinuedOperations": {}, "extraordinaryItems": {}, "effectOfAccountingCharges": {}, "otherItems": {}, "netIncome": 615000, "netIncomeApplicableToCommonShares": 615000}, {"maxAge": 1, "endDate": "2019-09-30", "totalRevenue": 220929000, "costOfRevenue": 68954000, "grossProfit": 151975000, "researchDevelopment": {}, "sellingGeneralAdministrative": 4603577, "nonRecurring": {}, "otherOperatingExpenses": 79017000, "totalOperatingExpenses": 183171000, "operatingIncome": 37758000, "totalOtherIncomeExpenseNet": -62035000, "ebit": 37758000, "interestExpense": -63240000, "incomeBeforeTax": -24277000, "incomeTaxExpense": -6523000, "minorityInterest": {}, "netIncomeFromContinuingOps": -17754000, "discontinuedOperations": {}, "extraordinaryItems": {}, "effectOfAccountingCharges": {}, "otherItems": {}, "netIncome": -17754000, "netIncomeApplicableToCommonShares": -17754000}], "maxAge": 86400}, "cashflowStatementHistoryQuarterly": {"cashflowStatements": [{"maxAge": 1, "endDate": "2020-06-30", "netIncome": -95176000, "changeToLiabilities": 0}, {"maxAge": 1, "endDate": "2020-03-31", "netIncome": -35482232, "changeToLiabilities": 0}, {"maxAge": 1, "endDate": "2019-12-31", "netIncome": 615000, "changeToLiabilities": 0}, {"maxAge": 1, "endDate": "2019-09-30", "netIncome": -17754000, "changeToLiabilities": 0}], "maxAge": 86400}, "insiderHolders": {"holders": [], "maxAge": 1}, "earnings": {"maxAge": 86400, "earningsChart": {"quarterly": [], "earningsDate": ["2020-09-11 05:30:S"]}, "financialsChart": {"yearly": [{"date": 2017, "revenue": 738925764, "earnings": -200386915}, {"date": 2018, "revenue": 842321923, "earnings": -163062059}, {"date": 2019, "revenue": 896408876, "earnings": -104292993}, {"date": 2020, "revenue": 822986657, "earnings": -87978232}], "quarterly": [{"date": "3Q2019", "revenue": 220929000, "earnings": -17754000}, {"date": "4Q2019", "revenue": 233507000, "earnings": 615000}, {"date": "1Q2020", "revenue": 176585657, "earnings": -35482232}, {"date": "2Q2020", "revenue": 13373000, "earnings": -95176000}]}, "financialCurrency": "INR"}, "calendarEvents": {"maxAge": 1, "earnings": {"earningsDate": ["2020-09-11 05:30:S"]}}, "price": {"maxAge": 1, "regularMarketChangePercent": -0.033970244, "regularMarketChange": -0.3199997, "regularMarketTime": "2021-04-30 15:12:30", "priceHint": 2, "regularMarketPrice": 9.1, "regularMarketDayHigh": 9.87, "regularMarketDayLow": 9.02, "regularMarketVolume": 1465, "averageDailyVolume10Day": 2476, "averageDailyVolume3Month": 3284, "regularMarketPreviousClose": 9.42, "regularMarketSource": "FREE_REALTIME", "regularMarketOpen": 9.02, "exchange": "BSE", "exchangeName": "BSE", "exchangeDataDelayedBy": 0, "marketState": "CLOSED", "quoteType": "EQUITY", "symbol": "HBESD.BO", "underlyingSymbol": null, "shortName": "HB ESTATE DEVELOPERS LTD.", "longName": "HB Estate Developers Limited", "currency": "INR", "quoteSourceName": "Delayed Quote", "currencySymbol": "\u20b9", "fromCurrency": null, "toCurrency": null, "lastMarket": null, "marketCap": 177085104}, "balanceSheetHistory": {"balanceSheetStatements": [{"maxAge": 1, "endDate": "2020-03-31", "cash": 57725541, "netReceivables": 99716221, "inventory": 148338935, "otherCurrentAssets": 61139676, "totalCurrentAssets": 366920373, "longTermInvestments": 19634953, "propertyPlantEquipment": 4353928123, "intangibleAssets": 945280, "otherAssets": 452555358, "deferredLongTermAssetCharges": 434631515, "totalAssets": 5193984087, "accountsPayable": 147758937, "shortLongTermDebt": 26206479, "otherCurrentLiab": 78752063, "longTermDebt": 2566065565, "otherLiab": 29142320, "totalCurrentLiabilities": 540288214, "totalLiab": 3135496099, "commonStock": 194599470, "retainedEarnings": 110715101, "treasuryStock": 1197431301, "capitalSurplus": 555742116, "otherStockholderEquity": 1197431301, "totalStockholderEquity": 2058487988, "netTangibleAssets": 2057542708}, {"maxAge": 1, "endDate": "2019-03-31", "cash": 90348558, "netReceivables": 103034480, "inventory": 138529757, "otherCurrentAssets": 51273146, "totalCurrentAssets": 383185941, "longTermInvestments": 140931862, "propertyPlantEquipment": 4473450468, "intangibleAssets": 1815698, "otherAssets": 431786114, "deferredLongTermAssetCharges": 407095134, "totalAssets": 5431170083, "accountsPayable": 121736566, "shortLongTermDebt": 40700000, "otherCurrentLiab": 8794628, "longTermDebt": 2683870834, "otherLiab": 95255949, "totalCurrentLiabilities": 454167972, "totalLiab": 3233294755, "commonStock": 194599470, "retainedEarnings": 175618110, "treasuryStock": 1271915632, "capitalSurplus": 555742116, "otherStockholderEquity": 1271915632, "totalStockholderEquity": 2197875328, "netTangibleAssets": 2196059630}, {"maxAge": 1, "endDate": "2018-03-31", "cash": 69841161, "netReceivables": 122098644, "inventory": 172485945, "otherCurrentAssets": 86287865, "totalCurrentAssets": 450713615, "longTermInvestments": 215269435, "propertyPlantEquipment": 4604797453, "intangibleAssets": 2953177, "otherAssets": 398484789, "deferredLongTermAssetCharges": 388024876, "totalAssets": 5672218469, "accountsPayable": 153113562, "shortLongTermDebt": 14976040, "otherCurrentLiab": 30879055, "longTermDebt": 2705928949, "otherLiab": 95224300, "totalCurrentLiabilities": 489991394, "totalLiab": 3291144643, "commonStock": 194599470, "retainedEarnings": 234011721, "treasuryStock": 1396720519, "capitalSurplus": 555742116, "otherStockholderEquity": 1396720519, "totalStockholderEquity": 2381073826, "netTangibleAssets": 2378120649}, {"maxAge": 1, "endDate": "2017-03-31", "cash": 66722913, "netReceivables": 156710956, "inventory": 167023317, "otherCurrentAssets": 98568566, "totalCurrentAssets": 489025752, "longTermInvestments": 214593485, "propertyPlantEquipment": 4740768335, "intangibleAssets": 6623024, "otherAssets": 403496867, "deferredLongTermAssetCharges": 363196522, "totalAssets": 5854507463, "accountsPayable": 179736076, "shortLongTermDebt": 2572000, "otherCurrentLiab": 16137804, "longTermDebt": 2821066924, "otherLiab": 98965352, "totalCurrentLiabilities": 398724061, "totalLiab": 3318756337, "retainedEarnings": 397073781, "treasuryStock": 1582935229, "capitalSurplus": 555742116, "otherStockholderEquity": 1582935229, "totalStockholderEquity": 2535751126, "netTangibleAssets": 2529128102}], "maxAge": 86400}, "earningsTrend": {"trend": [{"maxAge": 1, "period": "0q", "endDate": null, "growth": {}, "earningsEstimate": {"avg": 0.0, "low": 0.0, "high": 0.0, "yearAgoEps": {}, "numberOfAnalysts": 0, "growth": {}}, "revenueEstimate": {"avg": 0, "low": 0, "high": 0, "numberOfAnalysts": 0, "yearAgoRevenue": {}, "growth": {}}, "epsTrend": {"current": 0.0, "7daysAgo": 0.0, "30daysAgo": 0.0, "60daysAgo": 0.0, "90daysAgo": 0.0}, "epsRevisions": {"upLast7days": 0, "upLast30days": 0, "downLast30days": 0, "downLast90days": {}}}, {"maxAge": 1, "period": "+1q", "endDate": null, "growth": {}, "earningsEstimate": {"avg": 0.0, "low": 0.0, "high": 0.0, "yearAgoEps": {}, "numberOfAnalysts": 0, "growth": {}}, "revenueEstimate": {"avg": 0, "low": 0, "high": 0, "numberOfAnalysts": 0, "yearAgoRevenue": {}, "growth": {}}, "epsTrend": {"current": 0.0, "7daysAgo": 0.0, "30daysAgo": 0.0, "60daysAgo": 0.0, "90daysAgo": 0.0}, "epsRevisions": {"upLast7days": 0, "upLast30days": 0, "downLast30days": 0, "downLast90days": {}}}, {"maxAge": 1, "period": "0y", "endDate": null, "growth": {}, "earningsEstimate": {"avg": 0.0, "low": 0.0, "high": 0.0, "yearAgoEps": {}, "numberOfAnalysts": 0, "growth": {}}, "revenueEstimate": {"avg": 0, "low": 0, "high": 0, "numberOfAnalysts": 0, "yearAgoRevenue": {}, "growth": {}}, "epsTrend": {"current": 0.0, "7daysAgo": 0.0, "30daysAgo": 0.0, "60daysAgo": 0.0, "90daysAgo": 0.0}, "epsRevisions": {"upLast7days": 0, "upLast30days": 0, "downLast30days": 0, "downLast90days": {}}}, {"maxAge": 1, "period": "+1y", "endDate": null, "growth": {}, "earningsEstimate": {"avg": 0.0, "low": 0.0, "high": 0.0, "yearAgoEps": {}, "numberOfAnalysts": 0, "growth": {}}, "revenueEstimate": {"avg": 0, "low": 0, "high": 0, "numberOfAnalysts": 0, "yearAgoRevenue": {}, "growth": {}}, "epsTrend": {"current": 0.0, "7daysAgo": 0.0, "30daysAgo": 0.0, "60daysAgo": 0.0, "90daysAgo": 0.0}, "epsRevisions": {"upLast7days": 0, "upLast30days": 0, "downLast30days": 0, "downLast90days": {}}}, {"maxAge": 1, "period": "+5y", "endDate": null, "growth": {}, "earningsEstimate": {"avg": {}, "low": {}, "high": {}, "yearAgoEps": {}, "numberOfAnalysts": {}, "growth": {}}, "revenueEstimate": {"avg": {}, "low": {}, "high": {}, "numberOfAnalysts": {}, "yearAgoRevenue": {}, "growth": {}}, "epsTrend": {"current": {}, "7daysAgo": {}, "30daysAgo": {}, "60daysAgo": {}, "90daysAgo": {}}, "epsRevisions": {"upLast7days": {}, "upLast30days": {}, "downLast30days": {}, "downLast90days": {}}}, {"maxAge": 1, "period": "-5y", "endDate": null, "growth": {}, "earningsEstimate": {"avg": {}, "low": {}, "high": {}, "yearAgoEps": {}, "numberOfAnalysts": {}, "growth": {}}, "revenueEstimate": {"avg": {}, "low": {}, "high": {}, "numberOfAnalysts": {}, "yearAgoRevenue": {}, "growth": {}}, "epsTrend": {"current": {}, "7daysAgo": {}, "30daysAgo": {}, "60daysAgo": {}, "90daysAgo": {}}, "epsRevisions": {"upLast7days": {}, "upLast30days": {}, "downLast30days": {}, "downLast90days": {}}}], "maxAge": 1}, "financialData": {"maxAge": 86400, "currentPrice": 9.1, "targetHighPrice": 90.0, "targetLowPrice": 90.0, "targetMeanPrice": 90.0, "targetMedianPrice": 90.0, "recommendationKey": "none", "numberOfAnalystOpinions": 1, "grossProfits": 502465816, "financialCurrency": "INR"}}}