{"HBLEAS.BO": {"cashflowStatementHistory": {"cashflowStatements": [{"maxAge": 1, "endDate": "2020-03-31", "netIncome": -130195, "changeToNetincome": -85955, "changeToAccountReceivables": -992515, "changeToLiabilities": 0, "changeToOperatingActivities": 261006, "totalCashFromOperatingActivities": -947659, "netBorrowings": 1550000, "totalCashFromFinancingActivities": 1550000, "changeInCash": 602341}, {"maxAge": 1, "endDate": "2019-03-31", "netIncome": -3877372, "changeToNetincome": -389078, "changeToAccountReceivables": -992515, "changeToLiabilities": 0, "changeToOperatingActivities": 743543, "totalCashFromOperatingActivities": -3522907, "investments": 1651255, "totalCashflowsFromInvestingActivities": 1651255, "netBorrowings": 1550000, "totalCashFromFinancingActivities": 1550000, "changeInCash": -321652}, {"maxAge": 1, "endDate": "2018-03-31", "netIncome": 2380353, "changeToNetincome": 79375, "changeToAccountReceivables": -2494891, "changeToLiabilities": 0, "changeToOperatingActivities": -2495734, "totalCashFromOperatingActivities": -2530897, "investments": 1651255, "totalCashflowsFromInvestingActivities": 1651255, "netBorrowings": 1550000, "totalCashFromFinancingActivities": 1550000, "changeInCash": -2530897}, {"maxAge": 1, "endDate": "2017-03-31", "netIncome": 988895, "changeToNetincome": 41254, "changeToAccountReceivables": 6969192, "changeToLiabilities": 0, "changeToOperatingActivities": -6494714, "totalCashFromOperatingActivities": 1504627, "investments": 1651255, "totalCashflowsFromInvestingActivities": 1651255, "netBorrowings": 1550000, "totalCashFromFinancingActivities": 1550000, "changeInCash": 1504627}], "maxAge": 86400}, "institutionOwnership": {"maxAge": 1, "ownershipList": []}, "balanceSheetHistoryQuarterly": {"balanceSheetStatements": [{"maxAge": 1, "endDate": "2020-06-30", "totalStockholderEquity": 21209334, "netTangibleAssets": 21209334}, {"maxAge": 1, "endDate": "2020-03-31", "cash": 1137577, "netReceivables": 12383659, "otherCurrentAssets": 13061994, "totalCurrentAssets": 29547805, "longTermInvestments": 100000, "propertyPlantEquipment": 70002, "otherAssets": 104733, "deferredLongTermAssetCharges": 104733, "totalAssets": 29822540, "longTermDebt": 3100000, "otherLiab": 4869051, "totalCurrentLiabilities": 644155, "totalLiab": 8613206, "commonStock": 110041095, "retainedEarnings": -269486379, "treasuryStock": 57919, "capitalSurplus": 180596699, "otherStockholderEquity": 57919, "totalStockholderEquity": 21209334, "netTangibleAssets": 21209334}, {"maxAge": 1, "endDate": "2019-12-31", "totalStockholderEquity": 20629000, "netTangibleAssets": 20629000}, {"maxAge": 1, "endDate": "2019-09-30", "cash": 581000, "netReceivables": 17900000, "totalCurrentAssets": 18481000, "longTermInvestments": 3651000, "propertyPlantEquipment": 70000, "otherAssets": 6519000, "deferredLongTermAssetCharges": 105000, "totalAssets": 28721000, "longTermDebt": 2700000, "otherLiab": 5392000, "totalLiab": 8092000, "commonStock": 110041000, "treasuryStock": -89412000, "otherStockholderEquity": -89412000, "totalStockholderEquity": 20629000, "netTangibleAssets": 20629000}], "maxAge": 86400}, "indexTrend": {"maxAge": 1, "symbol": "SP5", "peRatio": 19.7411, "pegRatio": 1.34172, "estimates": [{"period": "0q", "growth": 0.549}, {"period": "+1q", "growth": 0.431}, {"period": "0y", "growth": 0.305}, {"period": "+1y", "growth": 0.109}, {"period": "+5y", "growth": 0.120859005}, {"period": "-5y"}]}, "insiderTransactions": {"transactions": [{"maxAge": 1, "shares": 0, "filerUrl": "", "transactionText": "", "filerName": "Bhasin (Lalit)", "filerRelation": "Non Executive Chairman", "moneyText": "", "startDate": "2020-06-30", "ownership": "I"}, {"maxAge": 1, "shares": 272336, "value": 2178, "filerUrl": "", "transactionText": "Acquisition at price 0.01 per share.", "filerName": "Bhasin (Lalit)", "filerRelation": "Non Executive Chairman", "moneyText": "", "startDate": "2020-06-30", "ownership": "D"}, {"maxAge": 1, "shares": 34735, "filerUrl": "", "transactionText": "", "filerName": "R R B Securities Ltd", "filerRelation": "Promoter", "moneyText": "", "startDate": "2019-03-25", "ownership": "D"}, {"maxAge": 1, "shares": 105120, "filerUrl": "", "transactionText": "", "filerName": "Pal Properties India Pvt Ltd", "filerRelation": "Promoter", "moneyText": "", "startDate": "2019-03-25", "ownership": "D"}, {"maxAge": 1, "shares": 1507895, "filerUrl": "", "transactionText": "", "filerName": "Merrygold Investments Ltd", "filerRelation": "Promoter", "moneyText": "", "startDate": "2019-03-25", "ownership": "D"}, {"maxAge": 1, "shares": 2000, "filerUrl": "", "transactionText": "", "filerName": "HB Financial Consultants Pvt. Ltd.", "filerRelation": "Promoter", "moneyText": "", "startDate": "2019-03-25", "ownership": "D"}, {"maxAge": 1, "shares": 43200, "filerUrl": "", "transactionText": "", "filerName": "H B Stockholdings, Ltd.", "filerRelation": "Promoter", "moneyText": "", "startDate": "2019-03-25", "ownership": "D"}, {"maxAge": 1, "shares": 1692950, "filerUrl": "", "transactionText": "", "filerName": "Bhasin (Lalit)", "filerRelation": "Chairman of the Board", "moneyText": "", "startDate": "2019-03-25", "ownership": "D"}], "maxAge": 1}, "quoteType": {"exchange": "BSE", "quoteType": "EQUITY", "symbol": "HBLEAS.BO", "underlyingSymbol": "HBLEAS.BO", "shortName": "HB LEASING & FINANCE CO.LTD.", "longName": "HB Leasing and Finance Company Limited", "firstTradeDateEpochUtc": "2000-09-06 09:15:00", "timeZoneFullName": "Asia/Kolkata", "timeZoneShortName": "IST", "uuid": "dc1c1f86-0550-3588-bac1-d4add324847d", "messageBoardId": null, "gmtOffSetMilliseconds": 19800000, "maxAge": 1}, "incomeStatementHistory": {"incomeStatementHistory": [{"maxAge": 1, "endDate": "2020-03-31", "totalRevenue": 3331560, "costOfRevenue": 0, "grossProfit": 3331560, "researchDevelopment": {}, "sellingGeneralAdministrative": 1490053, "nonRecurring": {}, "otherOperatingExpenses": 1960080, "totalOperatingExpenses": 3450133, "operatingIncome": -118573, "totalOtherIncomeExpenseNet": 0, "ebit": -118573, "interestExpense": {}, "incomeBeforeTax": -118573, "incomeTaxExpense": 11622, "minorityInterest": {}, "netIncomeFromContinuingOps": -130195, "discontinuedOperations": {}, "extraordinaryItems": {}, "effectOfAccountingCharges": {}, "otherItems": {}, "netIncome": -130195, "netIncomeApplicableToCommonShares": -130195}, {"maxAge": 1, "endDate": "2019-03-31", "totalRevenue": 723136, "costOfRevenue": -3600, "grossProfit": 726736, "researchDevelopment": {}, "sellingGeneralAdministrative": 1748098, "nonRecurring": {}, "otherOperatingExpenses": 2842678, "totalOperatingExpenses": 4587176, "operatingIncome": -3864040, "totalOtherIncomeExpenseNet": 0, "ebit": -3864040, "interestExpense": {}, "incomeBeforeTax": -3864040, "incomeTaxExpense": 13332, "minorityInterest": {}, "netIncomeFromContinuingOps": -3877372, "discontinuedOperations": {}, "extraordinaryItems": {}, "effectOfAccountingCharges": {}, "otherItems": {}, "netIncome": -3877372, "netIncomeApplicableToCommonShares": -3877372}, {"maxAge": 1, "endDate": "2018-03-31", "totalRevenue": 6318081, "costOfRevenue": 20342, "grossProfit": 6297739, "researchDevelopment": {}, "sellingGeneralAdministrative": 1606743, "nonRecurring": {}, "otherOperatingExpenses": 2280687, "totalOperatingExpenses": 3907772, "operatingIncome": 2410309, "totalOtherIncomeExpenseNet": 0, "ebit": 2410309, "interestExpense": {}, "incomeBeforeTax": 2410309, "incomeTaxExpense": 29956, "minorityInterest": {}, "netIncomeFromContinuingOps": 2380353, "discontinuedOperations": {}, "extraordinaryItems": {}, "effectOfAccountingCharges": {}, "otherItems": {}, "netIncome": 2380353, "netIncomeApplicableToCommonShares": 2380353}, {"maxAge": 1, "endDate": "2017-03-31", "totalRevenue": 7539250, "costOfRevenue": -12213, "grossProfit": 7551463, "researchDevelopment": {}, "sellingGeneralAdministrative": 2434249, "nonRecurring": {}, "otherOperatingExpenses": 4076212, "totalOperatingExpenses": 6498248, "operatingIncome": 1041002, "totalOtherIncomeExpenseNet": -1, "ebit": 1041002, "interestExpense": {}, "incomeBeforeTax": 1041001, "incomeTaxExpense": 52106, "minorityInterest": {}, "netIncomeFromContinuingOps": 988895, "discontinuedOperations": {}, "extraordinaryItems": {}, "effectOfAccountingCharges": {}, "otherItems": {}, "netIncome": 988895, "netIncomeApplicableToCommonShares": 988895}], "maxAge": 86400}, "fundOwnership": {"maxAge": 1, "ownershipList": []}, "summaryDetail": {"maxAge": 1, "priceHint": 4, "previousClose": 1.73, "open": 1.73, "dayLow": 1.73, "dayHigh": 1.81, "regularMarketPreviousClose": 1.73, "regularMarketOpen": 1.73, "regularMarketDayLow": 1.73, "regularMarketDayHigh": 1.81, "trailingPE": 33.92157, "volume": 1666, "regularMarketVolume": 1666, "averageVolume": 712, "averageVolume10days": 733, "averageDailyVolume10Day": 733, "bid": 1.73, "ask": 1.81, "bidSize": 0, "askSize": 0, "marketCap": 19138472, "fiftyTwoWeekLow": 0.49, "fiftyTwoWeekHigh": 1.81, "fiftyDayAverage": 1.1628572, "twoHundredDayAverage": 1.1772661, "currency": "INR", "fromCurrency": null, "toCurrency": null, "lastMarket": null, "algorithm": null, "tradeable": false}, "incomeStatementHistoryQuarterly": {"incomeStatementHistory": [{"maxAge": 1, "endDate": "2020-06-30", "totalRevenue": 500000, "costOfRevenue": 0, "grossProfit": 500000, "researchDevelopment": {}, "sellingGeneralAdministrative": 200000, "nonRecurring": {}, "otherOperatingExpenses": 600000, "totalOperatingExpenses": 800000, "operatingIncome": -300000, "totalOtherIncomeExpenseNet": 0, "ebit": -300000, "interestExpense": {}, "incomeBeforeTax": -300000, "incomeTaxExpense": 0, "minorityInterest": {}, "netIncomeFromContinuingOps": -300000, "discontinuedOperations": {}, "extraordinaryItems": {}, "effectOfAccountingCharges": {}, "otherItems": {}, "netIncome": -300000, "netIncomeApplicableToCommonShares": -300000}, {"maxAge": 1, "endDate": "2020-03-31", "totalRevenue": 1330560, "costOfRevenue": 0, "grossProfit": 1330560, "researchDevelopment": {}, "sellingGeneralAdministrative": 339053, "nonRecurring": {}, "otherOperatingExpenses": 96080, "totalOperatingExpenses": 435133, "operatingIncome": 895427, "totalOtherIncomeExpenseNet": 0, "ebit": 895427, "interestExpense": {}, "incomeBeforeTax": 895427, "incomeTaxExpense": -378, "minorityInterest": {}, "netIncomeFromContinuingOps": 895805, "discontinuedOperations": {}, "extraordinaryItems": {}, "effectOfAccountingCharges": {}, "otherItems": {}, "netIncome": 895805, "netIncomeApplicableToCommonShares": 895805}, {"maxAge": 1, "endDate": "2019-12-31", "totalRevenue": 750000, "costOfRevenue": 0, "grossProfit": 750000, "researchDevelopment": {}, "sellingGeneralAdministrative": 436000, "nonRecurring": {}, "otherOperatingExpenses": 532000, "totalOperatingExpenses": 968000, "operatingIncome": -218000, "totalOtherIncomeExpenseNet": 0, "ebit": -218000, "interestExpense": {}, "incomeBeforeTax": -218000, "incomeTaxExpense": 0, "minorityInterest": {}, "netIncomeFromContinuingOps": -218000, "discontinuedOperations": {}, "extraordinaryItems": {}, "effectOfAccountingCharges": {}, "otherItems": {}, "netIncome": -218000, "netIncomeApplicableToCommonShares": -218000}, {"maxAge": 1, "endDate": "2019-09-30", "totalRevenue": 1251000, "costOfRevenue": 0, "grossProfit": 1251000, "researchDevelopment": {}, "sellingGeneralAdministrative": 368000, "nonRecurring": {}, "otherOperatingExpenses": 699000, "totalOperatingExpenses": 1067000, "operatingIncome": 184000, "totalOtherIncomeExpenseNet": 0, "ebit": 184000, "interestExpense": {}, "incomeBeforeTax": 184000, "incomeTaxExpense": 6000, "minorityInterest": {}, "netIncomeFromContinuingOps": 178000, "discontinuedOperations": {}, "extraordinaryItems": {}, "effectOfAccountingCharges": {}, "otherItems": {}, "netIncome": 178000, "netIncomeApplicableToCommonShares": 178000}], "maxAge": 86400}, "cashflowStatementHistoryQuarterly": {"cashflowStatements": [{"maxAge": 1, "endDate": "2020-06-30", "netIncome": -300000, "changeToLiabilities": 0}, {"maxAge": 1, "endDate": "2020-03-31", "netIncome": 895805, "changeToLiabilities": 0}, {"maxAge": 1, "endDate": "2019-12-31", "netIncome": -218000, "changeToLiabilities": 0}, {"maxAge": 1, "endDate": "2019-09-30", "netIncome": 178000, "changeToLiabilities": 0}], "maxAge": 86400}, "insiderHolders": {"holders": [{"maxAge": 1, "name": "Bhasin (Lalit)", "relation": "Non Executive Chairman", "url": "", "transactionDescription": "Acquisition", "latestTransDate": "2020-06-30", "positionIndirect": 4128663, "positionIndirectDate": 1593475200}, {"maxAge": 1, "name": "H B Stockholdings, Ltd.", "relation": "Promoter", "url": "", "transactionDescription": "Other", "latestTransDate": "2019-03-25", "positionDirect": 0, "positionDirectDate": "2019-03-25"}, {"maxAge": 1, "name": "HB Financial Consultants Pvt. Ltd.", "relation": "Promoter", "url": "", "transactionDescription": "Other", "latestTransDate": "2019-03-25", "positionDirect": 0, "positionDirectDate": "2019-03-25"}, {"maxAge": 1, "name": "Merrygold Investments Ltd", "relation": "Promoter", "url": "", "transactionDescription": "Other", "latestTransDate": "2019-03-25", "positionDirect": 0, "positionDirectDate": "2019-03-25"}, {"maxAge": 1, "name": "Pal Properties India Pvt Ltd", "relation": "Promoter", "url": "", "transactionDescription": "Other", "latestTransDate": "2019-03-25", "positionDirect": 0, "positionDirectDate": "2019-03-25"}, {"maxAge": 1, "name": "R R B Securities Ltd", "relation": "Promoter", "url": "", "transactionDescription": "Other", "latestTransDate": "2019-03-25", "positionDirect": 0, "positionDirectDate": "2019-03-25"}], "maxAge": 1}, "calendarEvents": {"maxAge": 1, "earnings": {"earningsDate": ["2020-06-25 05:30:S"]}}, "price": {"maxAge": 1, "regularMarketChangePercent": 0.0, "regularMarketChange": 0.0, "regularMarketTime": "2021-04-30 13:17:34", "priceHint": 4, "regularMarketPrice": 1.73, "regularMarketDayHigh": 1.81, "regularMarketDayLow": 1.73, "regularMarketVolume": 1666, "averageDailyVolume10Day": 733, "averageDailyVolume3Month": 712, "regularMarketPreviousClose": 1.73, "regularMarketSource": "FREE_REALTIME", "regularMarketOpen": 1.73, "exchange": "BSE", "exchangeName": "BSE", "exchangeDataDelayedBy": 0, "marketState": "CLOSED", "quoteType": "EQUITY", "symbol": "HBLEAS.BO", "underlyingSymbol": null, "shortName": "HB LEASING & FINANCE CO.LTD.", "longName": "HB Leasing and Finance Company Limited", "currency": "INR", "quoteSourceName": "Delayed Quote", "currencySymbol": "\u20b9", "fromCurrency": null, "toCurrency": null, "lastMarket": null, "marketCap": 19138472}, "balanceSheetHistory": {"balanceSheetStatements": [{"maxAge": 1, "endDate": "2020-03-31", "cash": 1137577, "netReceivables": 12383659, "otherCurrentAssets": 13061994, "totalCurrentAssets": 29547805, "longTermInvestments": 100000, "propertyPlantEquipment": 70002, "otherAssets": 104733, "deferredLongTermAssetCharges": 104733, "totalAssets": 29822540, "longTermDebt": 3100000, "otherLiab": 4869051, "totalCurrentLiabilities": 644155, "totalLiab": 8613206, "commonStock": 110041095, "retainedEarnings": -269486379, "treasuryStock": 57919, "capitalSurplus": 180596699, "otherStockholderEquity": 57919, "totalStockholderEquity": 21209334, "netTangibleAssets": 21209334}, {"maxAge": 1, "endDate": "2019-03-31", "cash": 535236, "netReceivables": 11534600, "otherCurrentAssets": 13061994, "totalCurrentAssets": 28102319, "longTermInvestments": 100000, "propertyPlantEquipment": 70002, "otherAssets": 116355, "deferredLongTermAssetCharges": 116355, "totalAssets": 28388676, "longTermDebt": 1550000, "otherLiab": 4801137, "totalCurrentLiabilities": 631293, "totalLiab": 6982430, "commonStock": 110041095, "retainedEarnings": -269356184, "treasuryStock": 124636, "capitalSurplus": 180596699, "otherStockholderEquity": 124636, "totalStockholderEquity": 21406246, "netTangibleAssets": 21406246}, {"maxAge": 1, "endDate": "2018-03-31", "cash": 856888, "netReceivables": 19429303, "totalCurrentAssets": 22544782, "propertyPlantEquipment": 70002, "otherAssets": 6175847, "deferredLongTermAssetCharges": 129687, "totalAssets": 28790631, "otherCurrentLiab": 4676971, "otherLiab": 229276, "totalCurrentLiabilities": 5308122, "totalLiab": 5537398, "commonStock": 110041095, "retainedEarnings": -267484436, "treasuryStock": 99875, "capitalSurplus": 180596699, "otherStockholderEquity": 99875, "totalStockholderEquity": 23253233, "netTangibleAssets": 23253233}, {"maxAge": 1, "endDate": "2017-03-31", "cash": 3387785, "netReceivables": 17557671, "totalCurrentAssets": 23262673, "propertyPlantEquipment": 70002, "otherAssets": 5523917, "deferredLongTermAssetCharges": 159644, "totalAssets": 28856592, "otherCurrentLiab": 7211331, "otherLiab": 203258, "totalCurrentLiabilities": 7780455, "totalLiab": 7983713, "commonStock": 110041095, "retainedEarnings": -269864790, "treasuryStock": 99875, "capitalSurplus": 180596699, "otherStockholderEquity": 99875, "totalStockholderEquity": 20872879, "netTangibleAssets": 20872879}], "maxAge": 86400}, "financialData": {"maxAge": 86400, "currentPrice": 1.73, "recommendationKey": "none", "grossProfits": 3331560, "financialCurrency": "INR"}}}