{"HBLPOWER.NS": {"assetProfile": {"address1": "No. 8-2-601", "address2": "Road No. 10 Opposite South Indian Bank ATM Banjara Hills", "city": "Hyderabad", "zip": "500034", "country": "India", "phone": "91 40 2335 5575", "fax": "91 40 2335 5048", "website": "http://www.hbl.in", "industry": "Electrical Equipment & Parts", "sector": "Industrials", "longBusinessSummary": "HBL Power Systems Limited manufactures and sells batteries, power electronics, and spun concrete products in India and internationally. The company offers lead acid batteries, including pure lead tin VRLA, tubular gel VRLA, tubular plate vented, and flat plate VRLA batteries; nickel-cadmium batteries, such as pocket plate, sintered plate, and fiber plate batteries; and silver zinc aircraft, missile, torpedo, and reserve batteries. It also provides power electronics comprising thyristor battery chargers, battery monitoring systems, and earth leakage monitors; and engineering solutions, such as training simulators, as well as integrated power supply products, data loggers, audio frequency track circuits, electronic interlocking systems, train collision avoidance systems, and digital axle counters for railways. In addition, the company offers renewable energy products, including off-grid solar systems, such as solar pumps and rooftop systems, as well as concrete products comprising spun concrete poles and piles, and concrete telecom towers. It serves defense, telecom, railways, oil and gas, power utilities, UPS and inverter batteries, and solar power industries. The company was founded in 1977 and is headquartered in Hyderabad, India. HBL Power Systems Limited is a subsidiary of Aluru Family Private Trust.", "fullTimeEmployees": 1731, "companyOfficers": [{"maxAge": 1, "name": "Dr. Aluru Jagadish Prasad", "age": 75, "title": "Founder, Chairman & MD", "yearBorn": 1945, "fiscalYear": 2020, "totalPay": 21338000, "exercisedValue": 0, "unexercisedValue": 0}, {"maxAge": 1, "name": "Mr. M. S. S. Srinath", "age": 51, "title": "Pres & Pres of Marketing", "yearBorn": 1969, "fiscalYear": 2020, "totalPay": 5487000, "exercisedValue": 0, "unexercisedValue": 0}, {"maxAge": 1, "name": "Mr. A. K. Sridharan", "age": 70, "title": "Chief Financial Officer", "yearBorn": 1950, "fiscalYear": 2020, "totalPay": 3384000, "exercisedValue": 0, "unexercisedValue": 0}, {"maxAge": 1, "name": "Mr. M. V. S. S. Kumar", "age": 51, "title": "Compliance Officer & Company Sec.", "yearBorn": 1969, "fiscalYear": 2020, "totalPay": 1693000, "exercisedValue": 0, "unexercisedValue": 0}, {"maxAge": 1, "name": "Ms. A. Kavita Prasad", "age": 49, "title": "Whole-Tme Director", "yearBorn": 1971, "fiscalYear": 2020, "totalPay": 3600000, "exercisedValue": 0, "unexercisedValue": 0}, {"maxAge": 1, "name": "Mr. Suresh  Kalyan", "age": 56, "title": "Chief Operating Officer", "yearBorn": 1964, "fiscalYear": 2017, "exercisedValue": 0, "unexercisedValue": 0}, {"maxAge": 1, "name": "Mr. M. V. V. Vidyasagar", "age": 56, "title": "Pres of Electronics Group", "yearBorn": 1964, "exercisedValue": 0, "unexercisedValue": 0}], "compensationAsOfEpochDate": "2020-12-31 05:30:00", "maxAge": 86400}, "cashflowStatementHistory": {"cashflowStatements": [{"maxAge": 1, "endDate": "2020-03-31", "netIncome": 262164000, "depreciation": 342619000, "changeToNetincome": 61773000, "changeToAccountReceivables": 550576000, "changeToLiabilities": 158436000, "changeToInventory": 205308000, "changeToOperatingActivities": -130789000, "totalCashFromOperatingActivities": 1493255000, "capitalExpenditures": -380162000, "investments": -7593000, "otherCashflowsFromInvestingActivities": 41744000, "totalCashflowsFromInvestingActivities": -57335000, "dividendsPaid": -155691000, "netBorrowings": -1229621000, "otherCashflowsFromFinancingActivities": -137369000, "totalCashFromFinancingActivities": -1522681000, "changeInCash": -86761000}, {"maxAge": 1, "endDate": "2019-03-31", "netIncome": 277343000, "depreciation": 444808000, "changeToNetincome": 94004000, "changeToAccountReceivables": 903675000, "changeToLiabilities": -494631000, "changeToInventory": 426074000, "changeToOperatingActivities": 19454000, "totalCashFromOperatingActivities": 1670727000, "capitalExpenditures": -270532000, "investments": -5762000, "otherCashflowsFromInvestingActivities": 31567000, "totalCashflowsFromInvestingActivities": 9159000, "dividendsPaid": -83543000, "netBorrowings": -1341832000, "otherCashflowsFromFinancingActivities": -208737000, "totalCashFromFinancingActivities": -1634112000, "changeInCash": 45774000}, {"maxAge": 1, "endDate": "2018-03-31", "netIncome": 316335000, "depreciation": 461653000, "changeToNetincome": 283378000, "changeToAccountReceivables": 177916000, "changeToLiabilities": -383162000, "changeToInventory": 402585000, "changeToOperatingActivities": 328904000, "totalCashFromOperatingActivities": 1587609000, "capitalExpenditures": -155498000, "investments": -17135000, "otherCashflowsFromInvestingActivities": 35727000, "totalCashflowsFromInvestingActivities": -79690000, "dividendsPaid": -83410000, "netBorrowings": -1127505000, "otherCashflowsFromFinancingActivities": -284068000, "totalCashFromFinancingActivities": -1494983000, "changeInCash": 12937000}, {"maxAge": 1, "endDate": "2017-03-31", "netIncome": 386597000, "depreciation": 484968000, "changeToNetincome": 429082000, "changeToAccountReceivables": -479166000, "changeToLiabilities": -7019000, "changeToInventory": -118375000, "changeToOperatingActivities": -264056000, "totalCashFromOperatingActivities": 432031000, "capitalExpenditures": -387928000, "investments": 61525000, "otherCashflowsFromInvestingActivities": 35278000, "totalCashflowsFromInvestingActivities": 602327000, "dividendsPaid": -76126000, "netBorrowings": -698662000, "otherCashflowsFromFinancingActivities": -368965000, "totalCashFromFinancingActivities": -1143753000, "changeInCash": -109394000}], "maxAge": 86400}, "institutionOwnership": {"ownershipList": [], "maxAge": 1}, "majorHoldersBreakdown": {"maxAge": 1, "insidersPercentHeld": 0.08121, "institutionsPercentHeld": 0.71101, "institutionsFloatPercentHeld": 0.77386004, "institutionsCount": 3}, "balanceSheetHistoryQuarterly": {"balanceSheetStatements": [{"maxAge": 1, "endDate": "2020-12-31", "totalStockholderEquity": 7640450000, "netTangibleAssets": 7183693000}, {"maxAge": 1, "endDate": "2020-09-30", "cash": 1216899000, "shortTermInvestments": 70820000, "netReceivables": 2288917000, "inventory": 2875749000, "otherCurrentAssets": 399713000, "totalCurrentAssets": 6852098000, "longTermInvestments": 535000000, "propertyPlantEquipment": 2704882000, "intangibleAssets": 456757000, "otherAssets": 8300000, "totalAssets": 10557037000, "accountsPayable": 766280000, "otherCurrentLiab": 984395000, "longTermDebt": 6537000, "otherLiab": 137224000, "totalCurrentLiabilities": 2692163000, "totalLiab": 2916587000, "commonStock": 277195000, "treasuryStock": 7363255000, "otherStockholderEquity": 7363255000, "totalStockholderEquity": 7640450000, "netTangibleAssets": 7183693000}, {"maxAge": 1, "endDate": "2020-06-30", "totalStockholderEquity": 7728704000, "netTangibleAssets": 7260860000}, {"maxAge": 1, "endDate": "2020-03-31", "cash": 31189000, "shortTermInvestments": 45741000, "netReceivables": 3166363000, "inventory": 3198058000, "otherCurrentAssets": 579286000, "totalCurrentAssets": 7040867000, "longTermInvestments": 64532000, "propertyPlantEquipment": 2838743000, "intangibleAssets": 105988000, "otherAssets": 592794000, "totalAssets": 10642924000, "accountsPayable": 920298000, "shortLongTermDebt": 97569000, "otherCurrentLiab": 317890000, "longTermDebt": 7495000, "otherLiab": 140759000, "deferredLongTermLiab": 361856000, "totalCurrentLiabilities": 2684724000, "totalLiab": 2914220000, "commonStock": 277195000, "retainedEarnings": 5176755000, "treasuryStock": -26312000, "capitalSurplus": 2301066000, "otherStockholderEquity": -26312000, "totalStockholderEquity": 7728704000, "netTangibleAssets": 7622716000}], "maxAge": 86400}, "indexTrend": {"maxAge": 1, "symbol": "SP5", "peRatio": 19.7411, "pegRatio": 1.34172, "estimates": [{"period": "0q", "growth": 0.549}, {"period": "+1q", "growth": 0.431}, {"period": "0y", "growth": 0.305}, {"period": "+1y", "growth": 0.109}, {"period": "+5y", "growth": 0.120865}, {"period": "-5y"}]}, "defaultKeyStatistics": {"maxAge": 1, "priceHint": 2, "enterpriseValue": 9307982848, "profitMargins": 0.01476, "floatShares": 52390663, "sharesOutstanding": 277195008, "heldPercentInsiders": 0.08121, "heldPercentInstitutions": 0.71101, "beta": 1.368204, "category": null, "bookValue": 26.267, "priceToBook": 1.3267597, "fundFamily": null, "legalType": null, "lastFiscalYearEnd": "2020-03-31 05:30:00", "nextFiscalYearEnd": "2022-03-31 05:30:00", "mostRecentQuarter": "2020-12-31 05:30:00", "earningsQuarterlyGrowth": 0.956, "netIncomeToCommon": 129145000, "trailingEps": 0.451, "lastSplitFactor": "10:1", "lastSplitDate": "2009-11-24 05:30:00", "enterpriseToRevenue": 1.064, "enterpriseToEbitda": 17.93}, "summaryProfile": {"address1": "No. 8-2-601", "address2": "Road No. 10 Opposite South Indian Bank ATM Banjara Hills", "city": "Hyderabad", "zip": "500034", "country": "India", "phone": "91 40 2335 5575", "fax": "91 40 2335 5048", "website": "http://www.hbl.in", "industry": "Electrical Equipment & Parts", "sector": "Industrials", "longBusinessSummary": "HBL Power Systems Limited manufactures and sells batteries, power electronics, and spun concrete products in India and internationally. The company offers lead acid batteries, including pure lead tin VRLA, tubular gel VRLA, tubular plate vented, and flat plate VRLA batteries; nickel-cadmium batteries, such as pocket plate, sintered plate, and fiber plate batteries; and silver zinc aircraft, missile, torpedo, and reserve batteries. It also provides power electronics comprising thyristor battery chargers, battery monitoring systems, and earth leakage monitors; and engineering solutions, such as training simulators, as well as integrated power supply products, data loggers, audio frequency track circuits, electronic interlocking systems, train collision avoidance systems, and digital axle counters for railways. In addition, the company offers renewable energy products, including off-grid solar systems, such as solar pumps and rooftop systems, as well as concrete products comprising spun concrete poles and piles, and concrete telecom towers. It serves defense, telecom, railways, oil and gas, power utilities, UPS and inverter batteries, and solar power industries. The company was founded in 1977 and is headquartered in Hyderabad, India. HBL Power Systems Limited is a subsidiary of Aluru Family Private Trust.", "fullTimeEmployees": 1731, "companyOfficers": [], "maxAge": 86400}, "netSharePurchaseActivity": {"maxAge": 1, "period": "6m", "buyInfoCount": 0, "buyInfoShares": 0, "sellInfoCount": 0, "netInfoCount": 0, "netInfoShares": 0, "netPercentInsiderShares": 0.0, "totalInsiderShares": 22166542}, "insiderTransactions": {"transactions": [{"maxAge": 1, "shares": 713824, "filerUrl": "", "transactionText": "", "filerName": "Devi (Uma K)", "filerRelation": "UNREPORTED", "moneyText": "", "startDate": "2020-03-31", "ownership": "D"}, {"maxAge": 1, "shares": 18428087, "filerUrl": "", "transactionText": "", "filerName": "Prasad (A J)", "filerRelation": "Executive Chairman", "moneyText": "", "startDate": "2017-03-28", "ownership": "D"}, {"maxAge": 1, "shares": 79064, "filerUrl": "", "transactionText": "", "filerName": "Beaver Engineering, Ltd.", "filerRelation": "Promoter", "moneyText": "", "startDate": "2011-12-29", "ownership": "D"}, {"maxAge": 1, "shares": 164729, "filerUrl": "", "transactionText": "", "filerName": "Beaver Engineering, Ltd.", "filerRelation": "Promoter", "moneyText": "", "startDate": "2011-12-23", "ownership": "D"}, {"maxAge": 1, "shares": 221176, "filerUrl": "", "transactionText": "", "filerName": "Beaver Engineering, Ltd.", "filerRelation": "Promoter", "moneyText": "", "startDate": "2011-12-09", "ownership": "D"}, {"maxAge": 1, "shares": 344787, "filerUrl": "", "transactionText": "", "filerName": "Beaver Engineering, Ltd.", "filerRelation": "Promoter", "moneyText": "", "startDate": "2011-11-25", "ownership": "D"}, {"maxAge": 1, "shares": 380361, "filerUrl": "", "transactionText": "", "filerName": "Beaver Engineering, Ltd.", "filerRelation": "Promoter", "moneyText": "", "startDate": "2011-11-11", "ownership": "D"}, {"maxAge": 1, "shares": 1384676, "filerUrl": "", "transactionText": "", "filerName": "Beaver Engineering, Ltd.", "filerRelation": "Promoter", "moneyText": "", "startDate": "2011-10-07", "ownership": "D"}, {"maxAge": 1, "shares": 170000, "filerUrl": "", "transactionText": "", "filerName": "Aluru (Kavita Prasad)", "filerRelation": "Director", "moneyText": "", "startDate": "2011-06-30", "ownership": "D"}, {"maxAge": 1, "shares": 105100, "filerUrl": "", "transactionText": "", "filerName": "Beaver Engineering, Ltd.", "filerRelation": "Promoter", "moneyText": "", "startDate": "2011-06-03", "ownership": "D"}, {"maxAge": 1, "shares": 200000, "filerUrl": "", "transactionText": "", "filerName": "Aluru (Kavita Prasad)", "filerRelation": "Director", "moneyText": "", "startDate": "2011-03-18", "ownership": "D"}, {"maxAge": 1, "shares": 1672000, "filerUrl": "", "transactionText": "", "filerName": "Aluru (Kavita Prasad)", "filerRelation": "Director", "moneyText": "", "startDate": "2011-03-17", "ownership": "D"}, {"maxAge": 1, "shares": 254000, "filerUrl": "", "transactionText": "", "filerName": "Aluru (Kavita Prasad)", "filerRelation": "Director", "moneyText": "", "startDate": "2011-03-03", "ownership": "D"}, {"maxAge": 1, "shares": 224460, "filerUrl": "", "transactionText": "", "filerName": "Aluru (Kavita Prasad)", "filerRelation": "Director", "moneyText": "", "startDate": "2011-02-21", "ownership": "D"}, {"maxAge": 1, "shares": 25000, "filerUrl": "", "transactionText": "", "filerName": "Beaver Engineering, Ltd.", "filerRelation": "Promoter", "moneyText": "", "startDate": "2011-02-11", "ownership": "D"}, {"maxAge": 1, "shares": 315700, "filerUrl": "", "transactionText": "", "filerName": "Srinath (M S S)", "filerRelation": "Director", "moneyText": "", "startDate": "2011-02-11", "ownership": "D"}, {"maxAge": 1, "shares": 292000, "filerUrl": "", "transactionText": "", "filerName": "Beaver Engineering, Ltd.", "filerRelation": "Promoter", "moneyText": "", "startDate": "2011-01-24", "ownership": "D"}, {"maxAge": 1, "shares": 207001, "filerUrl": "", "transactionText": "", "filerName": "Aluru (Kavita Prasad)", "filerRelation": "Director", "moneyText": "", "startDate": "2011-01-24", "ownership": "D"}, {"maxAge": 1, "shares": 343800, "filerUrl": "", "transactionText": "", "filerName": "Beaver Engineering, Ltd.", "filerRelation": "Promoter", "moneyText": "", "startDate": "2010-12-23", "ownership": "D"}, {"maxAge": 1, "shares": 594300, "filerUrl": "", "transactionText": "", "filerName": "Aluru (Kavita Prasad)", "filerRelation": "Director", "moneyText": "", "startDate": "2010-12-16", "ownership": "D"}, {"maxAge": 1, "shares": 1233874, "filerUrl": "", "transactionText": "", "filerName": "Aluru (Kavita Prasad)", "filerRelation": "Director", "moneyText": "", "startDate": "2010-11-12", "ownership": "D"}, {"maxAge": 1, "shares": 416500, "filerUrl": "", "transactionText": "", "filerName": "Beaver Engineering, Ltd.", "filerRelation": "Promoter", "moneyText": "", "startDate": "2010-09-03", "ownership": "D"}, {"maxAge": 1, "shares": 500000, "filerUrl": "", "transactionText": "", "filerName": "Citigroup Global Markets Mauritius Pvt Ltd", "filerRelation": "Investment Advisor", "moneyText": "", "startDate": "2010-08-10", "ownership": "D"}, {"maxAge": 1, "shares": 1000000, "filerUrl": "", "transactionText": "", "filerName": "Citigroup Global Markets Mauritius Pvt Ltd", "filerRelation": "Investment Advisor", "moneyText": "", "startDate": "2010-08-10", "ownership": "D"}, {"maxAge": 1, "shares": 48000, "filerUrl": "", "transactionText": "", "filerName": "Beaver Engineering, Ltd.", "filerRelation": "Promoter", "moneyText": "", "startDate": "2010-07-23", "ownership": "D"}, {"maxAge": 1, "shares": 36000, "filerUrl": "", "transactionText": "", "filerName": "Srinath (M S S)", "filerRelation": "Director", "moneyText": "", "startDate": "2010-07-13", "ownership": "D"}, {"maxAge": 1, "shares": 35800, "filerUrl": "", "transactionText": "", "filerName": "Beaver Engineering, Ltd.", "filerRelation": "Promoter", "moneyText": "", "startDate": "2010-06-15", "ownership": "D"}, {"maxAge": 1, "shares": 78000, "filerUrl": "", "transactionText": "", "filerName": "Beaver Engineering, Ltd.", "filerRelation": "Promoter", "moneyText": "", "startDate": "2010-06-04", "ownership": "D"}], "maxAge": 1}, "quoteType": {"exchange": "NSI", "quoteType": "EQUITY", "symbol": "HBLPOWER.NS", "underlyingSymbol": "HBLPOWER.NS", "shortName": "HBL POWER SYSTEMS", "longName": "HBL Power Systems Limited", "firstTradeDateEpochUtc": "2007-01-04 09:15:00", "timeZoneFullName": "Asia/Kolkata", "timeZoneShortName": "IST", "uuid": "2bb69318-3d89-37e2-82d4-232752a9ed33", "gmtOffSetMilliseconds": 19800000, "maxAge": 1}, "incomeStatementHistory": {"incomeStatementHistory": [{"maxAge": 1, "endDate": "2020-03-31", "totalRevenue": 10917813000, "costOfRevenue": 8277135000, "grossProfit": 2640678000, "researchDevelopment": {}, "sellingGeneralAdministrative": 1835327000, "nonRecurring": {}, "otherOperatingExpenses": {}, "totalOperatingExpenses": 10519942000, "operatingIncome": 397871000, "totalOtherIncomeExpenseNet": 3065000, "ebit": 397871000, "interestExpense": -156321000, "incomeBeforeTax": 400936000, "incomeTaxExpense": 138772000, "minorityInterest": {}, "netIncomeFromContinuingOps": 262164000, "discontinuedOperations": {}, "extraordinaryItems": {}, "effectOfAccountingCharges": {}, "otherItems": {}, "netIncome": 262164000, "netIncomeApplicableToCommonShares": 262164000}, {"maxAge": 1, "endDate": "2019-03-31", "totalRevenue": 12658766000, "costOfRevenue": 9694068000, "grossProfit": 2964698000, "researchDevelopment": {}, "sellingGeneralAdministrative": 1992836000, "nonRecurring": {}, "otherOperatingExpenses": {}, "totalOperatingExpenses": 12131712000, "operatingIncome": 527054000, "totalOtherIncomeExpenseNet": -99047000, "ebit": 527054000, "interestExpense": -230889000, "incomeBeforeTax": 428007000, "incomeTaxExpense": 150664000, "minorityInterest": {}, "netIncomeFromContinuingOps": 277343000, "discontinuedOperations": {}, "extraordinaryItems": {}, "effectOfAccountingCharges": {}, "otherItems": {}, "netIncome": 277343000, "netIncomeApplicableToCommonShares": 277343000}, {"maxAge": 1, "endDate": "2018-03-31", "totalRevenue": 16030123000, "costOfRevenue": 12476185000, "grossProfit": 3553938000, "researchDevelopment": {}, "sellingGeneralAdministrative": 2294602000, "nonRecurring": {}, "otherOperatingExpenses": {}, "totalOperatingExpenses": 15232441000, "operatingIncome": 797682000, "totalOtherIncomeExpenseNet": -247096000, "ebit": 797682000, "interestExpense": -319025000, "incomeBeforeTax": 550586000, "incomeTaxExpense": 233621000, "minorityInterest": -16817000, "netIncomeFromContinuingOps": 316965000, "discontinuedOperations": {}, "extraordinaryItems": {}, "effectOfAccountingCharges": {}, "otherItems": {}, "netIncome": 316335000, "netIncomeApplicableToCommonShares": 316335000}, {"maxAge": 1, "endDate": "2017-03-31", "totalRevenue": 14144643000, "costOfRevenue": 8969858000, "grossProfit": 5174785000, "researchDevelopment": {}, "sellingGeneralAdministrative": 1047920000, "nonRecurring": {}, "otherOperatingExpenses": 2840831000, "totalOperatingExpenses": 13343577000, "operatingIncome": 801066000, "totalOtherIncomeExpenseNet": -257587000, "ebit": 801066000, "interestExpense": -389239000, "incomeBeforeTax": 543479000, "incomeTaxExpense": 159561000, "minorityInterest": -15392000, "netIncomeFromContinuingOps": 383918000, "discontinuedOperations": {}, "extraordinaryItems": {}, "effectOfAccountingCharges": {}, "otherItems": {}, "netIncome": 386597000, "netIncomeApplicableToCommonShares": 386597000}], "maxAge": 86400}, "fundOwnership": {"ownershipList": [], "maxAge": 1}, "summaryDetail": {"maxAge": 1, "priceHint": 2, "previousClose": 35.05, "open": 34.5, "dayLow": 34.2, "dayHigh": 36.35, "regularMarketPreviousClose": 35.05, "regularMarketOpen": 34.5, "regularMarketDayLow": 34.2, "regularMarketDayHigh": 36.35, "dividendRate": 0.6, "dividendYield": 0.0171, "exDividendDate": "2020-09-16 05:30:00", "payoutRatio": 0.6439, "fiveYearAvgDividendYield": 1.19, "beta": 1.368204, "trailingPE": 77.27272, "volume": 423597, "regularMarketVolume": 423597, "averageVolume": 976964, "averageVolume10days": 297724, "averageDailyVolume10Day": 297724, "bid": 0.0, "ask": 0.0, "bidSize": 0, "askSize": 0, "marketCap": 9646479360, "fiftyTwoWeekLow": 11.0, "fiftyTwoWeekHigh": 43.9, "priceToSalesTrailing12Months": 1.1024144, "fiftyDayAverage": 36.754414, "twoHundredDayAverage": 28.699646, "trailingAnnualDividendRate": 0.1, "trailingAnnualDividendYield": 0.0028530671, "currency": "INR", "fromCurrency": null, "lastMarket": null, "algorithm": null, "tradeable": false}, "incomeStatementHistoryQuarterly": {"incomeStatementHistory": [{"maxAge": 1, "endDate": "2020-12-31", "totalRevenue": 2332315000, "costOfRevenue": 1374914000, "grossProfit": 957401000, "researchDevelopment": {}, "sellingGeneralAdministrative": 209671000, "nonRecurring": {}, "otherOperatingExpenses": 541927000, "totalOperatingExpenses": 2225200000, "operatingIncome": 107115000, "totalOtherIncomeExpenseNet": -11877000, "ebit": 107115000, "interestExpense": -38566000, "incomeBeforeTax": 95238000, "incomeTaxExpense": 13352000, "minorityInterest": {}, "netIncomeFromContinuingOps": 81886000, "discontinuedOperations": {}, "extraordinaryItems": {}, "effectOfAccountingCharges": {}, "otherItems": {}, "netIncome": 81886000, "netIncomeApplicableToCommonShares": 81886000}, {"maxAge": 1, "endDate": "2020-09-30", "totalRevenue": 2584233000, "costOfRevenue": 1595535000, "grossProfit": 988698000, "researchDevelopment": {}, "sellingGeneralAdministrative": 194799000, "nonRecurring": {}, "otherOperatingExpenses": 545405000, "totalOperatingExpenses": 2430514000, "operatingIncome": 153719000, "totalOtherIncomeExpenseNet": -38466000, "ebit": 153719000, "interestExpense": -48767000, "incomeBeforeTax": 115253000, "incomeTaxExpense": 25081000, "minorityInterest": {}, "netIncomeFromContinuingOps": 90172000, "discontinuedOperations": {}, "extraordinaryItems": {}, "effectOfAccountingCharges": {}, "otherItems": {}, "netIncome": 90172000, "netIncomeApplicableToCommonShares": 90172000}, {"maxAge": 1, "endDate": "2020-06-30", "totalRevenue": 1206120000, "costOfRevenue": 748721000, "grossProfit": 457399000, "researchDevelopment": {}, "sellingGeneralAdministrative": 194569000, "nonRecurring": {}, "otherOperatingExpenses": 287022000, "totalOperatingExpenses": 1333268000, "operatingIncome": -127148000, "totalOtherIncomeExpenseNet": -11628000, "ebit": -127148000, "interestExpense": -42748000, "incomeBeforeTax": -138776000, "incomeTaxExpense": -2408000, "minorityInterest": {}, "netIncomeFromContinuingOps": -136368000, "discontinuedOperations": {}, "extraordinaryItems": {}, "effectOfAccountingCharges": {}, "otherItems": {}, "netIncome": -136368000, "netIncomeApplicableToCommonShares": -136368000}, {"maxAge": 1, "endDate": "2020-03-31", "totalRevenue": 2627653000, "costOfRevenue": 2993147000, "grossProfit": -365494000, "researchDevelopment": {}, "sellingGeneralAdministrative": 1158954000, "nonRecurring": {}, "otherOperatingExpenses": -1747501000, "totalOperatingExpenses": 2508188000, "operatingIncome": 119465000, "totalOtherIncomeExpenseNet": 6072000, "ebit": 119465000, "interestExpense": -42748000, "incomeBeforeTax": 125537000, "incomeTaxExpense": 32082000, "minorityInterest": {}, "netIncomeFromContinuingOps": 93455000, "discontinuedOperations": {}, "extraordinaryItems": {}, "effectOfAccountingCharges": {}, "otherItems": {}, "netIncome": 93455000, "netIncomeApplicableToCommonShares": 93455000}], "maxAge": 86400}, "cashflowStatementHistoryQuarterly": {"cashflowStatements": [{"maxAge": 1, "endDate": "2020-12-31", "netIncome": 81886000, "changeToLiabilities": 0}, {"maxAge": 1, "endDate": "2020-09-30", "netIncome": 90172000, "changeToLiabilities": 0}, {"maxAge": 1, "endDate": "2020-06-30", "netIncome": -136368000, "changeToLiabilities": 0}, {"maxAge": 1, "endDate": "2020-03-31", "netIncome": 93455000, "changeToLiabilities": 0}], "maxAge": 86400}, "insiderHolders": {"holders": [{"maxAge": 1, "name": "Aluru (Kavita Prasad)", "relation": "Director", "url": "", "transactionDescription": "Acquisition", "latestTransDate": "2011-06-30", "positionDirect": 8590285, "positionDirectDate": "2011-06-30"}, {"maxAge": 1, "name": "Beaver Engineering, Ltd.", "relation": "Promoter", "url": "", "transactionDescription": "Acquisition", "latestTransDate": "2011-12-29", "positionDirect": 143073943, "positionDirectDate": "2011-12-29"}, {"maxAge": 1, "name": "Citigroup Global Markets Mauritius Pvt Ltd", "relation": "Investment Advisor", "url": "", "transactionDescription": "Acquisition", "latestTransDate": "2010-08-10", "positionDirect": 13537827, "positionDirectDate": "2010-08-10"}, {"maxAge": 1, "name": "Devi (Uma K)", "relation": "UNREPORTED", "url": "", "transactionDescription": "Acquisition", "latestTransDate": "2020-03-31", "positionDirect": 752654, "positionDirectDate": "2020-03-31"}, {"maxAge": 1, "name": "Prasad (A J)", "relation": "Executive Chairman", "url": "", "transactionDescription": "Sale", "latestTransDate": "2017-03-28", "positionDirect": 2386413, "positionDirectDate": "2017-03-28"}, {"maxAge": 1, "name": "Srinath (M S S)", "relation": "Director", "url": "", "transactionDescription": "Acquisition", "latestTransDate": "2011-02-11", "positionDirect": 1646010, "positionDirectDate": "2011-02-11"}], "maxAge": 1}, "calendarEvents": {"maxAge": 1, "earnings": {"earningsDate": []}, "exDividendDate": "2020-09-16 05:30:00"}, "upgradeDowngradeHistory": {"history": [], "maxAge": 86400}, "price": {"maxAge": 1, "regularMarketChangePercent": -0.0057061557, "regularMarketChange": -0.20000076, "regularMarketTime": "2021-04-30 15:29:59", "priceHint": 2, "regularMarketPrice": 34.85, "regularMarketDayHigh": 36.35, "regularMarketDayLow": 34.2, "regularMarketVolume": 423597, "averageDailyVolume10Day": 297724, "averageDailyVolume3Month": 976964, "regularMarketPreviousClose": 35.05, "regularMarketSource": "FREE_REALTIME", "regularMarketOpen": 34.5, "exchange": "NSI", "exchangeName": "NSE", "exchangeDataDelayedBy": 15, "marketState": "CLOSED", "quoteType": "EQUITY", "symbol": "HBLPOWER.NS", "underlyingSymbol": null, "shortName": "HBL POWER SYSTEMS", "longName": "HBL Power Systems Limited", "currency": "INR", "quoteSourceName": "Delayed Quote", "currencySymbol": "\u20b9", "fromCurrency": null, "lastMarket": null, "marketCap": 9646479360}, "balanceSheetHistory": {"balanceSheetStatements": [{"maxAge": 1, "endDate": "2020-03-31", "cash": 31189000, "shortTermInvestments": 45741000, "netReceivables": 3166363000, "inventory": 3198058000, "otherCurrentAssets": 579286000, "totalCurrentAssets": 7040867000, "longTermInvestments": 64532000, "propertyPlantEquipment": 2838743000, "intangibleAssets": 105988000, "otherAssets": 592794000, "totalAssets": 10642924000, "accountsPayable": 920298000, "shortLongTermDebt": 97569000, "otherCurrentLiab": 317890000, "longTermDebt": 7495000, "otherLiab": 140759000, "deferredLongTermLiab": 361856000, "totalCurrentLiabilities": 2684724000, "totalLiab": 2914220000, "commonStock": 277195000, "retainedEarnings": 5176755000, "treasuryStock": -26312000, "capitalSurplus": 2301066000, "otherStockholderEquity": -26312000, "totalStockholderEquity": 7728704000, "netTangibleAssets": 7622716000}, {"maxAge": 1, "endDate": "2019-03-31", "cash": 117951000, "shortTermInvestments": 6941000, "netReceivables": 3734211000, "inventory": 3345723000, "otherCurrentAssets": 454505000, "totalCurrentAssets": 7673894000, "longTermInvestments": 53924000, "propertyPlantEquipment": 3152675000, "intangibleAssets": 130185000, "otherAssets": 596462000, "totalAssets": 11607140000, "accountsPayable": 761862000, "shortLongTermDebt": 161922000, "otherCurrentLiab": 317254000, "longTermDebt": 73929000, "otherLiab": 143731000, "deferredLongTermLiab": 296298000, "totalCurrentLiabilities": 3727185000, "totalLiab": 3944845000, "commonStock": 277195000, "retainedEarnings": 5100685000, "treasuryStock": -16651000, "capitalSurplus": 2301066000, "otherStockholderEquity": -16651000, "totalStockholderEquity": 7662295000, "netTangibleAssets": 7532110000}, {"maxAge": 1, "endDate": "2018-03-31", "cash": 72176000, "shortTermInvestments": 5485000, "netReceivables": 4699551000, "inventory": 3898421000, "otherCurrentAssets": 412035000, "totalCurrentAssets": 9106404000, "longTermInvestments": 49007000, "propertyPlantEquipment": 3521270000, "intangibleAssets": 160375000, "otherAssets": 578140000, "totalAssets": 13415196000, "accountsPayable": 1256493000, "shortLongTermDebt": 222945000, "otherCurrentLiab": 278466000, "longTermDebt": 57868000, "otherLiab": 169647000, "deferredLongTermLiab": 212826000, "minorityInterest": -16817000, "totalCurrentLiabilities": 5687606000, "totalLiab": 5915121000, "commonStock": 277195000, "retainedEarnings": 4953057000, "treasuryStock": -14426000, "capitalSurplus": 2301066000, "otherStockholderEquity": -14426000, "totalStockholderEquity": 7516892000, "netTangibleAssets": 7356517000}, {"maxAge": 1, "endDate": "2017-03-31", "cash": 59239000, "shortTermInvestments": 8870000, "netReceivables": 4828898000, "inventory": 4388839000, "otherCurrentAssets": 467299000, "totalCurrentAssets": 9769447000, "longTermInvestments": 81487000, "propertyPlantEquipment": 4061534000, "intangibleAssets": 197490000, "otherAssets": 555356000, "totalAssets": 14665314000, "accountsPayable": 1639654000, "shortLongTermDebt": 207424000, "otherCurrentLiab": 376194000, "longTermDebt": 281206000, "otherLiab": 155105000, "deferredLongTermLiab": 243430000, "minorityInterest": -15392000, "totalCurrentLiabilities": 6953156000, "totalLiab": 7389467000, "commonStock": 277195000, "retainedEarnings": 4718919000, "treasuryStock": -5941000, "capitalSurplus": 2301066000, "otherStockholderEquity": -5941000, "totalStockholderEquity": 7291239000, "netTangibleAssets": 7093749000}], "maxAge": 86400}, "financialData": {"maxAge": 86400, "currentPrice": 34.85, "recommendationKey": "none", "totalCash": 1287719040, "totalCashPerShare": 4.718, "ebitda": 519128256, "totalDebt": 1028688000, "totalRevenue": 8750320640, "debtToEquity": 13.464, "revenuePerShare": 32.718, "grossProfits": 2640678000, "earningsGrowth": 1.143, "revenueGrowth": -0.1, "grossMargins": 0.23291, "ebitdaMargins": 0.05933, "operatingMargins": 0.02893, "profitMargins": 0.01476, "financialCurrency": "INR"}}}