{"HBPOR.BO": {"cashflowStatementHistory": {"cashflowStatements": [{"maxAge": 1, "endDate": "2020-03-31", "netIncome": -34048142, "depreciation": 2612235, "changeToNetincome": 1068719, "changeToAccountReceivables": 4919067, "changeToLiabilities": -874973, "changeToOperatingActivities": -80573085, "totalCashFromOperatingActivities": -106762123, "capitalExpenditures": -2936578, "investments": 145291747, "totalCashflowsFromInvestingActivities": 142461185, "dividendsPaid": -15370885, "netBorrowings": -685471, "totalCashFromFinancingActivities": -16056356, "changeInCash": 19642706}, {"maxAge": 1, "endDate": "2019-03-31", "netIncome": -24551468, "depreciation": 2639709, "changeToNetincome": -32559938, "changeToAccountReceivables": 2369724, "changeToLiabilities": -5063387, "changeToOperatingActivities": 189205431, "totalCashFromOperatingActivities": 132157272, "capitalExpenditures": -1147528, "investments": -133770530, "otherCashflowsFromInvestingActivities": 1181728, "totalCashflowsFromInvestingActivities": -110238676, "dividendsPaid": -15370885, "netBorrowings": -2650613, "otherCashflowsFromFinancingActivities": -5203, "totalCashFromFinancingActivities": -22655816, "changeInCash": -737220}, {"maxAge": 1, "endDate": "2018-03-31", "netIncome": 111625093, "depreciation": 2877459, "changeToNetincome": -54371384, "changeToAccountReceivables": 2369724, "changeToLiabilities": 0, "changeToOperatingActivities": -89607831, "totalCashFromOperatingActivities": -29354878, "capitalExpenditures": -3889843, "investments": -3817676, "otherCashflowsFromInvestingActivities": 40316473, "totalCashflowsFromInvestingActivities": 32686540, "dividendsPaid": -15370885, "netBorrowings": -867824, "otherCashflowsFromFinancingActivities": -209939, "totalCashFromFinancingActivities": -1077763, "changeInCash": 2253900}, {"maxAge": 1, "endDate": "2017-03-31", "netIncome": 31610088, "depreciation": 550110, "changeToNetincome": -5756, "changeToAccountReceivables": 2369724, "changeToLiabilities": 0, "changeToOperatingActivities": -18341733, "totalCashFromOperatingActivities": 13812709, "capitalExpenditures": -15188, "investments": -3817676, "otherCashflowsFromInvestingActivities": 40316473, "totalCashflowsFromInvestingActivities": -15188, "dividendsPaid": -5996165, "netBorrowings": -781852, "otherCashflowsFromFinancingActivities": -1220639, "totalCashFromFinancingActivities": -7998656, "changeInCash": 5798865}], "maxAge": 86400}, "institutionOwnership": {"maxAge": 1, "ownershipList": []}, "balanceSheetHistoryQuarterly": {"balanceSheetStatements": [{"maxAge": 1, "endDate": "2020-06-30", "totalStockholderEquity": 1262237997, "netTangibleAssets": 1261773899}, {"maxAge": 1, "endDate": "2020-03-31", "cash": 33934197, "shortTermInvestments": 28225000, "netReceivables": 456688152, "otherCurrentAssets": 35208426, "totalCurrentAssets": 560392504, "longTermInvestments": 820186435, "propertyPlantEquipment": 7746253, "intangibleAssets": 464098, "otherAssets": 126585314, "deferredLongTermAssetCharges": 288892, "totalAssets": 1515374604, "accountsPayable": 3653283, "shortLongTermDebt": 322753, "otherCurrentLiab": 6658580, "longTermDebt": 600000, "otherLiab": 68805606, "deferredLongTermLiab": 137874, "minorityInterest": 164976458, "totalCurrentLiabilities": 18222764, "totalLiab": 88160149, "commonStock": 107642300, "retainedEarnings": 805844882, "treasuryStock": -18859232, "capitalSurplus": 367610047, "otherStockholderEquity": -18859232, "totalStockholderEquity": 1262237997, "netTangibleAssets": 1261773899}, {"maxAge": 1, "endDate": "2019-12-31", "totalStockholderEquity": 1368657000, "netTangibleAssets": 1368309000}, {"maxAge": 1, "endDate": "2019-09-30", "cash": 108194000, "netReceivables": 429983000, "totalCurrentAssets": 538177000, "longTermInvestments": 1102621000, "propertyPlantEquipment": 9804000, "intangibleAssets": 348000, "otherAssets": 9029000, "deferredLongTermAssetCharges": 494000, "totalAssets": 1659979000, "accountsPayable": 5676000, "otherCurrentLiab": 495000, "longTermDebt": 1612000, "otherLiab": 110494000, "minorityInterest": 173045000, "totalCurrentLiabilities": 6171000, "totalLiab": 118277000, "commonStock": 107642000, "treasuryStock": 1261015000, "otherStockholderEquity": 1261015000, "totalStockholderEquity": 1368657000, "netTangibleAssets": 1368309000}], "maxAge": 86400}, "indexTrend": {"maxAge": 1, "symbol": "SP5", "peRatio": 19.7411, "pegRatio": 1.34172, "estimates": [{"period": "0q", "growth": 0.549}, {"period": "+1q", "growth": 0.431}, {"period": "0y", "growth": 0.305}, {"period": "+1y", "growth": 0.109}, {"period": "+5y", "growth": 0.120859005}, {"period": "-5y"}]}, "insiderTransactions": {"transactions": [{"maxAge": 1, "shares": 30744, "filerUrl": "", "transactionText": "", "filerName": "HB Corporate Services Ltd.", "filerRelation": "Institution- Corporation", "moneyText": "", "startDate": "2018-12-18", "ownership": "D"}, {"maxAge": 1, "shares": 1099633, "filerUrl": "", "transactionText": "", "filerName": "Bhasin (Lalit)", "filerRelation": "Non Executive Chairman", "moneyText": "", "startDate": "2018-12-18", "ownership": "D"}, {"maxAge": 1, "shares": 30744, "filerUrl": "", "transactionText": "", "filerName": "HB Corporate Services Ltd.", "filerRelation": "Institution- Corporation", "moneyText": "", "startDate": "2018-11-03", "ownership": "D"}], "maxAge": 1}, "quoteType": {"exchange": "BSE", "quoteType": "EQUITY", "symbol": "HBPOR.BO", "underlyingSymbol": "HBPOR.BO", "shortName": "HB PORTFOLIO LTD.", "longName": "HB Portfolio Limited", "firstTradeDateEpochUtc": "2000-08-16 09:15:00", "timeZoneFullName": "Asia/Kolkata", "timeZoneShortName": "IST", "uuid": "e41b3c96-b460-3c24-8739-3d4f86ec965d", "messageBoardId": null, "gmtOffSetMilliseconds": 19800000, "maxAge": 1}, "incomeStatementHistory": {"incomeStatementHistory": [{"maxAge": 1, "endDate": "2020-03-31", "totalRevenue": 146141347, "costOfRevenue": 386000, "grossProfit": 145755347, "researchDevelopment": {}, "sellingGeneralAdministrative": 104182200, "nonRecurring": {}, "otherOperatingExpenses": 61085735, "totalOperatingExpenses": 168400226, "operatingIncome": -22258879, "totalOtherIncomeExpenseNet": -30177220, "ebit": -22258879, "interestExpense": -239913, "incomeBeforeTax": -52436099, "incomeTaxExpense": 731923, "minorityInterest": 164976458, "netIncomeFromContinuingOps": -53168022, "discontinuedOperations": {}, "extraordinaryItems": {}, "effectOfAccountingCharges": {}, "otherItems": {}, "netIncome": -34048142, "netIncomeApplicableToCommonShares": -34048142}, {"maxAge": 1, "endDate": "2019-03-31", "totalRevenue": 142153350, "costOfRevenue": 156000, "grossProfit": 141997350, "researchDevelopment": {}, "sellingGeneralAdministrative": 108258414, "nonRecurring": {}, "otherOperatingExpenses": 56278271, "totalOperatingExpenses": 167449595, "operatingIncome": -25296245, "totalOtherIncomeExpenseNet": -2268138, "ebit": -25296245, "interestExpense": -338938, "incomeBeforeTax": -27564383, "incomeTaxExpense": -210955, "minorityInterest": 196838411, "netIncomeFromContinuingOps": -27353428, "discontinuedOperations": {}, "extraordinaryItems": {}, "effectOfAccountingCharges": {}, "otherItems": {}, "netIncome": -24551468, "netIncomeApplicableToCommonShares": -24551468}, {"maxAge": 1, "endDate": "2018-03-31", "totalRevenue": 317801270, "costOfRevenue": 17254, "grossProfit": 317784016, "researchDevelopment": {}, "sellingGeneralAdministrative": 108585398, "nonRecurring": {}, "otherOperatingExpenses": 63222182, "totalOperatingExpenses": 174824078, "operatingIncome": 142977192, "totalOtherIncomeExpenseNet": 82856, "ebit": 142977192, "interestExpense": -527362, "incomeBeforeTax": 143060048, "incomeTaxExpense": 26464653, "minorityInterest": 157798117, "netIncomeFromContinuingOps": 116595395, "discontinuedOperations": {}, "extraordinaryItems": {}, "effectOfAccountingCharges": {}, "otherItems": {}, "netIncome": 111625093, "netIncomeApplicableToCommonShares": 111625093}, {"maxAge": 1, "endDate": "2017-03-31", "totalRevenue": 33114539, "costOfRevenue": 80055, "grossProfit": 33034484, "researchDevelopment": {}, "sellingGeneralAdministrative": 13255487, "nonRecurring": {}, "otherOperatingExpenses": 15090571, "totalOperatingExpenses": 28976223, "operatingIncome": 4138316, "totalOtherIncomeExpenseNet": 28401061, "ebit": 4138316, "interestExpense": -440732, "incomeBeforeTax": 32539377, "incomeTaxExpense": 929289, "minorityInterest": 157798117, "netIncomeFromContinuingOps": 31610088, "discontinuedOperations": {}, "extraordinaryItems": {}, "effectOfAccountingCharges": {}, "otherItems": {}, "netIncome": 31610088, "netIncomeApplicableToCommonShares": 30410088}], "maxAge": 86400}, "fundOwnership": {"maxAge": 1, "ownershipList": []}, "summaryDetail": {"maxAge": 1, "priceHint": 2, "previousClose": 24.25, "open": 25.9, "dayLow": 20.1, "dayHigh": 25.9, "regularMarketPreviousClose": 24.25, "regularMarketOpen": 25.9, "regularMarketDayLow": 20.1, "regularMarketDayHigh": 25.9, "volume": 6241, "regularMarketVolume": 6241, "averageVolume": 5207, "averageVolume10days": 3758, "averageDailyVolume10Day": 3758, "bid": 23.75, "ask": 24.15, "bidSize": 0, "askSize": 0, "marketCap": 255111552, "fiftyTwoWeekLow": 9.75, "fiftyTwoWeekHigh": 25.9, "fiftyDayAverage": 18.69143, "twoHundredDayAverage": 17.544891, "currency": "INR", "fromCurrency": null, "toCurrency": null, "lastMarket": null, "algorithm": null, "tradeable": false}, "incomeStatementHistoryQuarterly": {"incomeStatementHistory": [{"maxAge": 1, "endDate": "2020-06-30", "totalRevenue": 29160000, "costOfRevenue": 97000, "grossProfit": 29063000, "researchDevelopment": {}, "sellingGeneralAdministrative": 17166000, "nonRecurring": {}, "otherOperatingExpenses": 12174000, "totalOperatingExpenses": 30139000, "operatingIncome": -979000, "totalOtherIncomeExpenseNet": 22000, "ebit": -979000, "interestExpense": -26000, "incomeBeforeTax": -957000, "incomeTaxExpense": 34000, "minorityInterest": {}, "netIncomeFromContinuingOps": -991000, "discontinuedOperations": {}, "extraordinaryItems": {}, "effectOfAccountingCharges": {}, "otherItems": {}, "netIncome": -1220000, "netIncomeApplicableToCommonShares": -1220000}, {"maxAge": 1, "endDate": "2020-03-31", "totalRevenue": 11062347, "costOfRevenue": 386000, "grossProfit": 10676347, "researchDevelopment": {}, "sellingGeneralAdministrative": 34959200, "nonRecurring": {}, "otherOperatingExpenses": 15220735, "totalOperatingExpenses": 49876226, "operatingIncome": -38813879, "totalOtherIncomeExpenseNet": -31397220, "ebit": -38813879, "interestExpense": -26000, "incomeBeforeTax": -70211099, "incomeTaxExpense": -2268077, "minorityInterest": 164976458, "netIncomeFromContinuingOps": -67943022, "discontinuedOperations": {}, "extraordinaryItems": {}, "effectOfAccountingCharges": {}, "otherItems": {}, "netIncome": -51155142, "netIncomeApplicableToCommonShares": -51155142}, {"maxAge": 1, "endDate": "2019-12-31", "totalRevenue": 35357000, "costOfRevenue": 0, "grossProfit": 35357000, "researchDevelopment": {}, "sellingGeneralAdministrative": 23563000, "nonRecurring": {}, "otherOperatingExpenses": 15467000, "totalOperatingExpenses": 40196000, "operatingIncome": -4839000, "totalOtherIncomeExpenseNet": 28000, "ebit": -4839000, "interestExpense": -115000, "incomeBeforeTax": -4811000, "incomeTaxExpense": 415000, "minorityInterest": 164976458, "netIncomeFromContinuingOps": -5226000, "discontinuedOperations": {}, "extraordinaryItems": {}, "effectOfAccountingCharges": {}, "otherItems": {}, "netIncome": -5346000, "netIncomeApplicableToCommonShares": -5346000}, {"maxAge": 1, "endDate": "2019-09-30", "totalRevenue": 46241000, "costOfRevenue": 0, "grossProfit": 46241000, "researchDevelopment": {}, "sellingGeneralAdministrative": 23255000, "nonRecurring": {}, "otherOperatingExpenses": 13470000, "totalOperatingExpenses": 37692000, "operatingIncome": 8549000, "totalOtherIncomeExpenseNet": 813000, "ebit": 8549000, "interestExpense": -148000, "incomeBeforeTax": 9362000, "incomeTaxExpense": 237000, "minorityInterest": 173045000, "netIncomeFromContinuingOps": 9125000, "discontinuedOperations": {}, "extraordinaryItems": {}, "effectOfAccountingCharges": {}, "otherItems": {}, "netIncome": 10346000, "netIncomeApplicableToCommonShares": 10346000}], "maxAge": 86400}, "cashflowStatementHistoryQuarterly": {"cashflowStatements": [{"maxAge": 1, "endDate": "2020-06-30", "netIncome": -1220000, "changeToLiabilities": 0}, {"maxAge": 1, "endDate": "2020-03-31", "netIncome": -51155142, "changeToLiabilities": 0}, {"maxAge": 1, "endDate": "2019-12-31", "netIncome": -5346000, "changeToLiabilities": 0}, {"maxAge": 1, "endDate": "2019-09-30", "netIncome": 10346000, "changeToLiabilities": 0}], "maxAge": 86400}, "insiderHolders": {"holders": [{"maxAge": 1, "name": "Bhasin (Lalit)", "relation": "Non Executive Chairman", "url": "", "transactionDescription": "Purchase", "latestTransDate": "2018-12-18", "positionDirect": 6324671, "positionDirectDate": "2018-12-18"}, {"maxAge": 1, "name": "HB Corporate Services Ltd.", "relation": "Institution- Corporation", "url": "", "transactionDescription": "Sale", "latestTransDate": "2018-12-18", "positionDirect": 0, "positionDirectDate": "2018-12-18"}], "maxAge": 1}, "calendarEvents": {"maxAge": 1, "earnings": {"earningsDate": ["2020-09-09 05:30:S"]}}, "price": {"maxAge": 1, "regularMarketChangePercent": -0.02268038, "regularMarketChange": -0.54999924, "regularMarketTime": "2021-04-30 15:16:25", "priceHint": 2, "regularMarketPrice": 23.7, "regularMarketDayHigh": 25.9, "regularMarketDayLow": 20.1, "regularMarketVolume": 6241, "averageDailyVolume10Day": 3758, "averageDailyVolume3Month": 5207, "regularMarketPreviousClose": 24.25, "regularMarketSource": "FREE_REALTIME", "regularMarketOpen": 25.9, "exchange": "BSE", "exchangeName": "BSE", "exchangeDataDelayedBy": 0, "marketState": "CLOSED", "quoteType": "EQUITY", "symbol": "HBPOR.BO", "underlyingSymbol": null, "shortName": "HB PORTFOLIO LTD.", "longName": "HB Portfolio Limited", "currency": "INR", "quoteSourceName": "Delayed Quote", "currencySymbol": "\u20b9", "fromCurrency": null, "toCurrency": null, "lastMarket": null, "marketCap": 255111552}, "balanceSheetHistory": {"balanceSheetStatements": [{"maxAge": 1, "endDate": "2020-03-31", "cash": 33934197, "shortTermInvestments": 28225000, "netReceivables": 456688152, "otherCurrentAssets": 35208426, "totalCurrentAssets": 560392504, "longTermInvestments": 820186435, "propertyPlantEquipment": 7746253, "intangibleAssets": 464098, "otherAssets": 126585314, "deferredLongTermAssetCharges": 288892, "totalAssets": 1515374604, "accountsPayable": 3653283, "shortLongTermDebt": 322753, "otherCurrentLiab": 6658580, "longTermDebt": 600000, "otherLiab": 68805606, "deferredLongTermLiab": 137874, "minorityInterest": 164976458, "totalCurrentLiabilities": 18222764, "totalLiab": 88160149, "commonStock": 107642300, "retainedEarnings": 805844882, "treasuryStock": -18859232, "capitalSurplus": 367610047, "otherStockholderEquity": -18859232, "totalStockholderEquity": 1262237997, "netTangibleAssets": 1261773899}, {"maxAge": 1, "endDate": "2019-03-31", "cash": 14291492, "shortTermInvestments": 66109596, "netReceivables": 361071726, "otherCurrentAssets": 26832578, "totalCurrentAssets": 474214120, "longTermInvestments": 1212589665, "propertyPlantEquipment": 7880465, "intangibleAssets": 272406, "otherAssets": 130637820, "deferredLongTermAssetCharges": -624892, "totalAssets": 1825594476, "accountsPayable": 4528256, "shortLongTermDebt": 918352, "otherCurrentLiab": 8392004, "longTermDebt": 922753, "otherLiab": 51903695, "deferredLongTermLiab": 124980, "minorityInterest": 196838411, "totalCurrentLiabilities": 22853936, "totalLiab": 75680384, "commonStock": 107642300, "retainedEarnings": 821681978, "treasuryStock": 256141356, "capitalSurplus": 367610047, "otherStockholderEquity": 256141356, "totalStockholderEquity": 1553075681, "netTangibleAssets": 1552803275}, {"maxAge": 1, "endDate": "2018-03-31", "cash": 95215594, "shortTermInvestments": 89210217, "netReceivables": 564246219, "otherCurrentAssets": 80629967, "totalCurrentAssets": 844920959, "longTermInvestments": 770944876, "propertyPlantEquipment": 24521863, "intangibleAssets": 389607, "otherAssets": 53878011, "deferredLongTermAssetCharges": 1260917, "totalAssets": 1694655316, "accountsPayable": 7088419, "shortLongTermDebt": 1126647, "otherCurrentLiab": 75443064, "longTermDebt": 1241105, "otherLiab": 26469128, "minorityInterest": 157798117, "totalCurrentLiabilities": 97982266, "totalLiab": 125692499, "commonStock": 107642300, "retainedEarnings": 741988838, "treasuryStock": 173923514, "capitalSurplus": 367610048, "otherStockholderEquity": 173923514, "totalStockholderEquity": 1391164700, "netTangibleAssets": 1390775093}, {"maxAge": 1, "endDate": "2017-03-31", "cash": 46798151, "netReceivables": 97241569, "otherCurrentAssets": 326003633, "totalCurrentAssets": 470056764, "longTermInvestments": 851713470, "propertyPlantEquipment": 2299301, "otherAssets": 50249304, "deferredLongTermAssetCharges": 1028364, "totalAssets": 1374318839, "otherCurrentLiab": 50962091, "otherLiab": 2501249, "totalCurrentLiabilities": 55698206, "totalLiab": 58199455, "commonStock": 119923290, "retainedEarnings": 673723194, "treasuryStock": 2736299, "capitalSurplus": 499736601, "otherStockholderEquity": 2736299, "totalStockholderEquity": 1296119384, "netTangibleAssets": 1296119384}], "maxAge": 86400}, "financialData": {"maxAge": 86400, "currentPrice": 23.7, "recommendationKey": "none", "grossProfits": 145755347, "financialCurrency": "INR"}}}