{"HBSTOCK.BO": {"cashflowStatementHistory": {"cashflowStatements": [{"maxAge": 1, "endDate": "2020-03-31", "netIncome": -73483591, "depreciation": 2208961, "changeToNetincome": -538542, "changeToLiabilities": 0, "changeToOperatingActivities": 56883915, "totalCashFromOperatingActivities": -14929257, "capitalExpenditures": -25085, "totalCashflowsFromInvestingActivities": -25085, "netBorrowings": -1742546, "otherCashflowsFromFinancingActivities": -427858, "totalCashFromFinancingActivities": -2170404, "changeInCash": -17124745}, {"maxAge": 1, "endDate": "2019-03-31", "netIncome": -57938335, "depreciation": 2279871, "changeToNetincome": -828546, "changeToLiabilities": 0, "changeToOperatingActivities": 72492437, "totalCashFromOperatingActivities": 16005427, "capitalExpenditures": -78890, "totalCashflowsFromInvestingActivities": -78890, "netBorrowings": -1610598, "otherCashflowsFromFinancingActivities": -559807, "totalCashFromFinancingActivities": -2170405, "changeInCash": 13756132}, {"maxAge": 1, "endDate": "2018-03-31", "netIncome": -5502135, "depreciation": 1873860, "changeToNetincome": 4150679, "changeToAccountReceivables": -85204040, "changeToLiabilities": 0, "changeToOperatingActivities": 55626799, "totalCashFromOperatingActivities": -29054837, "capitalExpenditures": -11764856, "totalCashflowsFromInvestingActivities": -11764856, "netBorrowings": 6203145, "otherCashflowsFromFinancingActivities": -559807, "totalCashFromFinancingActivities": 6203145, "changeInCash": -34616548}, {"maxAge": 1, "endDate": "2017-03-31", "netIncome": 116248266, "depreciation": 925595, "changeToNetincome": 7054976, "changeToAccountReceivables": 33719476, "changeToLiabilities": 0, "changeToOperatingActivities": -127351431, "totalCashFromOperatingActivities": 30596882, "capitalExpenditures": -11764856, "otherCashflowsFromInvestingActivities": 2057178, "totalCashflowsFromInvestingActivities": 2057178, "netBorrowings": 6203145, "otherCashflowsFromFinancingActivities": -559807, "totalCashFromFinancingActivities": 6203145, "changeInCash": 32654060}], "maxAge": 86400}, "institutionOwnership": {"maxAge": 1, "ownershipList": []}, "balanceSheetHistoryQuarterly": {"balanceSheetStatements": [{"maxAge": 1, "endDate": "2020-06-30", "totalStockholderEquity": 302481408, "netTangibleAssets": 302481408}, {"maxAge": 1, "endDate": "2020-03-31", "cash": 4037474, "netReceivables": 157803944, "otherCurrentAssets": 69260191, "totalCurrentAssets": 233539749, "longTermInvestments": 81992556, "propertyPlantEquipment": 9602104, "totalAssets": 325134409, "shortLongTermDebt": 1885305, "otherCurrentLiab": 2488017, "longTermDebt": 2575294, "otherLiab": 13703897, "totalCurrentLiabilities": 6373810, "totalLiab": 22653001, "commonStock": 71376650, "retainedEarnings": -5397734, "treasuryStock": 5739303, "capitalSurplus": 230763189, "otherStockholderEquity": 5739303, "totalStockholderEquity": 302481408, "netTangibleAssets": 302481408}, {"maxAge": 1, "endDate": "2019-12-31", "totalStockholderEquity": 347105000, "netTangibleAssets": 347105000}, {"maxAge": 1, "endDate": "2019-09-30", "cash": 8406000, "netReceivables": 468000, "otherCurrentAssets": 34247000, "totalCurrentAssets": 43121000, "longTermInvestments": 122440000, "propertyPlantEquipment": 12642000, "otherAssets": 194638000, "totalAssets": 372841000, "longTermDebt": 5349000, "otherLiab": 20387000, "totalLiab": 25736000, "commonStock": 76808000, "treasuryStock": 270297000, "otherStockholderEquity": 270297000, "totalStockholderEquity": 347105000, "netTangibleAssets": 347105000}], "maxAge": 86400}, "indexTrend": {"maxAge": 1, "symbol": "SP5", "peRatio": 19.7411, "pegRatio": 1.34172, "estimates": [{"period": "0q", "growth": 0.549}, {"period": "+1q", "growth": 0.431}, {"period": "0y", "growth": 0.305}, {"period": "+1y", "growth": 0.109}, {"period": "+5y", "growth": 0.120859005}, {"period": "-5y"}]}, "insiderTransactions": {"transactions": [{"maxAge": 1, "shares": 20496, "filerUrl": "", "transactionText": "", "filerName": "HB Corporate Services Ltd.", "filerRelation": "Institution- Corporation", "moneyText": "", "startDate": "2018-11-03", "ownership": "D"}], "maxAge": 1}, "quoteType": {"exchange": "BSE", "quoteType": "EQUITY", "symbol": "HBSTOCK.BO", "underlyingSymbol": "HBSTOCK.BO", "shortName": "HB STOCKHOLDINGS LTD.", "longName": "HB Stockholdings Limited", "firstTradeDateEpochUtc": "2000-08-03 09:15:00", "timeZoneFullName": "Asia/Kolkata", "timeZoneShortName": "IST", "uuid": "613ae286-51c2-3b38-ac9d-f5a18ef6a709", "messageBoardId": null, "gmtOffSetMilliseconds": 19800000, "maxAge": 1}, "incomeStatementHistory": {"incomeStatementHistory": [{"maxAge": 1, "endDate": "2020-03-31", "totalRevenue": 19640328, "costOfRevenue": -39805, "grossProfit": 19680133, "researchDevelopment": {}, "sellingGeneralAdministrative": 7767068, "nonRecurring": {}, "otherOperatingExpenses": 6601228, "totalOperatingExpenses": 16537452, "operatingIncome": 3102876, "totalOtherIncomeExpenseNet": -76530773, "ebit": 3102876, "interestExpense": -427858, "incomeBeforeTax": -73427897, "incomeTaxExpense": 55694, "minorityInterest": {}, "netIncomeFromContinuingOps": -73483591, "discontinuedOperations": {}, "extraordinaryItems": {}, "effectOfAccountingCharges": {}, "otherItems": {}, "netIncome": -73483591, "netIncomeApplicableToCommonShares": -73483591}, {"maxAge": 1, "endDate": "2019-03-31", "totalRevenue": 34821709, "costOfRevenue": -934642, "grossProfit": 35756351, "researchDevelopment": {}, "sellingGeneralAdministrative": 8261176, "nonRecurring": {}, "otherOperatingExpenses": 9812598, "totalOperatingExpenses": 19419003, "operatingIncome": 15402706, "totalOtherIncomeExpenseNet": -71188002, "ebit": 15402706, "interestExpense": -559808, "incomeBeforeTax": -55785296, "incomeTaxExpense": 2153039, "minorityInterest": {}, "netIncomeFromContinuingOps": -57938335, "discontinuedOperations": {}, "extraordinaryItems": {}, "effectOfAccountingCharges": {}, "otherItems": {}, "netIncome": -57938335, "netIncomeApplicableToCommonShares": -57938335}, {"maxAge": 1, "endDate": "2018-03-31", "totalRevenue": 20034559, "costOfRevenue": 486679, "grossProfit": 19547880, "researchDevelopment": {}, "sellingGeneralAdministrative": 8428000, "nonRecurring": {}, "otherOperatingExpenses": 10342900, "totalOperatingExpenses": 21131439, "operatingIncome": -1096880, "totalOtherIncomeExpenseNet": -181336, "ebit": -1096880, "interestExpense": -441544, "incomeBeforeTax": -1278216, "incomeTaxExpense": 4223919, "minorityInterest": {}, "netIncomeFromContinuingOps": -5502135, "discontinuedOperations": {}, "extraordinaryItems": {}, "effectOfAccountingCharges": {}, "otherItems": {}, "netIncome": -5502135, "netIncomeApplicableToCommonShares": -5502135}, {"maxAge": 1, "endDate": "2017-03-31", "totalRevenue": 151772978, "costOfRevenue": 91792, "grossProfit": 151681186, "researchDevelopment": {}, "sellingGeneralAdministrative": 17173621, "nonRecurring": {}, "otherOperatingExpenses": 14182543, "totalOperatingExpenses": 32373551, "operatingIncome": 119399427, "totalOtherIncomeExpenseNet": 10526041, "ebit": 119399427, "interestExpense": -441544, "incomeBeforeTax": 129925468, "incomeTaxExpense": 13677202, "minorityInterest": {}, "netIncomeFromContinuingOps": 116248266, "discontinuedOperations": {}, "extraordinaryItems": {}, "effectOfAccountingCharges": {}, "otherItems": {}, "netIncome": 116248266, "netIncomeApplicableToCommonShares": 116248266}], "maxAge": 86400}, "fundOwnership": {"maxAge": 1, "ownershipList": []}, "summaryDetail": {"maxAge": 1, "priceHint": 2, "previousClose": 16.95, "open": 17.25, "dayLow": 16.2, "dayHigh": 17.25, "regularMarketPreviousClose": 16.95, "regularMarketOpen": 17.25, "regularMarketDayLow": 16.2, "regularMarketDayHigh": 17.25, "volume": 1167, "regularMarketVolume": 1167, "averageVolume": 2897, "averageVolume10days": 6243, "averageDailyVolume10Day": 6243, "bid": 16.2, "ask": 16.85, "bidSize": 0, "askSize": 0, "marketCap": 120269576, "fiftyTwoWeekLow": 4.75, "fiftyTwoWeekHigh": 17.25, "fiftyDayAverage": 8.866571, "twoHundredDayAverage": 6.579781, "currency": "INR", "fromCurrency": null, "toCurrency": null, "lastMarket": null, "algorithm": null, "tradeable": false}, "incomeStatementHistoryQuarterly": {"incomeStatementHistory": [{"maxAge": 1, "endDate": "2020-06-30", "totalRevenue": 41542000, "costOfRevenue": 0, "grossProfit": 41542000, "researchDevelopment": {}, "sellingGeneralAdministrative": 1020000, "nonRecurring": {}, "otherOperatingExpenses": 2154000, "totalOperatingExpenses": 3661000, "operatingIncome": 37881000, "totalOtherIncomeExpenseNet": -85000, "ebit": 37881000, "interestExpense": -85000, "incomeBeforeTax": 37796000, "incomeTaxExpense": 0, "minorityInterest": {}, "netIncomeFromContinuingOps": 37796000, "discontinuedOperations": {}, "extraordinaryItems": {}, "effectOfAccountingCharges": {}, "otherItems": {}, "netIncome": 37796000, "netIncomeApplicableToCommonShares": 37796000}, {"maxAge": 1, "endDate": "2020-03-31", "totalRevenue": 12290328, "costOfRevenue": -39805, "grossProfit": 12330133, "researchDevelopment": {}, "sellingGeneralAdministrative": 3672068, "nonRecurring": {}, "otherOperatingExpenses": -2458772, "totalOperatingExpenses": 916452, "operatingIncome": 11373876, "totalOtherIncomeExpenseNet": -77779773, "ebit": 11373876, "interestExpense": -85000, "incomeBeforeTax": -66405897, "incomeTaxExpense": -306, "minorityInterest": {}, "netIncomeFromContinuingOps": -66405591, "discontinuedOperations": {}, "extraordinaryItems": {}, "effectOfAccountingCharges": {}, "otherItems": {}, "netIncome": -66405591, "netIncomeApplicableToCommonShares": -66405591}, {"maxAge": 1, "endDate": "2019-12-31", "totalRevenue": 7072000, "costOfRevenue": 0, "grossProfit": 7072000, "researchDevelopment": {}, "sellingGeneralAdministrative": 1435000, "nonRecurring": {}, "otherOperatingExpenses": 2573000, "totalOperatingExpenses": 4830000, "operatingIncome": 2242000, "totalOtherIncomeExpenseNet": -159000, "ebit": 2242000, "interestExpense": -159000, "incomeBeforeTax": 2083000, "incomeTaxExpense": 0, "minorityInterest": {}, "netIncomeFromContinuingOps": 2083000, "discontinuedOperations": {}, "extraordinaryItems": {}, "effectOfAccountingCharges": {}, "otherItems": {}, "netIncome": 2083000, "netIncomeApplicableToCommonShares": 2083000}, {"maxAge": 1, "endDate": "2019-09-30", "totalRevenue": 2528000, "costOfRevenue": 0, "grossProfit": 2528000, "researchDevelopment": {}, "sellingGeneralAdministrative": 1412000, "nonRecurring": {}, "otherOperatingExpenses": 2866000, "totalOperatingExpenses": 5100000, "operatingIncome": -2572000, "totalOtherIncomeExpenseNet": 1597000, "ebit": -2572000, "interestExpense": -175000, "incomeBeforeTax": -975000, "incomeTaxExpense": -1000, "minorityInterest": {}, "netIncomeFromContinuingOps": -974000, "discontinuedOperations": {}, "extraordinaryItems": {}, "effectOfAccountingCharges": {}, "otherItems": {}, "netIncome": -974000, "netIncomeApplicableToCommonShares": -974000}], "maxAge": 86400}, "cashflowStatementHistoryQuarterly": {"cashflowStatements": [{"maxAge": 1, "endDate": "2020-06-30", "netIncome": 37796000, "changeToLiabilities": 0}, {"maxAge": 1, "endDate": "2020-03-31", "netIncome": -66405591, "changeToLiabilities": 0}, {"maxAge": 1, "endDate": "2019-12-31", "netIncome": 2083000, "changeToLiabilities": 0}, {"maxAge": 1, "endDate": "2019-09-30", "netIncome": -974000, "changeToLiabilities": 0}], "maxAge": 86400}, "insiderHolders": {"holders": [{"maxAge": 1, "name": "HB Corporate Services Ltd.", "relation": "Institution- Corporation", "url": "", "transactionDescription": "Other", "latestTransDate": "2018-11-03", "positionDirect": 20496, "positionDirectDate": "2018-11-03"}], "maxAge": 1}, "calendarEvents": {"maxAge": 1, "earnings": {"earningsDate": ["2020-09-10 05:30:S"]}}, "price": {"maxAge": 1, "regularMarketChangePercent": -0.0058997273, "regularMarketChange": -0.10000038, "regularMarketTime": "2021-04-30 15:24:48", "priceHint": 2, "regularMarketPrice": 16.85, "regularMarketDayHigh": 17.25, "regularMarketDayLow": 16.2, "regularMarketVolume": 1167, "averageDailyVolume10Day": 6243, "averageDailyVolume3Month": 2897, "regularMarketPreviousClose": 16.95, "regularMarketSource": "FREE_REALTIME", "regularMarketOpen": 17.25, "exchange": "BSE", "exchangeName": "BSE", "exchangeDataDelayedBy": 0, "marketState": "CLOSED", "quoteType": "EQUITY", "symbol": "HBSTOCK.BO", "underlyingSymbol": null, "shortName": "HB STOCKHOLDINGS LTD.", "longName": "HB Stockholdings Limited", "currency": "INR", "quoteSourceName": "Delayed Quote", "currencySymbol": "\u20b9", "fromCurrency": null, "toCurrency": null, "lastMarket": null, "marketCap": 120269576}, "balanceSheetHistory": {"balanceSheetStatements": [{"maxAge": 1, "endDate": "2020-03-31", "cash": 4037474, "netReceivables": 157803944, "otherCurrentAssets": 69260191, "totalCurrentAssets": 233539749, "longTermInvestments": 81992556, "propertyPlantEquipment": 9602104, "totalAssets": 325134409, "shortLongTermDebt": 1885305, "otherCurrentLiab": 2488017, "longTermDebt": 2575294, "otherLiab": 13703897, "totalCurrentLiabilities": 6373810, "totalLiab": 22653001, "commonStock": 71376650, "retainedEarnings": -5397734, "treasuryStock": 5739303, "capitalSurplus": 230763189, "otherStockholderEquity": 5739303, "totalStockholderEquity": 302481408, "netTangibleAssets": 302481408}, {"maxAge": 1, "endDate": "2019-03-31", "cash": 21162219, "netReceivables": 168328070, "otherCurrentAssets": 66124611, "totalCurrentAssets": 258024749, "longTermInvestments": 130571355, "propertyPlantEquipment": 11785980, "totalAssets": 400382084, "shortLongTermDebt": 1742546, "otherCurrentLiab": 2475207, "longTermDebt": 4460599, "otherLiab": 13543702, "totalCurrentLiabilities": 6037042, "totalLiab": 24041343, "commonStock": 71376650, "retainedEarnings": 68085857, "treasuryStock": 6115045, "capitalSurplus": 230763189, "otherStockholderEquity": 6115045, "totalStockholderEquity": 376340741, "netTangibleAssets": 376340741}, {"maxAge": 1, "endDate": "2018-03-31", "cash": 9771930, "shortTermInvestments": 235182824, "netReceivables": 405661309, "otherCurrentAssets": 36768672, "totalCurrentAssets": 689112333, "propertyPlantEquipment": 13986961, "otherAssets": 34566720, "totalAssets": 737666014, "shortLongTermDebt": 1610597, "otherCurrentLiab": 290217782, "longTermDebt": 6203145, "otherLiab": 464197, "totalCurrentLiabilities": 293634264, "totalLiab": 300301606, "commonStock": 71376650, "retainedEarnings": 129792926, "treasuryStock": 5431643, "capitalSurplus": 230763189, "otherStockholderEquity": 5431643, "totalStockholderEquity": 437364408, "netTangibleAssets": 437364408}, {"maxAge": 1, "endDate": "2017-03-31", "cash": 44397520, "shortTermInvestments": 140439895, "netReceivables": 338712506, "otherCurrentAssets": 19227322, "totalCurrentAssets": 543101756, "longTermInvestments": 983777690, "propertyPlantEquipment": 4095965, "otherAssets": 34697124, "totalAssets": 1565672535, "otherCurrentLiab": 31192215, "otherLiab": 35989950, "totalCurrentLiabilities": 32905085, "totalLiab": 68895035, "commonStock": 237922180, "retainedEarnings": 253734608, "treasuryStock": 5431643, "capitalSurplus": 999689069, "otherStockholderEquity": 5431643, "totalStockholderEquity": 1496777500, "netTangibleAssets": 1496777500}], "maxAge": 86400}, "financialData": {"maxAge": 86400, "currentPrice": 16.85, "recommendationKey": "none", "grossProfits": 19680133, "financialCurrency": "INR"}}}