{"HCC.NS": {"assetProfile": {"address1": "Hincon House", "address2": "Lal Bahadur Shastri Marg Vikhroli (West)", "city": "Mumbai", "zip": "400083", "country": "India", "phone": "91 22 2575 1000", "fax": "91 22 2577 7568", "website": "http://www.hccindia.com", "industry": "Engineering & Construction", "sector": "Industrials", "longBusinessSummary": "Hindustan Construction Company Limited, together with its subsidiaries, primarily provides engineering and construction services in India. It constructs roads, highways, expressways, bridges, elevated corridors, railways, metro rails, ports, and marine structures; dams, barrages, tunnels, powerhouses, shafts, and various underground works; and reactors, auxiliary buildings, spent fuel buildings, safety pump houses, and control buildings. The company also constructs integrated water supply systems, bulk water transmission projects, dams, barrages, irrigation, water treatment and sewage treatment plants, and aqueducts; and hydrocarbon, metals and process plants and factories, residential and commercial buildings, institutional buildings, and station buildings. In addition, it provides insurance auxiliary services, as well as information technology consulting, toll management, aircraft, hotel, power development, entertainment, educational, hostel, tourism, city management, and parking services; and operates watersport operations, and clubs. The company also engages in the manufacture and sale of bamboo articles; adventure sports, information and communication technology, housing, and retail and leasing businesses; and city management activities. Hindustan Construction Company Limited was founded in 1926 and is based in Mumbai, India.", "fullTimeEmployees": 1380, "companyOfficers": [{"maxAge": 1, "name": "Mr. Ajit  Gulabchand B.Com.", "age": 72, "title": "Chairman & MD", "yearBorn": 1948, "fiscalYear": 2020, "totalPay": 70000000, "exercisedValue": 0, "unexercisedValue": 0}, {"maxAge": 1, "name": "Mr. Arjun  Dhawan", "age": 44, "title": "Group CEO & Whole Time Director", "yearBorn": 1976, "fiscalYear": 2020, "totalPay": 60000000, "exercisedValue": 0, "unexercisedValue": 0}, {"maxAge": 1, "name": "Mr. Vithal Pandurang Kulkarni", "age": 64, "title": "Sr. VP, Company Sec. & Compliance Officer", "yearBorn": 1956, "fiscalYear": 2020, "totalPay": 1609464, "exercisedValue": 0, "unexercisedValue": 0}, {"maxAge": 1, "name": "Mr. Santosh  Kadam", "title": "Investor Relations Officer", "exercisedValue": 0, "unexercisedValue": 0}, {"maxAge": 1, "name": "Mr. Aditya  Jain", "age": 58, "title": "Group Exec. VP of HR", "yearBorn": 1962, "fiscalYear": 2017, "exercisedValue": 0, "unexercisedValue": 0}, {"maxAge": 1, "name": "Mr. U. V. Phani Kumar", "title": "Chief Exec. Officer of Engineering & Construction (E&C)", "exercisedValue": 0, "unexercisedValue": 0}], "compensationAsOfEpochDate": "2020-12-31 05:30:00", "maxAge": 86400}, "recommendationTrend": {"trend": [{"period": "0m", "strongBuy": 0, "buy": 0, "hold": 0, "sell": 0, "strongSell": 0}, {"period": "-1m", "strongBuy": 0, "buy": 3, "hold": 1, "sell": 0, "strongSell": 0}, {"period": "-2m", "strongBuy": 0, "buy": 3, "hold": 1, "sell": 0, "strongSell": 0}, {"period": "-3m", "strongBuy": 0, "buy": 3, "hold": 1, "sell": 1, "strongSell": 0}], "maxAge": 86400}, "cashflowStatementHistory": {"cashflowStatements": [{"maxAge": 1, "endDate": "2020-03-31", "netIncome": 1970300000, "depreciation": 1465800000, "changeToNetincome": 5307700000, "changeToAccountReceivables": -4290800000, "changeToLiabilities": 4213400000, "changeToInventory": 1645000000, "changeToOperatingActivities": -4987100000, "totalCashFromOperatingActivities": 5376900000, "capitalExpenditures": -872700000, "investments": 12700000, "otherCashflowsFromInvestingActivities": 295400000, "totalCashflowsFromInvestingActivities": -357100000, "netBorrowings": -889800000, "otherCashflowsFromFinancingActivities": -4251200000, "totalCashFromFinancingActivities": -5141000000, "effectOfExchangeRate": 175300000, "changeInCash": 54100000}, {"maxAge": 1, "endDate": "2019-03-31", "netIncome": -498500000, "depreciation": 1725400000, "changeToNetincome": 7794600000, "changeToAccountReceivables": -3614000000, "changeToLiabilities": -1312300000, "changeToInventory": -165200000, "changeToOperatingActivities": -2148200000, "totalCashFromOperatingActivities": 1830000000, "capitalExpenditures": -425000000, "investments": 39400000, "otherCashflowsFromInvestingActivities": 161900000, "totalCashflowsFromInvestingActivities": -45800000, "dividendsPaid": -2500000, "netBorrowings": -4714500000, "otherCashflowsFromFinancingActivities": -3378400000, "totalCashFromFinancingActivities": -3119700000, "effectOfExchangeRate": 700000, "changeInCash": -1334800000, "issuanceOfStock": 4975700000}, {"maxAge": 1, "endDate": "2018-03-31", "netIncome": -8156800000, "depreciation": 1960900000, "changeToNetincome": 14592100000, "changeToAccountReceivables": -1036100000, "changeToLiabilities": 4587400000, "changeToInventory": 1038700000, "changeToOperatingActivities": 1369300000, "totalCashFromOperatingActivities": 14407900000, "capitalExpenditures": -425000000, "investments": 68700000, "otherCashflowsFromInvestingActivities": 514200000, "totalCashflowsFromInvestingActivities": 712500000, "dividendsPaid": -1600000, "netBorrowings": -3243800000, "otherCashflowsFromFinancingActivities": -10309200000, "totalCashFromFinancingActivities": -13356500000, "effectOfExchangeRate": 500000, "changeInCash": 1764400000, "issuanceOfStock": 198100000}, {"maxAge": 1, "endDate": "2017-03-31", "netIncome": -9826000000, "depreciation": 2003200000, "changeToNetincome": 15760200000, "changeToAccountReceivables": -10192000000, "changeToLiabilities": 961500000, "changeToInventory": -1988500000, "changeToOperatingActivities": 3703000000, "totalCashFromOperatingActivities": 476400000, "capitalExpenditures": -2440200000, "investments": 1428700000, "otherCashflowsFromInvestingActivities": 258900000, "totalCashflowsFromInvestingActivities": -589700000, "dividendsPaid": -1800000, "netBorrowings": 2993200000, "otherCashflowsFromFinancingActivities": -10620900000, "totalCashFromFinancingActivities": 456100000, "effectOfExchangeRate": 100000, "changeInCash": 342900000, "issuanceOfStock": 8085600000}], "maxAge": 86400}, "indexTrend": {"maxAge": 1, "symbol": "SP5", "peRatio": 19.7411, "pegRatio": 1.34172, "estimates": [{"period": "0q", "growth": 0.549}, {"period": "+1q", "growth": 0.431}, {"period": "0y", "growth": 0.305}, {"period": "+1y", "growth": 0.109}, {"period": "+5y", "growth": 0.120865}, {"period": "-5y"}]}, "defaultKeyStatistics": {"maxAge": 1, "priceHint": 2, "enterpriseValue": 31142275072, "forwardPE": 3.7317073, "profitMargins": -0.055419996, "floatShares": 853061479, "sharesOutstanding": 1513030016, "heldPercentInsiders": 0.51677, "heldPercentInstitutions": 0.07807, "beta": 1.708542, "category": null, "bookValue": -10.823, "fundFamily": null, "legalType": null, "lastFiscalYearEnd": "2020-03-31 05:30:00", "nextFiscalYearEnd": "2022-03-31 05:30:00", "mostRecentQuarter": "2020-12-31 05:30:00", "earningsQuarterlyGrowth": -0.431, "netIncomeToCommon": -4559200256, "trailingEps": -3.0, "forwardEps": 1.8, "pegRatio": 4.5, "lastSplitFactor": "2:1", "lastSplitDate": "2010-08-10 05:30:00", "enterpriseToRevenue": 0.379, "enterpriseToEbitda": 6.654}, "industryTrend": {"maxAge": 1, "symbol": null, "estimates": []}, "quoteType": {"exchange": "NSI", "quoteType": "EQUITY", "symbol": "HCC.NS", "underlyingSymbol": "HCC.NS", "shortName": "HINDUSTAN CONSTRUC", "longName": "Hindustan Construction Company Limited", "firstTradeDateEpochUtc": "1996-01-01 09:15:00", "timeZoneFullName": "Asia/Kolkata", "timeZoneShortName": "IST", "uuid": "139e8b67-c440-3974-a637-6fa81e4129de", "gmtOffSetMilliseconds": 19800000, "maxAge": 1}, "incomeStatementHistory": {"incomeStatementHistory": [{"maxAge": 1, "endDate": "2020-03-31", "totalRevenue": 94370600000, "costOfRevenue": 72361300000, "grossProfit": 22009300000, "researchDevelopment": {}, "sellingGeneralAdministrative": 10736000000, "nonRecurring": {}, "otherOperatingExpenses": 2903300000, "totalOperatingExpenses": 87519000000, "operatingIncome": 6851600000, "totalOtherIncomeExpenseNet": -3232100000, "ebit": 6851600000, "interestExpense": -7647000000, "incomeBeforeTax": 3619500000, "incomeTaxExpense": 1649200000, "minorityInterest": {}, "netIncomeFromContinuingOps": 1970300000, "discontinuedOperations": {}, "extraordinaryItems": {}, "effectOfAccountingCharges": {}, "otherItems": {}, "netIncome": 1970300000, "netIncomeApplicableToCommonShares": 1970300000}, {"maxAge": 1, "endDate": "2019-03-31", "totalRevenue": 105435200000, "costOfRevenue": 82349200000, "grossProfit": 23086000000, "researchDevelopment": {}, "sellingGeneralAdministrative": 10858900000, "nonRecurring": {}, "otherOperatingExpenses": 2836300000, "totalOperatingExpenses": 97818000000, "operatingIncome": 7617200000, "totalOtherIncomeExpenseNet": -14191300000, "ebit": 7617200000, "interestExpense": -7249400000, "incomeBeforeTax": -6574100000, "incomeTaxExpense": -6075600000, "minorityInterest": {}, "netIncomeFromContinuingOps": -498500000, "discontinuedOperations": {}, "extraordinaryItems": {}, "effectOfAccountingCharges": {}, "otherItems": {}, "netIncome": -498500000, "netIncomeApplicableToCommonShares": -498500000}, {"maxAge": 1, "endDate": "2018-03-31", "totalRevenue": 101324600000, "costOfRevenue": 79489800000, "grossProfit": 21834800000, "researchDevelopment": {}, "sellingGeneralAdministrative": 11109100000, "nonRecurring": {}, "otherOperatingExpenses": 2947100000, "totalOperatingExpenses": 95559300000, "operatingIncome": 5765300000, "totalOtherIncomeExpenseNet": -16767400000, "ebit": 5765300000, "interestExpense": -14637200000, "incomeBeforeTax": -11002100000, "incomeTaxExpense": -102100000, "minorityInterest": -4829900000, "netIncomeFromContinuingOps": -10900000000, "discontinuedOperations": {}, "extraordinaryItems": {}, "effectOfAccountingCharges": {}, "otherItems": {}, "netIncome": -8156800000, "netIncomeApplicableToCommonShares": -8156800000}, {"maxAge": 1, "endDate": "2017-03-31", "totalRevenue": 98667800000, "costOfRevenue": 77175300000, "grossProfit": 21492500000, "researchDevelopment": {}, "sellingGeneralAdministrative": 9954400000, "nonRecurring": {}, "otherOperatingExpenses": 3698000000, "totalOperatingExpenses": 92885900000, "operatingIncome": 5781900000, "totalOtherIncomeExpenseNet": -16003500000, "ebit": 5781900000, "interestExpense": -14921400000, "incomeBeforeTax": -10221600000, "incomeTaxExpense": -395600000, "minorityInterest": -2070900000, "netIncomeFromContinuingOps": -9826000000, "discontinuedOperations": {}, "extraordinaryItems": {}, "effectOfAccountingCharges": {}, "otherItems": {}, "netIncome": -9826000000, "netIncomeApplicableToCommonShares": -7580200000}], "maxAge": 86400}, "fundOwnership": {"ownershipList": [{"maxAge": 1, "reportDate": "2021-01-31", "organization": "Vanguard International Stock Index-Total Intl Stock Indx", "pctHeld": 0.0069999998, "position": 10541092, "value": 85382845}, {"maxAge": 1, "reportDate": "2021-01-31", "organization": "Vanguard International Stock Index-Emerging Markets Stk", "pctHeld": 0.0062, "position": 9420683, "value": 76307532}, {"maxAge": 1, "reportDate": "2021-03-31", "organization": "SPDR Portfolio Emerging Markets ETF", "pctHeld": 0.0022, "position": 3386218, "value": 27259054}, {"maxAge": 1, "reportDate": "2021-01-31", "organization": "Vanguard Intl Equity Index Fds-FTSE All World ex U.S.Small Cap Index", "pctHeld": 0.0015, "position": 2277749, "value": 18449766}, {"maxAge": 1, "reportDate": "2021-01-31", "organization": "DFA Emerging Markets Small Cap Series", "pctHeld": 0.0011, "position": 1606341, "value": 13011362}, {"maxAge": 1, "reportDate": "2021-01-31", "organization": "Vanguard Intl Equity Index - Total World Stock Index Fd", "pctHeld": 0.0002, "position": 283967, "value": 2300132}, {"maxAge": 1, "reportDate": "2021-01-31", "organization": "DFA Emerging Markets Core Equity Portfolio", "pctHeld": 0.0001, "position": 208061, "value": 1685294}], "maxAge": 1}, "summaryDetail": {"maxAge": 1, "priceHint": 2, "previousClose": 7.7, "open": 7.65, "dayLow": 7.6, "dayHigh": 7.9, "regularMarketPreviousClose": 7.7, "regularMarketOpen": 7.65, "regularMarketDayLow": 7.6, "regularMarketDayHigh": 7.9, "exDividendDate": "2011-05-30 05:30:00", "payoutRatio": 0.0, "beta": 1.708542, "forwardPE": 4.25, "volume": 1559567, "regularMarketVolume": 1559567, "averageVolume": 4228749, "averageVolume10days": 3589601, "averageDailyVolume10Day": 3589601, "bid": 0.0, "ask": 0.0, "bidSize": 0, "askSize": 0, "marketCap": 11559609344, "fiftyTwoWeekLow": 3.9, "fiftyTwoWeekHigh": 10.95, "priceToSalesTrailing12Months": 0.14051963, "fiftyDayAverage": 8.377941, "twoHundredDayAverage": 7.198227, "currency": "INR", "fromCurrency": null, "lastMarket": null, "algorithm": null, "tradeable": false}, "insiderHolders": {"holders": [{"maxAge": 1, "name": "Arya Capital Management Pvt. Ltd.", "relation": "Promoter", "url": "", "transactionDescription": "Acquisition", "latestTransDate": "2019-08-08", "positionDirect": 247036391, "positionDirectDate": "2019-08-08"}, {"maxAge": 1, "name": "Dhawan (Shalaka Gulabchand)", "relation": "Wholetime Director", "url": "", "transactionDescription": "Other", "latestTransDate": "2015-04-30", "positionIndirect": 10000, "positionIndirectDate": 1430352000}, {"maxAge": 1, "name": "Gandhi (Bharti Ram)", "relation": "UNREPORTED", "url": "", "transactionDescription": "Acquisition", "latestTransDate": "2010-08-18", "positionDirect": 17000, "positionDirectDate": "2010-08-18"}, {"maxAge": 1, "name": "HSBC Global Investment Fund A/C HSBC Global Funds Mauritius,", "relation": "Investment Management Company", "url": "", "transactionDescription": "Other", "latestTransDate": "2013-09-16", "positionDirect": 0, "positionDirectDate": "2013-09-16"}, {"maxAge": 1, "name": "Hincon Finance Ltd", "relation": "Promoter", "url": "", "transactionDescription": "Other", "latestTransDate": "2014-05-02", "positionDirect": 62261186, "positionDirectDate": "2014-05-02"}, {"maxAge": 1, "name": "Hincon Holdings, Ltd.", "relation": "Promoter", "url": "", "transactionDescription": "Other", "latestTransDate": "2014-05-02", "positionDirect": 216023600, "positionDirectDate": "2014-05-02"}, {"maxAge": 1, "name": "Sanghvi (Anil)", "relation": "Director (Non-Executive)", "url": "", "transactionDescription": "Acquisition", "latestTransDate": "2010-08-18", "positionDirect": 33720, "positionDirectDate": "2010-08-18"}, {"maxAge": 1, "name": "Shalaka Investment Pvt Ltd", "relation": "Promoter", "url": "", "transactionDescription": "Other", "latestTransDate": "2015-04-10", "positionDirect": 538000, "positionDirectDate": "2015-04-10"}, {"maxAge": 1, "name": "Singhvi (Anil)", "relation": "Director (Independent)", "url": "", "transactionDescription": "Sale", "latestTransDate": "2019-11-29", "positionDirect": 0, "positionDirectDate": "2019-11-29"}, {"maxAge": 1, "name": "Singhvi (Nishi)", "relation": "UNREPORTED", "url": "", "transactionDescription": "Acquisition", "latestTransDate": "2011-01-28", "positionDirect": 110000, "positionDirectDate": "2011-01-28"}], "maxAge": 1}, "calendarEvents": {"maxAge": 1, "earnings": {"earningsDate": [], "revenueAverage": 12930100000, "revenueLow": 10448000000, "revenueHigh": 10448000000}, "exDividendDate": "2011-05-30 05:30:00"}, "upgradeDowngradeHistory": {"history": [], "maxAge": 86400}, "price": {"maxAge": 1, "regularMarketChangePercent": -0.0064934697, "regularMarketChange": -0.049999714, "regularMarketTime": "2021-04-30 15:29:55", "priceHint": 2, "regularMarketPrice": 7.65, "regularMarketDayHigh": 7.9, "regularMarketDayLow": 7.6, "regularMarketVolume": 1559567, "averageDailyVolume10Day": 3589601, "averageDailyVolume3Month": 4228749, "regularMarketPreviousClose": 7.7, "regularMarketSource": "FREE_REALTIME", "regularMarketOpen": 7.65, "exchange": "NSI", "exchangeName": "NSE", "exchangeDataDelayedBy": 15, "marketState": "CLOSED", "quoteType": "EQUITY", "symbol": "HCC.NS", "underlyingSymbol": null, "shortName": "HINDUSTAN CONSTRUC", "longName": "Hindustan Construction Company Limited", "currency": "INR", "quoteSourceName": "Delayed Quote", "currencySymbol": "\u20b9", "fromCurrency": null, "lastMarket": null, "marketCap": 11559609344}, "balanceSheetHistory": {"balanceSheetStatements": [{"maxAge": 1, "endDate": "2020-03-31", "cash": 2761100000, "shortTermInvestments": 263100000, "netReceivables": 55377000000, "inventory": 4671700000, "otherCurrentAssets": 8926700000, "totalCurrentAssets": 72103000000, "longTermInvestments": 3545200000, "propertyPlantEquipment": 8800600000, "goodWill": 33800000, "intangibleAssets": 635200000, "otherAssets": 36557700000, "deferredLongTermAssetCharges": 4857700000, "totalAssets": 121675500000, "accountsPayable": 29656200000, "shortLongTermDebt": 9813800000, "otherCurrentLiab": 34576100000, "longTermDebt": 15868400000, "otherLiab": 14713100000, "totalCurrentLiabilities": 95925200000, "totalLiab": 129267300000, "commonStock": 1513000000, "retainedEarnings": -34540600000, "treasuryStock": -1072900000, "capitalSurplus": 26508700000, "otherStockholderEquity": -1072900000, "totalStockholderEquity": -7591800000, "netTangibleAssets": -8260800000}, {"maxAge": 1, "endDate": "2019-03-31", "cash": 2707000000, "shortTermInvestments": 138700000, "netReceivables": 64996900000, "inventory": 6316700000, "otherCurrentAssets": 9135700000, "totalCurrentAssets": 83420500000, "longTermInvestments": 1773300000, "propertyPlantEquipment": 6780100000, "goodWill": 33800000, "intangibleAssets": 595200000, "otherAssets": 16496700000, "deferredLongTermAssetCharges": 6396300000, "totalAssets": 109099600000, "accountsPayable": 27458200000, "shortLongTermDebt": 4711600000, "otherCurrentLiab": 32853600000, "longTermDebt": 24619800000, "otherLiab": 13270100000, "totalCurrentLiabilities": 81209800000, "totalLiab": 119099700000, "commonStock": 1513000000, "retainedEarnings": -36493700000, "treasuryStock": -707000000, "capitalSurplus": 25687600000, "otherStockholderEquity": -707000000, "totalStockholderEquity": -10000100000, "netTangibleAssets": -10629100000}, {"maxAge": 1, "endDate": "2018-03-31", "cash": 4041800000, "shortTermInvestments": 155100000, "netReceivables": 70674200000, "inventory": 25040600000, "otherCurrentAssets": 9788400000, "totalCurrentAssets": 110061600000, "longTermInvestments": 3919000000, "propertyPlantEquipment": 32715100000, "goodWill": 1344000000, "intangibleAssets": 360500000, "otherAssets": 17041000000, "deferredLongTermAssetCharges": 7200000, "totalAssets": 165441200000, "accountsPayable": 36469500000, "shortLongTermDebt": 46706700000, "otherCurrentLiab": 32500900000, "longTermDebt": 36616600000, "otherLiab": 2107100000, "minorityInterest": -4829900000, "totalCurrentLiabilities": 142228200000, "totalLiab": 180951900000, "commonStock": 1015400000, "treasuryStock": -11696200000, "otherStockholderEquity": -11696200000, "totalStockholderEquity": -10680800000, "netTangibleAssets": -12385300000}, {"maxAge": 1, "endDate": "2017-03-31", "cash": 2277400000, "shortTermInvestments": 332300000, "netReceivables": 75074300000, "inventory": 26079400000, "otherCurrentAssets": 9383800000, "totalCurrentAssets": 113477300000, "longTermInvestments": 4428900000, "propertyPlantEquipment": 34509800000, "goodWill": 1244900000, "intangibleAssets": 252200000, "otherAssets": 17044500000, "deferredLongTermAssetCharges": 267000000, "totalAssets": 170957600000, "accountsPayable": 34629200000, "shortLongTermDebt": 23852200000, "otherCurrentLiab": 30810200000, "longTermDebt": 61543700000, "otherLiab": 2349600000, "minorityInterest": -2070900000, "totalCurrentLiabilities": 111815100000, "totalLiab": 175708400000, "commonStock": 1010600000, "treasuryStock": -3690500000, "otherStockholderEquity": -3690500000, "totalStockholderEquity": -2679900000, "netTangibleAssets": -4177000000}], "maxAge": 86400}, "earningsTrend": {"trend": [{"maxAge": 1, "period": "0q", "endDate": "2017-12-31", "growth": {}, "earningsEstimate": {"avg": 0.0, "low": 0.0, "high": 0.0, "yearAgoEps": 0.06, "numberOfAnalysts": 0, "growth": {}}, "revenueEstimate": {"avg": 12930100000, "low": 10448000000, "high": 10448000000, "numberOfAnalysts": 1, "yearAgoRevenue": 8666800000, "growth": 0.492}, "epsTrend": {"current": 0.0, "7daysAgo": 0.0, "30daysAgo": 0.0, "60daysAgo": 0.0, "90daysAgo": 0.0}, "epsRevisions": {"upLast7days": 0, "upLast30days": 0, "downLast30days": 0, "downLast90days": {}}}, {"maxAge": 1, "period": "+1q", "endDate": "2018-03-31", "growth": {}, "earningsEstimate": {"avg": 0.0, "low": 0.0, "high": 0.0, "yearAgoEps": 0.5, "numberOfAnalysts": 0, "growth": {}}, "revenueEstimate": {"avg": 0, "low": 0, "high": 0, "numberOfAnalysts": 0, "yearAgoRevenue": {}, "growth": {}}, "epsTrend": {"current": 0.0, "7daysAgo": 0.0, "30daysAgo": 0.0, "60daysAgo": 0.0, "90daysAgo": 0.0}, "epsRevisions": {"upLast7days": 0, "upLast30days": 0, "downLast30days": 0, "downLast90days": {}}}, {"maxAge": 1, "period": "0y", "endDate": "2018-03-31", "growth": 0.135, "earningsEstimate": {"avg": 1.09, "low": 0.87, "high": 1.5, "yearAgoEps": 0.96, "numberOfAnalysts": 4, "growth": 0.135}, "revenueEstimate": {"avg": 44775300000, "low": 41794000000, "high": 47976000000, "numberOfAnalysts": 5, "yearAgoRevenue": 41959400000, "growth": 0.067}, "epsTrend": {"current": 1.09, "7daysAgo": 1.47, "30daysAgo": 1.47, "60daysAgo": 1.47, "90daysAgo": 1.57}, "epsRevisions": {"upLast7days": 0, "upLast30days": 0, "downLast30days": 1, "downLast90days": {}}}, {"maxAge": 1, "period": "+1y", "endDate": "2019-03-31", "growth": 0.881, "earningsEstimate": {"avg": 2.05, "low": 1.45, "high": 2.7, "yearAgoEps": 1.09, "numberOfAnalysts": 5, "growth": 0.881}, "revenueEstimate": {"avg": 49821600000, "low": 47760000000, "high": 52216000000, "numberOfAnalysts": 5, "yearAgoRevenue": 44775300000, "growth": 0.113000005}, "epsTrend": {"current": 2.05, "7daysAgo": 2.75, "30daysAgo": 2.75, "60daysAgo": 2.75, "90daysAgo": 2.75}, "epsRevisions": {"upLast7days": 0, "upLast30days": 0, "downLast30days": 1, "downLast90days": {}}}, {"maxAge": 1, "period": "+5y", "endDate": null, "growth": 0.07, "earningsEstimate": {"avg": {}, "low": {}, "high": {}, "yearAgoEps": {}, "numberOfAnalysts": {}, "growth": {}}, "revenueEstimate": {"avg": {}, "low": {}, "high": {}, "numberOfAnalysts": {}, "yearAgoRevenue": {}, "growth": {}}, "epsTrend": {"current": {}, "7daysAgo": {}, "30daysAgo": {}, "60daysAgo": {}, "90daysAgo": {}}, "epsRevisions": {"upLast7days": {}, "upLast30days": {}, "downLast30days": {}, "downLast90days": {}}}, {"maxAge": 1, "period": "-5y", "endDate": null, "growth": -0.75184, "earningsEstimate": {"avg": {}, "low": {}, "high": {}, "yearAgoEps": {}, "numberOfAnalysts": {}, "growth": {}}, "revenueEstimate": {"avg": {}, "low": {}, "high": {}, "numberOfAnalysts": {}, "yearAgoRevenue": {}, "growth": {}}, "epsTrend": {"current": {}, "7daysAgo": {}, "30daysAgo": {}, "60daysAgo": {}, "90daysAgo": {}}, "epsRevisions": {"upLast7days": {}, "upLast30days": {}, "downLast30days": {}, "downLast90days": {}}}], "maxAge": 1}, "institutionOwnership": {"ownershipList": [], "maxAge": 1}, "majorHoldersBreakdown": {"maxAge": 1, "insidersPercentHeld": 0.51677, "institutionsPercentHeld": 0.07807, "institutionsFloatPercentHeld": 0.16156, "institutionsCount": 6}, "balanceSheetHistoryQuarterly": {"balanceSheetStatements": [{"maxAge": 1, "endDate": "2020-12-31", "totalStockholderEquity": -16375200000, "netTangibleAssets": -17004900000}, {"maxAge": 1, "endDate": "2020-09-30", "cash": 13223700000, "shortTermInvestments": 428000000, "netReceivables": 21919000000, "inventory": 4669300000, "otherCurrentAssets": 37085400000, "totalCurrentAssets": 77325400000, "longTermInvestments": 1302100000, "propertyPlantEquipment": 8504400000, "goodWill": 33800000, "intangibleAssets": 595900000, "otherAssets": 34253100000, "deferredLongTermAssetCharges": 7198000000, "totalAssets": 122014700000, "accountsPayable": 28961500000, "otherCurrentLiab": 57595600000, "longTermDebt": 14697100000, "otherLiab": 18744800000, "totalCurrentLiabilities": 104948000000, "totalLiab": 138389900000, "commonStock": 1513100000, "treasuryStock": -17888300000, "otherStockholderEquity": -17888300000, "totalStockholderEquity": -16375200000, "netTangibleAssets": -17004900000}, {"maxAge": 1, "endDate": "2020-06-30", "totalStockholderEquity": -7591800000, "netTangibleAssets": -8260800000}, {"maxAge": 1, "endDate": "2020-03-31", "cash": 2761100000, "shortTermInvestments": 263100000, "netReceivables": 55377000000, "inventory": 4671700000, "otherCurrentAssets": 8926700000, "totalCurrentAssets": 72103000000, "longTermInvestments": 3545200000, "propertyPlantEquipment": 8800600000, "goodWill": 33800000, "intangibleAssets": 635200000, "otherAssets": 36557700000, "deferredLongTermAssetCharges": 4857700000, "totalAssets": 121675500000, "accountsPayable": 29656200000, "shortLongTermDebt": 9813800000, "otherCurrentLiab": 34576100000, "longTermDebt": 15868400000, "otherLiab": 14713100000, "totalCurrentLiabilities": 95925200000, "totalLiab": 129267300000, "commonStock": 1513000000, "retainedEarnings": -34540600000, "treasuryStock": -1072900000, "capitalSurplus": 26508700000, "otherStockholderEquity": -1072900000, "totalStockholderEquity": -7591800000, "netTangibleAssets": -8260800000}], "maxAge": 86400}, "earningsHistory": {"history": [{"maxAge": 1, "epsActual": 0.06, "epsEstimate": 0.1, "epsDifference": -0.04, "surprisePercent": -0.4, "quarter": "2016-12-31", "period": "-4q"}, {"maxAge": 1, "epsActual": 0.5, "epsEstimate": 0.3, "epsDifference": 0.2, "surprisePercent": 0.667, "quarter": "2017-03-31", "period": "-3q"}, {"maxAge": 1, "epsActual": 0.14, "epsEstimate": -0.05, "epsDifference": 0.19, "surprisePercent": 3.8, "quarter": "2017-06-30", "period": "-2q"}, {"maxAge": 1, "epsActual": 0.11, "epsEstimate": 0.27, "epsDifference": -0.16, "surprisePercent": -0.593, "quarter": "2017-09-30", "period": "-1q"}], "maxAge": 86400}, "summaryProfile": {"address1": "Hincon House", "address2": "Lal Bahadur Shastri Marg Vikhroli (West)", "city": "Mumbai", "zip": "400083", "country": "India", "phone": "91 22 2575 1000", "fax": "91 22 2577 7568", "website": "http://www.hccindia.com", "industry": "Engineering & Construction", "sector": "Industrials", "longBusinessSummary": "Hindustan Construction Company Limited, together with its subsidiaries, primarily provides engineering and construction services in India. It constructs roads, highways, expressways, bridges, elevated corridors, railways, metro rails, ports, and marine structures; dams, barrages, tunnels, powerhouses, shafts, and various underground works; and reactors, auxiliary buildings, spent fuel buildings, safety pump houses, and control buildings. The company also constructs integrated water supply systems, bulk water transmission projects, dams, barrages, irrigation, water treatment and sewage treatment plants, and aqueducts; and hydrocarbon, metals and process plants and factories, residential and commercial buildings, institutional buildings, and station buildings. In addition, it provides insurance auxiliary services, as well as information technology consulting, toll management, aircraft, hotel, power development, entertainment, educational, hostel, tourism, city management, and parking services; and operates watersport operations, and clubs. The company also engages in the manufacture and sale of bamboo articles; adventure sports, information and communication technology, housing, and retail and leasing businesses; and city management activities. Hindustan Construction Company Limited was founded in 1926 and is based in Mumbai, India.", "fullTimeEmployees": 1380, "companyOfficers": [], "maxAge": 86400}, "netSharePurchaseActivity": {"maxAge": 1, "period": "6m", "buyInfoCount": 0, "buyInfoShares": 0, "sellInfoCount": 0, "netInfoCount": 0, "netInfoShares": 0, "netPercentInsiderShares": 0.0, "totalInsiderShares": 785622912}, "insiderTransactions": {"transactions": [{"maxAge": 1, "shares": 400000, "filerUrl": "", "transactionText": "", "filerName": "Singhvi (Anil)", "filerRelation": "Director (Independent)", "moneyText": "", "startDate": "2019-11-29", "ownership": "D"}, {"maxAge": 1, "shares": 100000, "filerUrl": "", "transactionText": "", "filerName": "Singhvi (Anil)", "filerRelation": "Director (Independent)", "moneyText": "", "startDate": "2019-11-27", "ownership": "D"}, {"maxAge": 1, "shares": 469774, "filerUrl": "", "transactionText": "", "filerName": "Arya Capital Management Pvt. Ltd.", "filerRelation": "Promoter", "moneyText": "", "startDate": "2019-08-08", "ownership": "D"}, {"maxAge": 1, "shares": 151000, "filerUrl": "", "transactionText": "", "filerName": "Arya Capital Management Pvt. Ltd.", "filerRelation": "Promoter", "moneyText": "", "startDate": "2019-06-28", "ownership": "D"}, {"maxAge": 1, "shares": 160000, "filerUrl": "", "transactionText": "", "filerName": "Arya Capital Management Pvt. Ltd.", "filerRelation": "Promoter", "moneyText": "", "startDate": "2019-06-27", "ownership": "D"}, {"maxAge": 1, "shares": 346037, "filerUrl": "", "transactionText": "", "filerName": "Arya Capital Management Pvt. Ltd.", "filerRelation": "Promoter", "moneyText": "", "startDate": "2019-02-21", "ownership": "D"}, {"maxAge": 1, "shares": 966886, "filerUrl": "", "transactionText": "", "filerName": "Arya Capital Management Pvt. Ltd.", "filerRelation": "Promoter", "moneyText": "", "startDate": "2019-02-20", "ownership": "D"}, {"maxAge": 1, "shares": 1557699, "filerUrl": "", "transactionText": "", "filerName": "Arya Capital Management Pvt. Ltd.", "filerRelation": "Promoter", "moneyText": "", "startDate": "2019-02-19", "ownership": "D"}, {"maxAge": 1, "shares": 790333, "filerUrl": "", "transactionText": "", "filerName": "Arya Capital Management Pvt. Ltd.", "filerRelation": "Promoter", "moneyText": "", "startDate": "2019-02-15", "ownership": "D"}, {"maxAge": 1, "shares": 2554804, "filerUrl": "", "transactionText": "", "filerName": "Arya Capital Management Pvt. Ltd.", "filerRelation": "Promoter", "moneyText": "", "startDate": "2019-02-14", "ownership": "D"}, {"maxAge": 1, "shares": 1600782, "filerUrl": "", "transactionText": "", "filerName": "Arya Capital Management Pvt. Ltd.", "filerRelation": "Promoter", "moneyText": "", "startDate": "2019-02-12", "ownership": "D"}, {"maxAge": 1, "shares": 237339076, "filerUrl": "", "transactionText": "", "filerName": "Arya Capital Management Pvt. Ltd.", "filerRelation": "Promoter", "moneyText": "", "startDate": "2018-12-31", "ownership": "D"}, {"maxAge": 1, "shares": 1035000, "filerUrl": "", "transactionText": "", "filerName": "Arya Capital Management Pvt. Ltd.", "filerRelation": "Promoter", "moneyText": "", "startDate": "2018-11-19", "ownership": "D"}, {"maxAge": 1, "shares": 500000, "filerUrl": "", "transactionText": "", "filerName": "Singhvi (Anil)", "filerRelation": "Director (Independent)", "moneyText": "", "startDate": "2018-06-29", "ownership": "D"}, {"maxAge": 1, "shares": 0, "filerUrl": "", "transactionText": "", "filerName": "Dhawan (Shalaka Gulabchand)", "filerRelation": "Wholetime Director", "moneyText": "", "startDate": "2015-04-30", "ownership": "I"}, {"maxAge": 1, "shares": 65000, "filerUrl": "", "transactionText": "", "filerName": "Arya Capital Management Pvt. Ltd.", "filerRelation": "Promoter", "moneyText": "", "startDate": "2015-04-10", "ownership": "D"}, {"maxAge": 1, "shares": 10000, "filerUrl": "", "transactionText": "", "filerName": "Dhawan (Shalaka Gulabchand)", "filerRelation": "Promoter", "moneyText": "", "startDate": "2015-04-10", "ownership": "D"}, {"maxAge": 1, "shares": 538000, "filerUrl": "", "transactionText": "", "filerName": "Shalaka Investment Pvt Ltd", "filerRelation": "Promoter", "moneyText": "", "startDate": "2015-04-10", "ownership": "D"}, {"maxAge": 1, "shares": 15320000, "filerUrl": "", "transactionText": "", "filerName": "Hincon Holdings, Ltd.", "filerRelation": "Promoter", "moneyText": "", "startDate": "2014-05-02", "ownership": "D"}, {"maxAge": 1, "shares": 23895686, "filerUrl": "", "transactionText": "", "filerName": "Hincon Finance Ltd", "filerRelation": "Promoter", "moneyText": "", "startDate": "2014-05-02", "ownership": "D"}, {"maxAge": 1, "shares": 29999758, "filerUrl": "", "transactionText": "", "filerName": "HSBC Global Investment Fund A/C HSBC Global Funds Mauritius,", "filerRelation": "Investment Management Company", "moneyText": "", "startDate": "2013-09-16", "ownership": "D"}, {"maxAge": 1, "shares": 50000, "filerUrl": "", "transactionText": "", "filerName": "Singhvi (Nishi)", "filerRelation": "UNREPORTED", "moneyText": "", "startDate": "2011-01-28", "ownership": "D"}, {"maxAge": 1, "shares": 16860, "filerUrl": "", "transactionText": "", "filerName": "Sanghvi (Anil)", "filerRelation": "Director (Non-Executive)", "moneyText": "", "startDate": "2010-08-18", "ownership": "D"}, {"maxAge": 1, "shares": 8500, "filerUrl": "", "transactionText": "", "filerName": "Gandhi (Bharti Ram)", "filerRelation": "UNREPORTED", "moneyText": "", "startDate": "2010-08-18", "ownership": "D"}, {"maxAge": 1, "shares": 24000, "filerUrl": "", "transactionText": "", "filerName": "Gandhi (Ram P)", "filerRelation": "Director (Non-Executive)", "moneyText": "", "startDate": "2010-08-18", "ownership": "D"}, {"maxAge": 1, "shares": 50000, "filerUrl": "", "transactionText": "", "filerName": "Bhogilal (Pratap)", "filerRelation": "Director (Non-Executive)", "moneyText": "", "startDate": "2010-08-18", "ownership": "D"}, {"maxAge": 1, "shares": 1058647, "filerUrl": "", "transactionText": "", "filerName": "Gulabchand (Ajit)", "filerRelation": "Chairman of the Board", "moneyText": "", "startDate": "2010-08-18", "ownership": "D"}, {"maxAge": 1, "shares": 30000, "filerUrl": "", "transactionText": "", "filerName": "Singhvi (Nishi)", "filerRelation": "UNREPORTED", "moneyText": "", "startDate": "2010-08-18", "ownership": "D"}, {"maxAge": 1, "shares": 193900, "filerUrl": "", "transactionText": "", "filerName": "Bhogilal (Nirmal P)", "filerRelation": "Director (Independent)", "moneyText": "", "startDate": "2010-08-18", "ownership": "D"}, {"maxAge": 1, "shares": 6860, "filerUrl": "", "transactionText": "", "filerName": "Sanghvi (Anil)", "filerRelation": "Director (Non-Executive)", "moneyText": "", "startDate": "2010-04-29", "ownership": "D"}], "maxAge": 1}, "sectorTrend": {"maxAge": 1, "symbol": null, "estimates": []}, "incomeStatementHistoryQuarterly": {"incomeStatementHistory": [{"maxAge": 1, "endDate": "2020-12-31", "totalRevenue": 24055100000, "costOfRevenue": 17149500000, "grossProfit": 6905600000, "researchDevelopment": {}, "sellingGeneralAdministrative": 2498900000, "nonRecurring": {}, "otherOperatingExpenses": 584500000, "totalOperatingExpenses": 20588200000, "operatingIncome": 3466900000, "totalOtherIncomeExpenseNet": -2223000000, "ebit": 3466900000, "interestExpense": -2343200000, "incomeBeforeTax": 1243900000, "incomeTaxExpense": 58100000, "minorityInterest": {}, "netIncomeFromContinuingOps": 1185800000, "discontinuedOperations": {}, "extraordinaryItems": {}, "effectOfAccountingCharges": {}, "otherItems": {}, "netIncome": 1185800000, "netIncomeApplicableToCommonShares": 1185800000}, {"maxAge": 1, "endDate": "2020-09-30", "totalRevenue": 18101700000, "costOfRevenue": 15296800000, "grossProfit": 2804900000, "researchDevelopment": {}, "sellingGeneralAdministrative": 2259600000, "nonRecurring": {}, "otherOperatingExpenses": 878800000, "totalOperatingExpenses": 18794200000, "operatingIncome": -692500000, "totalOtherIncomeExpenseNet": -4879500000, "ebit": -692500000, "interestExpense": -2143300000, "incomeBeforeTax": -5572000000, "incomeTaxExpense": -805900000, "minorityInterest": {}, "netIncomeFromContinuingOps": -4766100000, "discontinuedOperations": {}, "extraordinaryItems": {}, "effectOfAccountingCharges": {}, "otherItems": {}, "netIncome": -4766100000, "netIncomeApplicableToCommonShares": -4766100000}, {"maxAge": 1, "endDate": "2020-06-30", "totalRevenue": 16758800000, "costOfRevenue": 14396400000, "grossProfit": 2362400000, "researchDevelopment": {}, "sellingGeneralAdministrative": 2251600000, "nonRecurring": {}, "otherOperatingExpenses": 711400000, "totalOperatingExpenses": 17671800000, "operatingIncome": -913000000, "totalOtherIncomeExpenseNet": -4673700000, "ebit": -913000000, "interestExpense": -2224200000, "incomeBeforeTax": -5586700000, "incomeTaxExpense": -1494100000, "minorityInterest": {}, "netIncomeFromContinuingOps": -4092600000, "discontinuedOperations": {}, "extraordinaryItems": {}, "effectOfAccountingCharges": {}, "otherItems": {}, "netIncome": -4092600000, "netIncomeApplicableToCommonShares": -4092600000}, {"maxAge": 1, "endDate": "2020-03-31", "totalRevenue": 23559200000, "costOfRevenue": 17597000000, "grossProfit": 5962200000, "researchDevelopment": {}, "sellingGeneralAdministrative": 3579800000, "nonRecurring": {}, "otherOperatingExpenses": 916500000, "totalOperatingExpenses": 22404700000, "operatingIncome": 1154500000, "totalOtherIncomeExpenseNet": -25800000, "ebit": 1154500000, "interestExpense": -1843300000, "incomeBeforeTax": 1128700000, "incomeTaxExpense": -1267500000, "minorityInterest": {}, "netIncomeFromContinuingOps": 2396200000, "discontinuedOperations": {}, "extraordinaryItems": {}, "effectOfAccountingCharges": {}, "otherItems": {}, "netIncome": 2396200000, "netIncomeApplicableToCommonShares": 2396200000}], "maxAge": 86400}, "cashflowStatementHistoryQuarterly": {"cashflowStatements": [{"maxAge": 1, "endDate": "2020-12-31", "netIncome": 1185800000, "changeToLiabilities": 0}, {"maxAge": 1, "endDate": "2020-09-30", "netIncome": -4766100000, "changeToLiabilities": 0}, {"maxAge": 1, "endDate": "2020-06-30", "netIncome": -4092600000, "changeToLiabilities": 0}, {"maxAge": 1, "endDate": "2020-03-31", "netIncome": 2396200000, "changeToLiabilities": 0}], "maxAge": 86400}, "earnings": {"maxAge": 86400, "earningsChart": {"quarterly": [{"date": "4Q2016", "actual": 0.06, "estimate": 0.1}, {"date": "1Q2017", "actual": 0.5, "estimate": 0.3}, {"date": "2Q2017", "actual": 0.14, "estimate": -0.05}, {"date": "3Q2017", "actual": 0.11, "estimate": 0.27}], "currentQuarterEstimateDate": "4Q", "currentQuarterEstimateYear": 2017, "earningsDate": []}, "financialsChart": {"yearly": [{"date": 2017, "revenue": 98667800000, "earnings": -9826000000}, {"date": 2018, "revenue": 101324600000, "earnings": -8156800000}, {"date": 2019, "revenue": 105435200000, "earnings": -498500000}, {"date": 2020, "revenue": 94370600000, "earnings": 1970300000}], "quarterly": [{"date": "1Q2020", "revenue": 23559200000, "earnings": 2396200000}, {"date": "2Q2020", "revenue": 16758800000, "earnings": -4092600000}, {"date": "3Q2020", "revenue": 18101700000, "earnings": -4766100000}, {"date": "4Q2020", "revenue": 24055100000, "earnings": 1185800000}]}, "financialCurrency": "INR"}, "financialData": {"maxAge": 86400, "currentPrice": 7.65, "targetHighPrice": 75.0, "targetLowPrice": 36.0, "targetMeanPrice": 51.75, "targetMedianPrice": 48.0, "recommendationMean": 2.6, "recommendationKey": "hold", "numberOfAnalystOpinions": 4, "totalCash": 13651699712, "totalCashPerShare": 8.98, "ebitda": 4680249856, "totalDebt": 33088000000, "totalRevenue": 82263302144, "revenuePerShare": 54.135, "grossProfits": 22009300000, "earningsGrowth": -0.435, "revenueGrowth": 0.029, "grossMargins": 0.23015, "ebitdaMargins": 0.05689, "operatingMargins": 0.04773, "profitMargins": -0.055419996, "financialCurrency": "INR"}}}