{"HCG.BO": {"recommendationTrend": {"trend": [{"period": "0m", "strongBuy": 0, "buy": 0, "hold": 0, "sell": 0, "strongSell": 0}, {"period": "-1m", "strongBuy": 0, "buy": 0, "hold": 0, "sell": 0, "strongSell": 0}, {"period": "-2m", "strongBuy": 0, "buy": 0, "hold": 0, "sell": 0, "strongSell": 0}, {"period": "-3m", "strongBuy": 0, "buy": 0, "hold": 0, "sell": 0, "strongSell": 0}], "maxAge": 86400}, "cashflowStatementHistory": {"cashflowStatements": [{"maxAge": 1, "endDate": "2020-03-31", "netIncome": -1066950000, "depreciation": 1423190000, "changeToNetincome": 1110370000, "changeToAccountReceivables": -325830000, "changeToLiabilities": 181880000, "changeToInventory": 35140000, "changeToOperatingActivities": -117680000, "totalCashFromOperatingActivities": 1301380000, "capitalExpenditures": -1078110000, "investments": 35010000, "otherCashflowsFromInvestingActivities": 25060000, "totalCashflowsFromInvestingActivities": -1013840000, "netBorrowings": 231200000, "otherCashflowsFromFinancingActivities": -1018700000, "totalCashFromFinancingActivities": -584250000, "changeInCash": -296700000, "issuanceOfStock": 203250000}, {"maxAge": 1, "endDate": "2019-03-31", "netIncome": -247970000, "depreciation": 818420000, "changeToNetincome": 361110000, "changeToAccountReceivables": -327570000, "changeToLiabilities": 461720000, "changeToInventory": -27460000, "changeToOperatingActivities": -85640000, "totalCashFromOperatingActivities": 985040000, "capitalExpenditures": -1887820000, "investments": -56800000, "otherCashflowsFromInvestingActivities": -116600000, "totalCashflowsFromInvestingActivities": -2381980000, "netBorrowings": 1295370000, "otherCashflowsFromFinancingActivities": -461190000, "totalCashFromFinancingActivities": 835110000, "changeInCash": -561830000, "issuanceOfStock": 930000}, {"maxAge": 1, "endDate": "2018-03-31", "netIncome": 205230000, "depreciation": 692370000, "changeToNetincome": 328050000, "changeToAccountReceivables": -397930000, "changeToLiabilities": 428220000, "changeToInventory": -79300000, "changeToOperatingActivities": -220740000, "totalCashFromOperatingActivities": 978130000, "capitalExpenditures": -2561630000, "investments": -235120000, "otherCashflowsFromInvestingActivities": -123290000, "totalCashflowsFromInvestingActivities": -2817020000, "netBorrowings": 1492450000, "otherCashflowsFromFinancingActivities": -227690000, "totalCashFromFinancingActivities": 1612860000, "changeInCash": -240230000, "issuanceOfStock": 348100000}, {"maxAge": 1, "endDate": "2017-03-31", "netIncome": 221730000, "depreciation": 561500000, "changeToNetincome": 243440000, "changeToAccountReceivables": -369960000, "changeToLiabilities": 334850000, "changeToInventory": -54190000, "changeToOperatingActivities": -31330000, "totalCashFromOperatingActivities": 912790000, "capitalExpenditures": -1926630000, "investments": -138880000, "otherCashflowsFromInvestingActivities": -35740000, "totalCashflowsFromInvestingActivities": -2097990000, "netBorrowings": 921330000, "otherCashflowsFromFinancingActivities": -99110000, "totalCashFromFinancingActivities": 891520000, "changeInCash": -293680000, "issuanceOfStock": 69300000}], "maxAge": 86400}, "institutionOwnership": {"ownershipList": [], "maxAge": 1}, "balanceSheetHistoryQuarterly": {"balanceSheetStatements": [{"maxAge": 1, "endDate": "2020-06-30", "totalStockholderEquity": 3812500000, "netTangibleAssets": 2399000000}, {"maxAge": 1, "endDate": "2020-03-31", "cash": 317450000, "shortTermInvestments": 104930000, "netReceivables": 2080620000, "inventory": 232580000, "otherCurrentAssets": 239860000, "totalCurrentAssets": 3037850000, "longTermInvestments": 506110000, "propertyPlantEquipment": 15508240000, "goodWill": 1093400000, "intangibleAssets": 320080000, "otherAssets": 2066040000, "deferredLongTermAssetCharges": 261400000, "totalAssets": 22531720000, "accountsPayable": 1535700000, "shortLongTermDebt": 240380000, "otherCurrentLiab": 2361140000, "longTermDebt": 5296100000, "otherLiab": 1188760000, "minorityInterest": 385140000, "totalCurrentLiabilities": 5757490000, "totalLiab": 18334030000, "commonStock": 886910000, "retainedEarnings": -2922220000, "treasuryStock": 51610000, "capitalSurplus": 5796250000, "otherStockholderEquity": 51610000, "totalStockholderEquity": 3812550000, "netTangibleAssets": 2399070000}, {"maxAge": 1, "endDate": "2019-12-31", "totalStockholderEquity": 4573500000, "netTangibleAssets": 3305300000}, {"maxAge": 1, "endDate": "2019-09-30", "cash": 202700000, "shortTermInvestments": 260800000, "netReceivables": 1995000000, "inventory": 231800000, "otherCurrentAssets": 336500000, "totalCurrentAssets": 3026800000, "longTermInvestments": 557700000, "propertyPlantEquipment": 16275700000, "goodWill": 1093400000, "intangibleAssets": 174800000, "otherAssets": 1802700000, "deferredLongTermAssetCharges": 296600000, "totalAssets": 22931100000, "accountsPayable": 1679400000, "otherCurrentLiab": 2398700000, "longTermDebt": 4791000000, "otherLiab": 1236700000, "minorityInterest": 429300000, "totalCurrentLiabilities": 5387800000, "totalLiab": 17928300000, "commonStock": 886400000, "treasuryStock": 3687100000, "otherStockholderEquity": 3687100000, "totalStockholderEquity": 4573500000, "netTangibleAssets": 3305300000}], "maxAge": 86400}, "earningsHistory": {"history": [{"maxAge": 1, "epsActual": 0.37, "epsEstimate": 0.84, "epsDifference": -0.47, "surprisePercent": -0.56, "quarter": "2017-12-31", "period": "-4q"}, {"maxAge": 1, "epsActual": -0.21, "epsEstimate": 0.58, "epsDifference": -0.79, "surprisePercent": -1.362, "quarter": "2018-03-31", "period": "-3q"}, {"maxAge": 1, "epsActual": -0.39, "epsEstimate": 0.34, "epsDifference": -0.73, "surprisePercent": -2.147, "quarter": "2018-06-30", "period": "-2q"}, {"maxAge": 1, "epsActual": -0.74, "epsEstimate": 0.2, "epsDifference": -0.94, "surprisePercent": -4.7, "quarter": "2018-09-30", "period": "-1q"}], "maxAge": 86400}, "indexTrend": {"maxAge": 1, "symbol": "SP5", "peRatio": 19.7411, "pegRatio": 1.34172, "estimates": [{"period": "0q", "growth": 0.549}, {"period": "+1q", "growth": 0.431}, {"period": "0y", "growth": 0.305}, {"period": "+1y", "growth": 0.109}, {"period": "+5y", "growth": 0.120865}, {"period": "-5y"}]}, "industryTrend": {"maxAge": 1, "symbol": null, "estimates": []}, "insiderTransactions": {"transactions": [{"maxAge": 1, "shares": 8320805, "filerUrl": "", "transactionText": "", "filerName": "V-Sciences Investments Pte. Ltd.", "filerRelation": "Promoter", "moneyText": "", "startDate": "2020-09-08", "ownership": "D"}, {"maxAge": 1, "shares": 26048478, "value": 45920861, "filerUrl": "", "transactionText": "Other at price 1.76 per share.", "filerName": "ACESO Company Pet. Ltd.", "filerRelation": "Promoter", "moneyText": "", "startDate": "2020-09-08", "ownership": "D"}, {"maxAge": 1, "shares": 36573455, "filerUrl": "", "transactionText": "", "filerName": "ACESO Company Pet. Ltd.", "filerRelation": "Promoter", "moneyText": "", "startDate": "2020-07-28", "ownership": "D"}, {"maxAge": 1, "shares": 1859938, "filerUrl": "", "transactionText": "", "filerName": "Buena Vista Asian Opportunities Master Fund, Ltd.", "filerRelation": "Promoter", "moneyText": "", "startDate": "2020-05-19", "ownership": "D"}, {"maxAge": 1, "shares": 200000, "filerUrl": "", "transactionText": "", "filerName": "Buena Vista Asian Opportunities Master Fund, Ltd.", "filerRelation": "Promoter", "moneyText": "", "startDate": "2020-05-05", "ownership": "D"}, {"maxAge": 1, "shares": 7575, "filerUrl": "", "transactionText": "", "filerName": "Kumar (Ajay B S)", "filerRelation": "Promoter", "moneyText": "", "startDate": "2019-06-28", "ownership": "D"}, {"maxAge": 1, "shares": 7575, "filerUrl": "", "transactionText": "", "filerName": "Nayak (Genesh)", "filerRelation": "Promoter", "moneyText": "", "startDate": "2019-06-28", "ownership": "D"}, {"maxAge": 1, "shares": 7000, "filerUrl": "", "transactionText": "", "filerName": "Nayak (Genesh)", "filerRelation": "Promoter", "moneyText": "", "startDate": "2019-03-29", "ownership": "D"}, {"maxAge": 1, "shares": 5000, "filerUrl": "", "transactionText": "", "filerName": "Kittur (Ananth S)", "filerRelation": "UNREPORTED", "moneyText": "", "startDate": "2019-02-26", "ownership": "D"}, {"maxAge": 1, "shares": 5700, "filerUrl": "", "transactionText": "", "filerName": "Kittur (Ananth S)", "filerRelation": "UNREPORTED", "moneyText": "", "startDate": "2019-02-25", "ownership": "D"}, {"maxAge": 1, "shares": 350, "filerUrl": "", "transactionText": "", "filerName": "Kumar (Ajay B S)", "filerRelation": "Promoter", "moneyText": "", "startDate": "2019-02-21", "ownership": "D"}, {"maxAge": 1, "shares": 3100, "filerUrl": "", "transactionText": "", "filerName": "Kumar (Ajay B S)", "filerRelation": "Promoter", "moneyText": "", "startDate": "2019-02-21", "ownership": "D"}, {"maxAge": 1, "shares": 3800, "filerUrl": "", "transactionText": "", "filerName": "Kittur (Ananth S)", "filerRelation": "UNREPORTED", "moneyText": "", "startDate": "2019-02-20", "ownership": "D"}, {"maxAge": 1, "shares": 974, "filerUrl": "", "transactionText": "", "filerName": "Kumar (Ajay B S)", "filerRelation": "Promoter", "moneyText": "", "startDate": "2019-02-20", "ownership": "D"}, {"maxAge": 1, "shares": 6094, "filerUrl": "", "transactionText": "", "filerName": "Kumar (Ajay B S)", "filerRelation": "Promoter", "moneyText": "", "startDate": "2019-02-20", "ownership": "D"}, {"maxAge": 1, "shares": 6320, "filerUrl": "", "transactionText": "", "filerName": "Kumar (Ajay B S)", "filerRelation": "Promoter", "moneyText": "", "startDate": "2019-02-19", "ownership": "D"}, {"maxAge": 1, "shares": 1371, "filerUrl": "", "transactionText": "", "filerName": "Ganapati (Gangadhara)", "filerRelation": "Promoter", "moneyText": "", "startDate": "2019-02-19", "ownership": "D"}, {"maxAge": 1, "shares": 658, "filerUrl": "", "transactionText": "", "filerName": "Kumar (Ajay B S)", "filerRelation": "Promoter", "moneyText": "", "startDate": "2019-02-19", "ownership": "D"}, {"maxAge": 1, "shares": 3111, "filerUrl": "", "transactionText": "", "filerName": "Kumar (Ajay B S)", "filerRelation": "Promoter", "moneyText": "", "startDate": "2019-02-18", "ownership": "D"}, {"maxAge": 1, "shares": 2689, "filerUrl": "", "transactionText": "", "filerName": "Gadhavi (Shwetal Bharat)", "filerRelation": "UNREPORTED", "moneyText": "", "startDate": "2019-02-18", "ownership": "D"}, {"maxAge": 1, "shares": 240, "filerUrl": "", "transactionText": "", "filerName": "Gadhavi (Shwetal Bharat)", "filerRelation": "UNREPORTED", "moneyText": "", "startDate": "2019-02-18", "ownership": "D"}, {"maxAge": 1, "shares": 3366, "filerUrl": "", "transactionText": "", "filerName": "Ganapati (Gangadhara)", "filerRelation": "Promoter", "moneyText": "", "startDate": "2019-02-18", "ownership": "D"}, {"maxAge": 1, "shares": 3122, "filerUrl": "", "transactionText": "", "filerName": "Ganapati (Gangadhara)", "filerRelation": "Promoter", "moneyText": "", "startDate": "2019-02-15", "ownership": "D"}, {"maxAge": 1, "shares": 2000, "filerUrl": "", "transactionText": "", "filerName": "Gadhavi (Shwetal Bharat)", "filerRelation": "UNREPORTED", "moneyText": "", "startDate": "2019-02-15", "ownership": "D"}, {"maxAge": 1, "shares": 71, "filerUrl": "", "transactionText": "", "filerName": "Gadhavi (Shwetal Bharat)", "filerRelation": "UNREPORTED", "moneyText": "", "startDate": "2019-02-15", "ownership": "D"}, {"maxAge": 1, "shares": 2141, "filerUrl": "", "transactionText": "", "filerName": "Ganapati (Gangadhara)", "filerRelation": "Promoter", "moneyText": "", "startDate": "2019-02-14", "ownership": "D"}, {"maxAge": 1, "shares": 23390, "filerUrl": "", "transactionText": "", "filerName": "Ganapati (Gangadhara)", "filerRelation": "UNREPORTED", "moneyText": "", "startDate": "2018-09-29", "ownership": "D"}, {"maxAge": 1, "shares": 2077, "filerUrl": "", "transactionText": "", "filerName": "Kittur (Ananth S)", "filerRelation": "UNREPORTED", "moneyText": "", "startDate": "2018-08-17", "ownership": "D"}, {"maxAge": 1, "shares": 6123, "filerUrl": "", "transactionText": "", "filerName": "Kittur (Ananth S)", "filerRelation": "UNREPORTED", "moneyText": "", "startDate": "2018-08-14", "ownership": "D"}, {"maxAge": 1, "shares": 10000, "filerUrl": "", "transactionText": "", "filerName": "Amarkumar (B)", "filerRelation": "Promoter", "moneyText": "", "startDate": "2018-06-14", "ownership": "D"}, {"maxAge": 1, "shares": 38500, "filerUrl": "", "transactionText": "", "filerName": "Nayak (Genesh)", "filerRelation": "UNREPORTED", "moneyText": "", "startDate": "2017-03-30", "ownership": "D"}, {"maxAge": 1, "shares": 1129, "filerUrl": "", "transactionText": "", "filerName": "Rao (Raja Manikya)", "filerRelation": "UNREPORTED", "moneyText": "", "startDate": "2016-11-29", "ownership": "D"}, {"maxAge": 1, "shares": 625000, "filerUrl": "", "transactionText": "", "filerName": "Ganapati (Gangadhara)", "filerRelation": "UNREPORTED", "moneyText": "", "startDate": "2016-11-23", "ownership": "D"}], "maxAge": 1}, "quoteType": {"exchange": "BSE", "quoteType": "EQUITY", "symbol": "HCG.BO", "underlyingSymbol": "HCG.BO", "shortName": "HealthCare Global Enterprises", "longName": "HealthCare Global Enterprises Limited", "firstTradeDateEpochUtc": "2017-03-03 09:15:00", "timeZoneFullName": "Asia/Kolkata", "timeZoneShortName": "IST", "uuid": "3bea8d86-544c-3d7f-972c-9aed8fabef8d", "gmtOffSetMilliseconds": 19800000, "maxAge": 1}, "incomeStatementHistory": {"incomeStatementHistory": [{"maxAge": 1, "endDate": "2020-03-31", "totalRevenue": 10956380000, "costOfRevenue": 4486820000, "grossProfit": 6469560000, "researchDevelopment": {}, "sellingGeneralAdministrative": 263790000, "nonRecurring": {}, "otherOperatingExpenses": 4466460000, "totalOperatingExpenses": 10726910000, "operatingIncome": 229470000, "totalOtherIncomeExpenseNet": -1422110000, "ebit": 229470000, "interestExpense": -1234590000, "incomeBeforeTax": -1192640000, "incomeTaxExpense": 61890000, "minorityInterest": 385140000, "netIncomeFromContinuingOps": -1254530000, "discontinuedOperations": {}, "extraordinaryItems": {}, "effectOfAccountingCharges": {}, "otherItems": {}, "netIncome": -1066950000, "netIncomeApplicableToCommonShares": -1066950000}, {"maxAge": 1, "endDate": "2019-03-31", "totalRevenue": 9786740000, "costOfRevenue": 4037410000, "grossProfit": 5749330000, "researchDevelopment": {}, "sellingGeneralAdministrative": 685160000, "nonRecurring": {}, "otherOperatingExpenses": 3817230000, "totalOperatingExpenses": 9390650000, "operatingIncome": 396090000, "totalOtherIncomeExpenseNet": -729840000, "ebit": 396090000, "interestExpense": -504840000, "incomeBeforeTax": -333750000, "incomeTaxExpense": -25000000, "minorityInterest": 455470000, "netIncomeFromContinuingOps": -308750000, "discontinuedOperations": {}, "extraordinaryItems": {}, "effectOfAccountingCharges": {}, "otherItems": {}, "netIncome": -247970000, "netIncomeApplicableToCommonShares": -247970000}, {"maxAge": 1, "endDate": "2018-03-31", "totalRevenue": 8306880000, "costOfRevenue": 3478700000, "grossProfit": 4828180000, "researchDevelopment": {}, "sellingGeneralAdministrative": 523180000, "nonRecurring": {}, "otherOperatingExpenses": 3020790000, "totalOperatingExpenses": 7837380000, "operatingIncome": 469500000, "totalOtherIncomeExpenseNet": -197740000, "ebit": 469500000, "interestExpense": -365500000, "incomeBeforeTax": 271760000, "incomeTaxExpense": 102380000, "minorityInterest": 639210000, "netIncomeFromContinuingOps": 169380000, "discontinuedOperations": {}, "extraordinaryItems": {}, "effectOfAccountingCharges": {}, "otherItems": {}, "netIncome": 205230000, "netIncomeApplicableToCommonShares": 205230000}, {"maxAge": 1, "endDate": "2017-03-31", "totalRevenue": 7001110000, "costOfRevenue": 2931880000, "grossProfit": 4069230000, "researchDevelopment": {}, "sellingGeneralAdministrative": 439500000, "nonRecurring": {}, "otherOperatingExpenses": 2582700000, "totalOperatingExpenses": 6522330000, "operatingIncome": 478780000, "totalOtherIncomeExpenseNet": -130350000, "ebit": 478780000, "interestExpense": -196590000, "incomeBeforeTax": 348430000, "incomeTaxExpense": 118000000, "minorityInterest": 574620000, "netIncomeFromContinuingOps": 230430000, "discontinuedOperations": {}, "extraordinaryItems": {}, "effectOfAccountingCharges": {}, "otherItems": {}, "netIncome": 221730000, "netIncomeApplicableToCommonShares": 230070000}], "maxAge": 86400}, "fundOwnership": {"ownershipList": [{"maxAge": 1, "reportDate": "2020-07-31", "organization": "DFA Emerging Markets Small Cap Series", "pctHeld": 0.0007, "position": 92974, "value": 11724021}, {"maxAge": 1, "reportDate": "2020-07-31", "organization": "DFA Investment Dimensions-Emerging Markets Social Core Equity", "pctHeld": 0.0001, "position": 17375, "value": 2190987}, {"maxAge": 1, "reportDate": "2020-07-31", "organization": "DFA Emerging Markets Core Equity Portfolio", "pctHeld": 0.0001, "position": 12428, "value": 1567170}], "maxAge": 1}, "summaryDetail": {"maxAge": 1, "priceHint": 2, "previousClose": 176.0, "open": 174.0, "dayLow": 171.55, "dayHigh": 181.0, "regularMarketPreviousClose": 176.0, "regularMarketOpen": 174.0, "regularMarketDayLow": 171.55, "regularMarketDayHigh": 181.0, "forwardPE": 61.8007, "volume": 7787, "regularMarketVolume": 7787, "averageVolume": 9590, "averageVolume10days": 6075, "averageDailyVolume10Day": 6075, "bid": 175.0, "ask": 178.9, "bidSize": 0, "askSize": 0, "marketCap": 21850011648, "fiftyTwoWeekLow": 62.95, "fiftyTwoWeekHigh": 186.0, "fiftyDayAverage": 160.7394, "twoHundredDayAverage": 135.48714, "currency": "INR", "fromCurrency": null, "lastMarket": null, "algorithm": null, "tradeable": false}, "sectorTrend": {"maxAge": 1, "symbol": null, "estimates": []}, "incomeStatementHistoryQuarterly": {"incomeStatementHistory": [{"maxAge": 1, "endDate": "2020-06-30", "totalRevenue": 1934600000, "costOfRevenue": 1271300000, "grossProfit": 663300000, "researchDevelopment": {}, "sellingGeneralAdministrative": {}, "nonRecurring": {}, "otherOperatingExpenses": 469600000, "totalOperatingExpenses": 2135000000, "operatingIncome": -200400000, "totalOtherIncomeExpenseNet": -365900000, "ebit": -200400000, "interestExpense": -373900000, "incomeBeforeTax": -566300000, "incomeTaxExpense": -110200000, "minorityInterest": {}, "netIncomeFromContinuingOps": -456100000, "discontinuedOperations": {}, "extraordinaryItems": {}, "effectOfAccountingCharges": {}, "otherItems": {}, "netIncome": -397500000, "netIncomeApplicableToCommonShares": -397500000}, {"maxAge": 1, "endDate": "2020-03-31", "totalRevenue": 2703680000, "costOfRevenue": -724380000, "grossProfit": 3428060000, "researchDevelopment": {}, "sellingGeneralAdministrative": 263790000, "nonRecurring": {}, "otherOperatingExpenses": 2786560000, "totalOperatingExpenses": 2771910000, "operatingIncome": -68230000, "totalOtherIncomeExpenseNet": -348610000, "ebit": -68230000, "interestExpense": -216090000, "incomeBeforeTax": -416840000, "incomeTaxExpense": 87590000, "minorityInterest": 385140000, "netIncomeFromContinuingOps": -504430000, "discontinuedOperations": {}, "extraordinaryItems": {}, "effectOfAccountingCharges": {}, "otherItems": {}, "netIncome": -435850000, "netIncomeApplicableToCommonShares": -435850000}, {"maxAge": 1, "endDate": "2019-12-31", "totalRevenue": 2779300000, "costOfRevenue": 1750600000, "grossProfit": 1028700000, "researchDevelopment": {}, "sellingGeneralAdministrative": 263790000, "nonRecurring": {}, "otherOperatingExpenses": 571400000, "totalOperatingExpenses": 2699000000, "operatingIncome": 80300000, "totalOtherIncomeExpenseNet": -358700000, "ebit": 80300000, "interestExpense": -361100000, "incomeBeforeTax": -278400000, "incomeTaxExpense": 13200000, "minorityInterest": 385140000, "netIncomeFromContinuingOps": -291600000, "discontinuedOperations": {}, "extraordinaryItems": {}, "effectOfAccountingCharges": {}, "otherItems": {}, "netIncome": -228100000, "netIncomeApplicableToCommonShares": -228100000}, {"maxAge": 1, "endDate": "2019-09-30", "totalRevenue": 2784600000, "costOfRevenue": 1752700000, "grossProfit": 1031900000, "researchDevelopment": {}, "sellingGeneralAdministrative": 263790000, "nonRecurring": {}, "otherOperatingExpenses": 576100000, "totalOperatingExpenses": 2674500000, "operatingIncome": 110100000, "totalOtherIncomeExpenseNet": -379200000, "ebit": 110100000, "interestExpense": -345500000, "incomeBeforeTax": -269100000, "incomeTaxExpense": -16500000, "minorityInterest": 429300000, "netIncomeFromContinuingOps": -252600000, "discontinuedOperations": {}, "extraordinaryItems": {}, "effectOfAccountingCharges": {}, "otherItems": {}, "netIncome": -222800000, "netIncomeApplicableToCommonShares": -222800000}], "maxAge": 86400}, "cashflowStatementHistoryQuarterly": {"cashflowStatements": [{"maxAge": 1, "endDate": "2020-06-30", "netIncome": -397500000, "changeToLiabilities": 0}, {"maxAge": 1, "endDate": "2020-03-31", "netIncome": -435850000, "changeToLiabilities": 0}, {"maxAge": 1, "endDate": "2019-12-31", "netIncome": -228100000, "changeToLiabilities": 0}, {"maxAge": 1, "endDate": "2019-09-30", "netIncome": -222800000, "changeToLiabilities": 0}], "maxAge": 86400}, "insiderHolders": {"holders": [{"maxAge": 1, "name": "ACESO Company Pet. Ltd.", "relation": "Promoter", "url": "", "transactionDescription": "Other", "latestTransDate": "2020-09-08", "positionDirect": 62621933, "positionDirectDate": "2020-09-08"}, {"maxAge": 1, "name": "Amarkumar (B)", "relation": "Promoter", "url": "", "transactionDescription": "Sale", "latestTransDate": "2018-06-14", "positionDirect": 647657, "positionDirectDate": "2018-06-14"}, {"maxAge": 1, "name": "Buena Vista Asian Opportunities Master Fund, Ltd.", "relation": "Promoter", "url": "", "transactionDescription": "Acquisition", "latestTransDate": "2020-05-19", "positionDirect": 4536175, "positionDirectDate": "2020-05-19"}, {"maxAge": 1, "name": "Gadhavi (Shwetal Bharat)", "relation": "UNREPORTED", "url": "", "transactionDescription": "Acquisition", "latestTransDate": "2019-02-18", "positionDirect": 5260, "positionDirectDate": "2019-02-18"}, {"maxAge": 1, "name": "Ganapati (Gangadhara)", "relation": "Promoter", "url": "", "transactionDescription": "Acquisition", "latestTransDate": "2019-02-19", "positionDirect": 1716170, "positionDirectDate": "2019-02-19"}, {"maxAge": 1, "name": "Kittur (Ananth S)", "relation": "UNREPORTED", "url": "", "transactionDescription": "Acquisition", "latestTransDate": "2019-02-26", "positionDirect": 68200, "positionDirectDate": "2019-02-26"}, {"maxAge": 1, "name": "Kumar (Ajay B S)", "relation": "Promoter", "url": "", "transactionDescription": "Acquisition", "latestTransDate": "2019-06-28", "positionDirect": 17680921, "positionDirectDate": "2019-06-28"}, {"maxAge": 1, "name": "Nayak (Genesh)", "relation": "Promoter", "url": "", "transactionDescription": "Sale", "latestTransDate": "2019-06-28", "positionDirect": 272732, "positionDirectDate": "2019-06-28"}, {"maxAge": 1, "name": "Rao (Raja Manikya)", "relation": "UNREPORTED", "url": "", "transactionDescription": "Sale", "latestTransDate": "2016-11-29", "positionDirect": 17331, "positionDirectDate": "2016-11-29"}, {"maxAge": 1, "name": "V-Sciences Investments Pte. Ltd.", "relation": "Promoter", "url": "", "transactionDescription": "Sale", "latestTransDate": "2020-09-08", "positionDirect": 0, "positionDirectDate": "2020-09-08"}], "maxAge": 1}, "earnings": {"maxAge": 86400, "earningsChart": {"quarterly": [{"date": "4Q2017", "actual": 0.37, "estimate": 0.84}, {"date": "1Q2018", "actual": -0.21, "estimate": 0.58}, {"date": "2Q2018", "actual": -0.39, "estimate": 0.34}, {"date": "3Q2018", "actual": -0.74, "estimate": 0.2}], "currentQuarterEstimateDate": "4Q", "currentQuarterEstimateYear": 2018, "earningsDate": ["2020-08-20 05:30:S"]}, "financialsChart": {"yearly": [{"date": 2017, "revenue": 7001110000, "earnings": 221730000}, {"date": 2018, "revenue": 8306880000, "earnings": 205230000}, {"date": 2019, "revenue": 9786740000, "earnings": -247970000}, {"date": 2020, "revenue": 10956380000, "earnings": -1066950000}], "quarterly": [{"date": "3Q2019", "revenue": 2784600000, "earnings": -222800000}, {"date": "4Q2019", "revenue": 2779300000, "earnings": -228100000}, {"date": "1Q2020", "revenue": 2703680000, "earnings": -435850000}, {"date": "2Q2020", "revenue": 1934600000, "earnings": -397500000}]}, "financialCurrency": "INR"}, "calendarEvents": {"maxAge": 1, "earnings": {"earningsDate": ["2020-08-20 05:30:S"], "revenueAverage": 2502690000, "revenueLow": 2502690000, "revenueHigh": 2502690000}}, "upgradeDowngradeHistory": {"history": [], "maxAge": 86400}, "price": {"maxAge": 1, "regularMarketChangePercent": 0.0042613638, "regularMarketChange": 0.75, "regularMarketTime": "2021-04-30 15:27:25", "priceHint": 2, "regularMarketPrice": 176.75, "regularMarketDayHigh": 181.0, "regularMarketDayLow": 171.55, "regularMarketVolume": 7787, "averageDailyVolume10Day": 6075, "averageDailyVolume3Month": 9590, "regularMarketPreviousClose": 176.0, "regularMarketSource": "FREE_REALTIME", "regularMarketOpen": 174.0, "exchange": "BSE", "exchangeName": "BSE", "exchangeDataDelayedBy": 0, "marketState": "CLOSED", "quoteType": "EQUITY", "symbol": "HCG.BO", "underlyingSymbol": null, "shortName": "HealthCare Global Enterprises", "longName": "HealthCare Global Enterprises Limited", "currency": "INR", "quoteSourceName": "Delayed Quote", "currencySymbol": "\u20b9", "fromCurrency": null, "lastMarket": null, "marketCap": 21850011648}, "balanceSheetHistory": {"balanceSheetStatements": [{"maxAge": 1, "endDate": "2020-03-31", "cash": 317450000, "shortTermInvestments": 104930000, "netReceivables": 2080620000, "inventory": 232580000, "otherCurrentAssets": 239860000, "totalCurrentAssets": 3037850000, "longTermInvestments": 506110000, "propertyPlantEquipment": 15508240000, "goodWill": 1093400000, "intangibleAssets": 320080000, "otherAssets": 2066040000, "deferredLongTermAssetCharges": 261400000, "totalAssets": 22531720000, "accountsPayable": 1535700000, "shortLongTermDebt": 240380000, "otherCurrentLiab": 2361140000, "longTermDebt": 5296100000, "otherLiab": 1188760000, "minorityInterest": 385140000, "totalCurrentLiabilities": 5757490000, "totalLiab": 18334030000, "commonStock": 886910000, "retainedEarnings": -2922220000, "treasuryStock": 51610000, "capitalSurplus": 5796250000, "otherStockholderEquity": 51610000, "totalStockholderEquity": 3812550000, "netTangibleAssets": 2399070000}, {"maxAge": 1, "endDate": "2019-03-31", "cash": 205170000, "shortTermInvestments": 66150000, "netReceivables": 1887400000, "inventory": 267720000, "otherCurrentAssets": 242540000, "totalCurrentAssets": 2729610000, "longTermInvestments": 687360000, "propertyPlantEquipment": 10041700000, "goodWill": 1093400000, "intangibleAssets": 93310000, "otherAssets": 1890070000, "deferredLongTermAssetCharges": 268610000, "totalAssets": 16535450000, "accountsPayable": 1527450000, "shortLongTermDebt": 266310000, "otherCurrentLiab": 2750230000, "longTermDebt": 4605370000, "otherLiab": 671280000, "minorityInterest": 455470000, "totalCurrentLiabilities": 5473130000, "totalLiab": 11313510000, "commonStock": 879190000, "retainedEarnings": -1732110000, "treasuryStock": 32040000, "capitalSurplus": 5587350000, "otherStockholderEquity": 32040000, "totalStockholderEquity": 4766470000, "netTangibleAssets": 3579760000}, {"maxAge": 1, "endDate": "2018-03-31", "cash": 287960000, "shortTermInvestments": 9100000, "netReceivables": 1446470000, "inventory": 240260000, "otherCurrentAssets": 150940000, "totalCurrentAssets": 2200930000, "longTermInvestments": 673740000, "propertyPlantEquipment": 8865390000, "goodWill": 1093400000, "intangibleAssets": 58110000, "otherAssets": 1545030000, "deferredLongTermAssetCharges": 231010000, "totalAssets": 14436600000, "accountsPayable": 1424740000, "shortLongTermDebt": 317020000, "otherCurrentLiab": 1547240000, "longTermDebt": 3169120000, "otherLiab": 1334500000, "minorityInterest": 639210000, "totalCurrentLiabilities": 3587570000, "totalLiab": 8646360000, "commonStock": 869040000, "retainedEarnings": -1353250000, "treasuryStock": 350360000, "capitalSurplus": 5284880000, "otherStockholderEquity": 350360000, "totalStockholderEquity": 5151030000, "netTangibleAssets": 3999520000}, {"maxAge": 1, "endDate": "2017-03-31", "cash": 852220000, "shortTermInvestments": 25600000, "netReceivables": 1165320000, "inventory": 187690000, "otherCurrentAssets": 91730000, "totalCurrentAssets": 2441770000, "longTermInvestments": 184870000, "propertyPlantEquipment": 7652330000, "goodWill": 608880000, "intangibleAssets": 68070000, "otherAssets": 1308490000, "deferredLongTermAssetCharges": 167090000, "totalAssets": 12264410000, "accountsPayable": 1273630000, "shortLongTermDebt": 77440000, "otherCurrentLiab": 1545950000, "longTermDebt": 2358200000, "otherLiab": 874080000, "minorityInterest": 574620000, "totalCurrentLiabilities": 3655290000, "totalLiab": 7363190000, "commonStock": 857130000, "retainedEarnings": -1493370000, "treasuryStock": 17400000, "capitalSurplus": 4945440000, "otherStockholderEquity": 17400000, "totalStockholderEquity": 4326600000, "netTangibleAssets": 3649650000}], "maxAge": 86400}, "earningsTrend": {"trend": [{"maxAge": 1, "period": "0q", "endDate": "2018-12-31", "growth": {}, "earningsEstimate": {"avg": 0.0, "low": 0.0, "high": 0.0, "yearAgoEps": 0.37, "numberOfAnalysts": 0, "growth": {}}, "revenueEstimate": {"avg": 2502690000, "low": 2502690000, "high": 2502690000, "numberOfAnalysts": 1, "yearAgoRevenue": 2062600000, "growth": 0.213}, "epsTrend": {"current": 0.0, "7daysAgo": -0.22, "30daysAgo": -0.22, "60daysAgo": -0.22, "90daysAgo": -0.22}, "epsRevisions": {"upLast7days": 0, "upLast30days": 0, "downLast30days": 0, "downLast90days": {}}}, {"maxAge": 1, "period": "+1q", "endDate": "2019-03-31", "growth": {}, "earningsEstimate": {"avg": 0.0, "low": 0.0, "high": 0.0, "yearAgoEps": -0.21, "numberOfAnalysts": 0, "growth": {}}, "revenueEstimate": {"avg": 2596870000, "low": 2596870000, "high": 2596870000, "numberOfAnalysts": 1, "yearAgoRevenue": 2222700000, "growth": 0.168}, "epsTrend": {"current": 0.0, "7daysAgo": -0.04, "30daysAgo": -0.04, "60daysAgo": -0.04, "90daysAgo": -0.04}, "epsRevisions": {"upLast7days": 0, "upLast30days": 0, "downLast30days": 0, "downLast90days": {}}}, {"maxAge": 1, "period": "0y", "endDate": "2019-03-31", "growth": {}, "earningsEstimate": {"avg": 0.0, "low": 0.0, "high": 0.0, "yearAgoEps": {}, "numberOfAnalysts": 0, "growth": {}}, "revenueEstimate": {"avg": 9739930000, "low": 9521000000, "high": 9948000000, "numberOfAnalysts": 9, "yearAgoRevenue": 8306900000, "growth": 0.173}, "epsTrend": {"current": 0.0, "7daysAgo": 0.48, "30daysAgo": 0.48, "60daysAgo": 0.48, "90daysAgo": 0.48}, "epsRevisions": {"upLast7days": 0, "upLast30days": 0, "downLast30days": 0, "downLast90days": {}}}, {"maxAge": 1, "period": "+1y", "endDate": "2020-03-31", "growth": {}, "earningsEstimate": {"avg": 0.0, "low": 0.0, "high": 0.0, "yearAgoEps": {}, "numberOfAnalysts": 0, "growth": {}}, "revenueEstimate": {"avg": 11488900000, "low": 10855000000, "high": 11979000000, "numberOfAnalysts": 9, "yearAgoRevenue": 9739930000, "growth": 0.18}, "epsTrend": {"current": 0.0, "7daysAgo": 2.86, "30daysAgo": 2.86, "60daysAgo": 2.86, "90daysAgo": 2.86}, "epsRevisions": {"upLast7days": 0, "upLast30days": 0, "downLast30days": 0, "downLast90days": {}}}, {"maxAge": 1, "period": "+5y", "endDate": null, "growth": 0.001, "earningsEstimate": {"avg": {}, "low": {}, "high": {}, "yearAgoEps": {}, "numberOfAnalysts": {}, "growth": {}}, "revenueEstimate": {"avg": {}, "low": {}, "high": {}, "numberOfAnalysts": {}, "yearAgoRevenue": {}, "growth": {}}, "epsTrend": {"current": {}, "7daysAgo": {}, "30daysAgo": {}, "60daysAgo": {}, "90daysAgo": {}}, "epsRevisions": {"upLast7days": {}, "upLast30days": {}, "downLast30days": {}, "downLast90days": {}}}, {"maxAge": 1, "period": "-5y", "endDate": null, "growth": {}, "earningsEstimate": {"avg": {}, "low": {}, "high": {}, "yearAgoEps": {}, "numberOfAnalysts": {}, "growth": {}}, "revenueEstimate": {"avg": {}, "low": {}, "high": {}, "numberOfAnalysts": {}, "yearAgoRevenue": {}, "growth": {}}, "epsTrend": {"current": {}, "7daysAgo": {}, "30daysAgo": {}, "60daysAgo": {}, "90daysAgo": {}}, "epsRevisions": {"upLast7days": {}, "upLast30days": {}, "downLast30days": {}, "downLast90days": {}}}], "maxAge": 1}, "financialData": {"maxAge": 86400, "currentPrice": 176.75, "targetHighPrice": 330.0, "targetLowPrice": 235.0, "targetMeanPrice": 292.11, "targetMedianPrice": 300.0, "recommendationKey": "none", "numberOfAnalystOpinions": 9, "grossProfits": 6469560000, "financialCurrency": "INR"}}}