{"HEIDELBERG.NS": {"assetProfile": {"address1": "Plot No 68", "address2": "2nd Floor Sector 44", "city": "Gurugram", "zip": "122002", "country": "India", "website": "http://www.mycemco.com", "industry": "Building Materials", "sector": "Basic Materials", "longBusinessSummary": "HeidelbergCement India Limited manufactures and sells cement in India. It offers Portland pozzolana cement and Portland slag cement under the Mycem and Mycem Power brand. The company was formerly known as Mysore Cements Limited and changed its name to HeidelbergCement India Limited in April 2009. HeidelbergCement India Limited was incorporated in 1958 and is based in Gurugram, India. HeidelbergCement India Limited is a subsidiary of Cementrum I.B.V.", "fullTimeEmployees": 1187, "companyOfficers": [{"maxAge": 1, "name": "Mr. Anil Kumar Sharma", "age": 47, "title": "Chief Financial Officer", "yearBorn": 1973, "fiscalYear": 2020, "totalPay": 33600000, "exercisedValue": 0, "unexercisedValue": 0}, {"maxAge": 1, "name": "Mr. Sushil Kumar Tiwari", "age": 65, "title": "Technical Head & Wholetime Director", "yearBorn": 1955, "fiscalYear": 2020, "totalPay": 29051351, "exercisedValue": 0, "unexercisedValue": 0}, {"maxAge": 1, "name": "Mr. Rajesh  Relan", "title": "Legal Head, Compliance Officer & Company Sec.", "fiscalYear": 2020, "totalPay": 8010000, "exercisedValue": 0, "unexercisedValue": 0}, {"maxAge": 1, "name": "Mr. Jamshed Naval Cooper", "age": 64, "title": "MD & Director", "yearBorn": 1956, "fiscalYear": 2013, "exercisedValue": 0, "unexercisedValue": 0}, {"maxAge": 1, "name": "Mr. R. K. Maheshwari", "age": 69, "title": "Joint Pres", "yearBorn": 1951, "exercisedValue": 0, "unexercisedValue": 0}, {"maxAge": 1, "name": "Mr. Sudipto  Pal", "age": 67, "title": "Head of Adminisration & Information Technology", "yearBorn": 1953, "exercisedValue": 0, "unexercisedValue": 0}, {"maxAge": 1, "name": "Mr. Ravindra K. Shukla", "age": 54, "title": "Sr. VP of Sales & Marketing", "yearBorn": 1966, "exercisedValue": 0, "unexercisedValue": 0}, {"maxAge": 1, "name": "Mr. Sumeet  Bisarya", "age": 54, "title": "Sr. VP of Bus. Devel.", "yearBorn": 1966, "fiscalYear": 2013, "exercisedValue": 0, "unexercisedValue": 0}, {"maxAge": 1, "name": "Ms. Poonam  Sharma B.Sc, MBA", "age": 55, "title": "Director of HR", "yearBorn": 1965, "fiscalYear": 2013, "exercisedValue": 0, "unexercisedValue": 0}, {"maxAge": 1, "name": "Mr. V. Purushothama Sharma", "title": "Chief Gen. Mang. of Ammasandra Unit", "exercisedValue": 0, "unexercisedValue": 0}], "compensationAsOfEpochDate": "2020-12-31 05:30:00", "maxAge": 86400}, "recommendationTrend": {"trend": [{"period": "0m", "strongBuy": 0, "buy": 0, "hold": 0, "sell": 0, "strongSell": 0}, {"period": "-1m", "strongBuy": 0, "buy": 0, "hold": 0, "sell": 0, "strongSell": 0}, {"period": "-2m", "strongBuy": 0, "buy": 0, "hold": 0, "sell": 0, "strongSell": 0}, {"period": "-3m", "strongBuy": 0, "buy": 0, "hold": 0, "sell": 0, "strongSell": 0}], "maxAge": 86400}, "cashflowStatementHistory": {"cashflowStatements": [{"maxAge": 1, "endDate": "2020-03-31", "netIncome": 2680600000, "depreciation": 1081800000, "changeToNetincome": 738100000, "changeToAccountReceivables": -3500000, "changeToLiabilities": -177800000, "changeToInventory": 216600000, "changeToOperatingActivities": 32200000, "totalCashFromOperatingActivities": 4572300000, "capitalExpenditures": -435400000, "otherCashflowsFromInvestingActivities": 294300000, "totalCashflowsFromInvestingActivities": -141000000, "dividendsPaid": -1226600000, "netBorrowings": -1320300000, "otherCashflowsFromFinancingActivities": -576200000, "totalCashFromFinancingActivities": -3123100000, "changeInCash": 1308200000}, {"maxAge": 1, "endDate": "2019-03-31", "netIncome": 2206600000, "depreciation": 1006900000, "changeToNetincome": 881000000, "changeToAccountReceivables": -65200000, "changeToLiabilities": 659900000, "changeToInventory": -405300000, "changeToOperatingActivities": -363700000, "totalCashFromOperatingActivities": 3931000000, "capitalExpenditures": -426600000, "otherCashflowsFromInvestingActivities": 156400000, "totalCashflowsFromInvestingActivities": -263300000, "dividendsPaid": -952400000, "netBorrowings": -827200000, "otherCashflowsFromFinancingActivities": -639200000, "totalCashFromFinancingActivities": -2418800000, "changeInCash": 1248900000}, {"maxAge": 1, "endDate": "2018-03-31", "netIncome": 1331800000, "depreciation": 1000500000, "changeToNetincome": 838000000, "changeToAccountReceivables": -62400000, "changeToLiabilities": 827800000, "changeToInventory": 127500000, "changeToOperatingActivities": -303000000, "totalCashFromOperatingActivities": 3771400000, "capitalExpenditures": -232400000, "otherCashflowsFromInvestingActivities": 46500000, "totalCashflowsFromInvestingActivities": -137000000, "dividendsPaid": -543200000, "netBorrowings": -414500000, "otherCashflowsFromFinancingActivities": -696900000, "totalCashFromFinancingActivities": -1654600000, "changeInCash": 1979800000}, {"maxAge": 1, "endDate": "2017-03-31", "netIncome": 762100000, "depreciation": 979900000, "changeToNetincome": 816300000, "changeToAccountReceivables": 132000000, "changeToLiabilities": 337400000, "changeToInventory": 385700000, "changeToOperatingActivities": 189000000, "totalCashFromOperatingActivities": 3614000000, "capitalExpenditures": -473700000, "otherCashflowsFromInvestingActivities": 43500000, "totalCashflowsFromInvestingActivities": -402400000, "dividendsPaid": -543200000, "netBorrowings": -2214600000, "otherCashflowsFromFinancingActivities": -932700000, "totalCashFromFinancingActivities": -3147300000, "changeInCash": 64300000}], "maxAge": 86400}, "indexTrend": {"maxAge": 1, "symbol": "SP5", "peRatio": 19.7411, "pegRatio": 1.34172, "estimates": [{"period": "0q", "growth": 0.549}, {"period": "+1q", "growth": 0.431}, {"period": "0y", "growth": 0.305}, {"period": "+1y", "growth": 0.109}, {"period": "+5y", "growth": 0.120865}, {"period": "-5y"}]}, "defaultKeyStatistics": {"maxAge": 1, "priceHint": 2, "enterpriseValue": 50004008960, "forwardPE": 24.93165, "profitMargins": 0.119049996, "floatShares": 68976758, "sharesOutstanding": 226612992, "heldPercentInsiders": 0.73143, "heldPercentInstitutions": 0.14345999, "beta": 0.661946, "category": null, "bookValue": 56.851, "priceToBook": 4.1705513, "fundFamily": null, "legalType": null, "lastFiscalYearEnd": "2020-03-31 05:30:00", "nextFiscalYearEnd": "2022-03-31 05:30:00", "mostRecentQuarter": "2020-12-31 05:30:00", "earningsQuarterlyGrowth": -0.015, "netIncomeToCommon": 2412499968, "trailingEps": 10.649, "forwardEps": 9.51, "pegRatio": 0.22, "lastSplitFactor": null, "enterpriseToRevenue": 2.468, "enterpriseToEbitda": 10.332}, "industryTrend": {"maxAge": 1, "symbol": null, "estimates": []}, "quoteType": {"exchange": "NSI", "quoteType": "EQUITY", "symbol": "HEIDELBERG.NS", "underlyingSymbol": "HEIDELBERG.NS", "shortName": "HEIDELBERGCEMENT I", "longName": "HeidelbergCement India Limited", "firstTradeDateEpochUtc": "1996-01-01 09:15:00", "timeZoneFullName": "Asia/Kolkata", "timeZoneShortName": "IST", "uuid": "2676a106-ee4c-3cd9-a11f-893d163e439b", "gmtOffSetMilliseconds": 19800000, "maxAge": 1}, "incomeStatementHistory": {"incomeStatementHistory": [{"maxAge": 1, "endDate": "2020-03-31", "totalRevenue": 21696200000, "costOfRevenue": 4207300000, "grossProfit": 17488900000, "researchDevelopment": {}, "sellingGeneralAdministrative": 1666100000, "nonRecurring": {}, "otherOperatingExpenses": 10441300000, "totalOperatingExpenses": 17400800000, "operatingIncome": 4295400000, "totalOtherIncomeExpenseNet": -314800000, "ebit": 4295400000, "interestExpense": -705000000, "incomeBeforeTax": 3980600000, "incomeTaxExpense": 1300000000, "minorityInterest": {}, "netIncomeFromContinuingOps": 2680600000, "discontinuedOperations": {}, "extraordinaryItems": {}, "effectOfAccountingCharges": {}, "otherItems": {}, "netIncome": 2680600000, "netIncomeApplicableToCommonShares": 2680600000}, {"maxAge": 1, "endDate": "2019-03-31", "totalRevenue": 21333500000, "costOfRevenue": 4166200000, "grossProfit": 17167300000, "researchDevelopment": {}, "sellingGeneralAdministrative": 1476200000, "nonRecurring": {}, "otherOperatingExpenses": 10799000000, "totalOperatingExpenses": 17459100000, "operatingIncome": 3874400000, "totalOtherIncomeExpenseNet": -458300000, "ebit": 3874400000, "interestExpense": -720900000, "incomeBeforeTax": 3416100000, "incomeTaxExpense": 1209500000, "minorityInterest": {}, "netIncomeFromContinuingOps": 2206600000, "discontinuedOperations": {}, "extraordinaryItems": {}, "effectOfAccountingCharges": {}, "otherItems": {}, "netIncome": 2206600000, "netIncomeApplicableToCommonShares": 2206600000}, {"maxAge": 1, "endDate": "2018-03-31", "totalRevenue": 18894700000, "costOfRevenue": 4031400000, "grossProfit": 14863300000, "researchDevelopment": {}, "sellingGeneralAdministrative": 1417300000, "nonRecurring": {}, "otherOperatingExpenses": 9746300000, "totalOperatingExpenses": 16206700000, "operatingIncome": 2688000000, "totalOtherIncomeExpenseNet": -611300000, "ebit": 2688000000, "interestExpense": -722200000, "incomeBeforeTax": 2076700000, "incomeTaxExpense": 744900000, "minorityInterest": {}, "netIncomeFromContinuingOps": 1331800000, "discontinuedOperations": {}, "extraordinaryItems": {}, "effectOfAccountingCharges": {}, "otherItems": {}, "netIncome": 1331800000, "netIncomeApplicableToCommonShares": 1331800000}, {"maxAge": 1, "endDate": "2017-03-31", "totalRevenue": 17174600000, "costOfRevenue": 3891900000, "grossProfit": 13282700000, "researchDevelopment": {}, "sellingGeneralAdministrative": 1326600000, "nonRecurring": {}, "otherOperatingExpenses": 8986300000, "totalOperatingExpenses": 15196300000, "operatingIncome": 1978300000, "totalOtherIncomeExpenseNet": -842000000, "ebit": 1978300000, "interestExpense": -880200000, "incomeBeforeTax": 1136300000, "incomeTaxExpense": 374200000, "minorityInterest": {}, "netIncomeFromContinuingOps": 762100000, "discontinuedOperations": {}, "extraordinaryItems": {}, "effectOfAccountingCharges": {}, "otherItems": {}, "netIncome": 762100000, "netIncomeApplicableToCommonShares": 762100000}], "maxAge": 86400}, "fundOwnership": {"ownershipList": [{"maxAge": 1, "reportDate": "2021-02-28", "organization": "WisdomTree Tr-WisdomTree Emerging Markets Small Cap Dividend Fund", "pctHeld": 0.0027, "position": 607352, "value": 141118237}, {"maxAge": 1, "reportDate": "2021-01-31", "organization": "DFA Emerging Markets Core Equity Portfolio", "pctHeld": 0.0023, "position": 524415, "value": 115738390}, {"maxAge": 1, "reportDate": "2021-01-31", "organization": "DFA Investment Dimensions-DFA Emerging Mkts Value", "pctHeld": 0.0015, "position": 345204, "value": 76186522}, {"maxAge": 1, "reportDate": "2021-01-31", "organization": "DFA Emerging Markets Small Cap Series", "pctHeld": 0.0011999999, "position": 277246, "value": 61188192}, {"maxAge": 1, "reportDate": "2021-03-31", "organization": "iShares MSCI India Small Cap ETF", "pctHeld": 0.00059999997, "position": 127461, "value": 29774889}, {"maxAge": 1, "reportDate": "2021-01-31", "organization": "Thrivent Core Emerging Markets Equity Fund", "pctHeld": 0.00059999997, "position": 127341, "value": 28104158}, {"maxAge": 1, "reportDate": "2021-02-28", "organization": "WisdomTree Tr-WisdomTree India Earnings Fd", "pctHeld": 0.0004, "position": 89498, "value": 20794860}, {"maxAge": 1, "reportDate": "2020-12-31", "organization": "Thrivent Partner International Allocation Portfolio", "pctHeld": 0.0002, "position": 44569, "value": 10106020}, {"maxAge": 1, "reportDate": "2021-01-31", "organization": "DFA Investment Dimensions-Emerging Markets Social Core Equity", "pctHeld": 0.0002, "position": 39068, "value": 8622307}, {"maxAge": 1, "reportDate": "2020-12-31", "organization": "College Retirement Equities Fund-Stock Account", "pctHeld": 0.0002, "position": 38447, "value": 8717857}], "maxAge": 1}, "summaryDetail": {"maxAge": 1, "priceHint": 2, "previousClose": 233.2, "open": 234.4, "dayLow": 230.25, "dayHigh": 237.75, "regularMarketPreviousClose": 233.2, "regularMarketOpen": 234.4, "regularMarketDayLow": 230.25, "regularMarketDayHigh": 237.75, "dividendRate": 7.5, "dividendYield": 0.0321, "exDividendDate": "2020-09-10 05:30:00", "payoutRatio": 0.56340003, "beta": 0.661946, "trailingPE": 22.265001, "forwardPE": 24.93165, "volume": 283415, "regularMarketVolume": 283415, "averageVolume": 322792, "averageVolume10days": 411485, "averageDailyVolume10Day": 411485, "bid": 0.0, "ask": 0.0, "bidSize": 0, "askSize": 0, "marketCap": 53695328256, "fiftyTwoWeekLow": 134.25, "fiftyTwoWeekHigh": 243.7, "priceToSalesTrailing12Months": 2.6496713, "fiftyDayAverage": 229.36618, "twoHundredDayAverage": 211.32765, "trailingAnnualDividendRate": 6.0, "trailingAnnualDividendYield": 0.025728988, "currency": "INR", "fromCurrency": null, "lastMarket": null, "algorithm": null, "tradeable": false}, "insiderHolders": {"holders": [{"maxAge": 1, "name": "Cementrum I B V", "relation": "Promoter", "url": "", "transactionDescription": "Acquisition", "latestTransDate": "2014-03-14", "positionDirect": 157244693, "positionDirectDate": "2014-03-14"}], "maxAge": 1}, "calendarEvents": {"maxAge": 1, "earnings": {"earningsDate": [], "revenueAverage": 5060000000, "revenueLow": 4955000000, "revenueHigh": 5212000000}, "exDividendDate": "2020-09-10 05:30:00"}, "upgradeDowngradeHistory": {"history": [], "maxAge": 86400}, "price": {"maxAge": 1, "regularMarketChangePercent": 0.016723882, "regularMarketChange": 3.9000092, "regularMarketTime": "2021-04-30 15:29:55", "priceHint": 2, "regularMarketPrice": 237.1, "regularMarketDayHigh": 237.75, "regularMarketDayLow": 230.25, "regularMarketVolume": 283415, "averageDailyVolume10Day": 411485, "averageDailyVolume3Month": 322792, "regularMarketPreviousClose": 233.2, "regularMarketSource": "FREE_REALTIME", "regularMarketOpen": 234.4, "exchange": "NSI", "exchangeName": "NSE", "exchangeDataDelayedBy": 15, "marketState": "CLOSED", "quoteType": "EQUITY", "symbol": "HEIDELBERG.NS", "underlyingSymbol": null, "shortName": "HEIDELBERGCEMENT I", "longName": "HeidelbergCement India Limited", "currency": "INR", "quoteSourceName": "Delayed Quote", "currencySymbol": "\u20b9", "fromCurrency": null, "lastMarket": null, "marketCap": 53695328256}, "balanceSheetHistory": {"balanceSheetStatements": [{"maxAge": 1, "endDate": "2020-03-31", "cash": 4697400000, "netReceivables": 970800000, "inventory": 1457600000, "otherCurrentAssets": 3043400000, "totalCurrentAssets": 10241300000, "propertyPlantEquipment": 17087900000, "intangibleAssets": 2300000, "otherAssets": 596800000, "totalAssets": 27928300000, "accountsPayable": 2355600000, "shortLongTermDebt": 1250000000, "otherCurrentLiab": 5180100000, "longTermDebt": 2800600000, "otherLiab": 2614200000, "totalCurrentLiabilities": 9290400000, "totalLiab": 14781900000, "commonStock": 2266100000, "retainedEarnings": 5656600000, "treasuryStock": 1516600000, "capitalSurplus": 3707100000, "otherStockholderEquity": 1516600000, "totalStockholderEquity": 13146400000, "netTangibleAssets": 13144100000}, {"maxAge": 1, "endDate": "2019-03-31", "cash": 3370700000, "netReceivables": 951800000, "inventory": 1674200000, "otherCurrentAssets": 2798300000, "totalCurrentAssets": 8874300000, "propertyPlantEquipment": 17535100000, "intangibleAssets": 5700000, "otherAssets": 540200000, "totalAssets": 26955300000, "accountsPayable": 2610600000, "shortLongTermDebt": 1250000000, "otherCurrentLiab": 4623500000, "longTermDebt": 3918200000, "otherLiab": 2191800000, "totalCurrentLiabilities": 9133400000, "totalLiab": 15243400000, "commonStock": 2266100000, "retainedEarnings": 4205400000, "treasuryStock": 1533300000, "capitalSurplus": 3707100000, "otherStockholderEquity": 1533300000, "totalStockholderEquity": 11711900000, "netTangibleAssets": 11706200000}, {"maxAge": 1, "endDate": "2018-03-31", "cash": 2124100000, "netReceivables": 786500000, "inventory": 1268900000, "otherCurrentAssets": 2358100000, "totalCurrentAssets": 6608200000, "propertyPlantEquipment": 18124500000, "intangibleAssets": 16500000, "otherAssets": 579000000, "totalAssets": 25328200000, "accountsPayable": 2205900000, "shortLongTermDebt": 1500000000, "otherCurrentLiab": 4157300000, "longTermDebt": 4692300000, "otherLiab": 1596600000, "totalCurrentLiabilities": 8575300000, "totalLiab": 14864200000, "commonStock": 2266100000, "retainedEarnings": 3089200000, "treasuryStock": 1401600000, "capitalSurplus": 3707100000, "otherStockholderEquity": 1401600000, "totalStockholderEquity": 10464000000, "netTangibleAssets": 10447500000}, {"maxAge": 1, "endDate": "2017-03-31", "cash": 142000000, "netReceivables": 700100000, "inventory": 1396400000, "otherCurrentAssets": 2172900000, "totalCurrentAssets": 4658800000, "propertyPlantEquipment": 18807100000, "intangibleAssets": 26500000, "otherAssets": 584000000, "totalAssets": 24076400000, "accountsPayable": 1855600000, "shortLongTermDebt": 1301200000, "otherCurrentLiab": 3931300000, "longTermDebt": 5751900000, "otherLiab": 1137200000, "totalCurrentLiabilities": 7517800000, "totalLiab": 14406900000, "commonStock": 2266100000, "retainedEarnings": 2437000000, "treasuryStock": 1259300000, "capitalSurplus": 3707100000, "otherStockholderEquity": 1259300000, "totalStockholderEquity": 9669500000, "netTangibleAssets": 9643000000}], "maxAge": 86400}, "earningsTrend": {"trend": [{"maxAge": 1, "period": "0q", "endDate": "2018-06-30", "growth": {}, "earningsEstimate": {"avg": 0.0, "low": 0.0, "high": 0.0, "yearAgoEps": 0.71, "numberOfAnalysts": 0, "growth": {}}, "revenueEstimate": {"avg": 5060000000, "low": 4955000000, "high": 5212000000, "numberOfAnalysts": 3, "yearAgoRevenue": 4314200000, "growth": 0.173}, "epsTrend": {"current": 0.0, "7daysAgo": 0.0, "30daysAgo": 0.0, "60daysAgo": 0.0, "90daysAgo": 0.0}, "epsRevisions": {"upLast7days": 0, "upLast30days": 0, "downLast30days": 0, "downLast90days": {}}}, {"maxAge": 1, "period": "+1q", "endDate": "2018-09-30", "growth": {}, "earningsEstimate": {"avg": 0.0, "low": 0.0, "high": 0.0, "yearAgoEps": 1.47, "numberOfAnalysts": 0, "growth": {}}, "revenueEstimate": {"avg": 0, "low": 0, "high": 0, "numberOfAnalysts": 0, "yearAgoRevenue": {}, "growth": {}}, "epsTrend": {"current": 0.0, "7daysAgo": 0.0, "30daysAgo": 0.0, "60daysAgo": 0.0, "90daysAgo": 0.0}, "epsRevisions": {"upLast7days": 0, "upLast30days": 0, "downLast30days": 0, "downLast90days": {}}}, {"maxAge": 1, "period": "0y", "endDate": "2019-03-31", "growth": 0.257, "earningsEstimate": {"avg": 7.39, "low": 5.6, "high": 9.1, "yearAgoEps": 5.88, "numberOfAnalysts": 10, "growth": 0.257}, "revenueEstimate": {"avg": 20775400000, "low": 19572000000, "high": 21697900000, "numberOfAnalysts": 10, "yearAgoRevenue": 18606700000, "growth": 0.117}, "epsTrend": {"current": 7.39, "7daysAgo": 7.39, "30daysAgo": 7.66, "60daysAgo": 7.83, "90daysAgo": 7.71}, "epsRevisions": {"upLast7days": 0, "upLast30days": 0, "downLast30days": 0, "downLast90days": {}}}, {"maxAge": 1, "period": "+1y", "endDate": "2020-03-31", "growth": 0.287, "earningsEstimate": {"avg": 9.51, "low": 6.3, "high": 14.6, "yearAgoEps": 7.39, "numberOfAnalysts": 9, "growth": 0.287}, "revenueEstimate": {"avg": 22448600000, "low": 20464000000, "high": 24798000000, "numberOfAnalysts": 9, "yearAgoRevenue": 20775400000, "growth": 0.081}, "epsTrend": {"current": 9.51, "7daysAgo": 9.51, "30daysAgo": 9.44, "60daysAgo": 9.84, "90daysAgo": 10.43}, "epsRevisions": {"upLast7days": 0, "upLast30days": 0, "downLast30days": 0, "downLast90days": {}}}, {"maxAge": 1, "period": "+5y", "endDate": null, "growth": 0.881, "earningsEstimate": {"avg": {}, "low": {}, "high": {}, "yearAgoEps": {}, "numberOfAnalysts": {}, "growth": {}}, "revenueEstimate": {"avg": {}, "low": {}, "high": {}, "numberOfAnalysts": {}, "yearAgoRevenue": {}, "growth": {}}, "epsTrend": {"current": {}, "7daysAgo": {}, "30daysAgo": {}, "60daysAgo": {}, "90daysAgo": {}}, "epsRevisions": {"upLast7days": {}, "upLast30days": {}, "downLast30days": {}, "downLast90days": {}}}, {"maxAge": 1, "period": "-5y", "endDate": null, "growth": 1.16399, "earningsEstimate": {"avg": {}, "low": {}, "high": {}, "yearAgoEps": {}, "numberOfAnalysts": {}, "growth": {}}, "revenueEstimate": {"avg": {}, "low": {}, "high": {}, "numberOfAnalysts": {}, "yearAgoRevenue": {}, "growth": {}}, "epsTrend": {"current": {}, "7daysAgo": {}, "30daysAgo": {}, "60daysAgo": {}, "90daysAgo": {}}, "epsRevisions": {"upLast7days": {}, "upLast30days": {}, "downLast30days": {}, "downLast90days": {}}}], "maxAge": 1}, "institutionOwnership": {"ownershipList": [], "maxAge": 1}, "majorHoldersBreakdown": {"maxAge": 1, "insidersPercentHeld": 0.73143, "institutionsPercentHeld": 0.14345999, "institutionsFloatPercentHeld": 0.53415, "institutionsCount": 44}, "balanceSheetHistoryQuarterly": {"balanceSheetStatements": [{"maxAge": 1, "endDate": "2020-12-31", "totalStockholderEquity": 12900100000, "netTangibleAssets": 12898100000}, {"maxAge": 1, "endDate": "2020-09-30", "cash": 5737100000, "netReceivables": 978400000, "inventory": 1390900000, "otherCurrentAssets": 3247900000, "totalCurrentAssets": 11354300000, "propertyPlantEquipment": 16663400000, "intangibleAssets": 2000000, "otherAssets": 574300000, "totalAssets": 28594000000, "accountsPayable": 2920600000, "otherCurrentLiab": 7017600000, "longTermDebt": 2872700000, "otherLiab": 2812400000, "totalCurrentLiabilities": 9938200000, "totalLiab": 15693900000, "commonStock": 2266200000, "treasuryStock": 10633900000, "otherStockholderEquity": 10633900000, "totalStockholderEquity": 12900100000, "netTangibleAssets": 12898100000}, {"maxAge": 1, "endDate": "2020-06-30", "totalStockholderEquity": 13146400000, "netTangibleAssets": 13144100000}, {"maxAge": 1, "endDate": "2020-03-31", "cash": 4697400000, "netReceivables": 970800000, "inventory": 1457600000, "otherCurrentAssets": 3043400000, "totalCurrentAssets": 10241300000, "propertyPlantEquipment": 17087900000, "intangibleAssets": 2300000, "otherAssets": 596800000, "totalAssets": 27928300000, "accountsPayable": 2355600000, "shortLongTermDebt": 1250000000, "otherCurrentLiab": 5180100000, "longTermDebt": 2800600000, "otherLiab": 2614200000, "totalCurrentLiabilities": 9290400000, "totalLiab": 14781900000, "commonStock": 2266100000, "retainedEarnings": 5656600000, "treasuryStock": 1516600000, "capitalSurplus": 3707100000, "otherStockholderEquity": 1516600000, "totalStockholderEquity": 13146400000, "netTangibleAssets": 13144100000}], "maxAge": 86400}, "earningsHistory": {"history": [{"maxAge": 1, "epsActual": 0.71, "epsEstimate": 1.8, "epsDifference": -1.09, "surprisePercent": -0.606, "quarter": "2017-06-30", "period": "-4q"}, {"maxAge": 1, "epsActual": 1.47, "epsEstimate": 0.2, "epsDifference": 1.27, "surprisePercent": 6.35, "quarter": "2017-09-30", "period": "-3q"}, {"maxAge": 1, "epsActual": 1.4, "epsEstimate": 0.72, "epsDifference": 0.68, "surprisePercent": 0.944, "quarter": "2017-12-31", "period": "-2q"}, {"maxAge": 1, "epsActual": 2.3, "epsEstimate": 1.3, "epsDifference": 1.0, "surprisePercent": 0.769, "quarter": "2018-03-31", "period": "-1q"}], "maxAge": 86400}, "summaryProfile": {"address1": "Plot No 68", "address2": "2nd Floor Sector 44", "city": "Gurugram", "zip": "122002", "country": "India", "website": "http://www.mycemco.com", "industry": "Building Materials", "sector": "Basic Materials", "longBusinessSummary": "HeidelbergCement India Limited manufactures and sells cement in India. It offers Portland pozzolana cement and Portland slag cement under the Mycem and Mycem Power brand. The company was formerly known as Mysore Cements Limited and changed its name to HeidelbergCement India Limited in April 2009. HeidelbergCement India Limited was incorporated in 1958 and is based in Gurugram, India. HeidelbergCement India Limited is a subsidiary of Cementrum I.B.V.", "fullTimeEmployees": 1187, "companyOfficers": [], "maxAge": 86400}, "netSharePurchaseActivity": {"maxAge": 1, "period": "6m", "buyInfoCount": 0, "buyInfoShares": 0, "sellInfoCount": 0, "netInfoCount": 0, "netInfoShares": 0, "netPercentInsiderShares": 0.0, "totalInsiderShares": 165599920}, "insiderTransactions": {"transactions": [{"maxAge": 1, "shares": 110000, "filerUrl": "", "transactionText": "", "filerName": "Cementrum I B V", "filerRelation": "Promoter", "moneyText": "", "startDate": "2014-03-14", "ownership": "D"}, {"maxAge": 1, "shares": 18118, "filerUrl": "", "transactionText": "", "filerName": "Cementrum I B V", "filerRelation": "Promoter", "moneyText": "", "startDate": "2014-03-13", "ownership": "D"}, {"maxAge": 1, "shares": 52139, "filerUrl": "", "transactionText": "", "filerName": "Cementrum I B V", "filerRelation": "Promoter", "moneyText": "", "startDate": "2014-03-12", "ownership": "D"}, {"maxAge": 1, "shares": 11891, "filerUrl": "", "transactionText": "", "filerName": "Cementrum I B V", "filerRelation": "Promoter", "moneyText": "", "startDate": "2014-03-11", "ownership": "D"}, {"maxAge": 1, "shares": 15708, "filerUrl": "", "transactionText": "", "filerName": "Cementrum I B V", "filerRelation": "Promoter", "moneyText": "", "startDate": "2014-03-07", "ownership": "D"}, {"maxAge": 1, "shares": 90811, "filerUrl": "", "transactionText": "", "filerName": "Cementrum I B V", "filerRelation": "Promoter", "moneyText": "", "startDate": "2014-03-06", "ownership": "D"}, {"maxAge": 1, "shares": 72000, "filerUrl": "", "transactionText": "", "filerName": "Cementrum I B V", "filerRelation": "Promoter", "moneyText": "", "startDate": "2014-03-05", "ownership": "D"}, {"maxAge": 1, "shares": 83493, "filerUrl": "", "transactionText": "", "filerName": "Cementrum I B V", "filerRelation": "Promoter", "moneyText": "", "startDate": "2014-02-04", "ownership": "D"}, {"maxAge": 1, "shares": 25999, "filerUrl": "", "transactionText": "", "filerName": "Cementrum I B V", "filerRelation": "Promoter", "moneyText": "", "startDate": "2014-02-03", "ownership": "D"}, {"maxAge": 1, "shares": 67000, "filerUrl": "", "transactionText": "", "filerName": "Cementrum I B V", "filerRelation": "Promoter", "moneyText": "", "startDate": "2014-01-14", "ownership": "D"}, {"maxAge": 1, "shares": 63000, "filerUrl": "", "transactionText": "", "filerName": "Cementrum I B V", "filerRelation": "Promoter", "moneyText": "", "startDate": "2014-01-13", "ownership": "D"}, {"maxAge": 1, "shares": 107000, "filerUrl": "", "transactionText": "", "filerName": "Cementrum I B V", "filerRelation": "Promoter", "moneyText": "", "startDate": "2014-01-10", "ownership": "D"}, {"maxAge": 1, "shares": 193000, "filerUrl": "", "transactionText": "", "filerName": "Cementrum I B V", "filerRelation": "Promoter", "moneyText": "", "startDate": "2014-01-09", "ownership": "D"}, {"maxAge": 1, "shares": 173978, "filerUrl": "", "transactionText": "", "filerName": "Cementrum I B V", "filerRelation": "Promoter", "moneyText": "", "startDate": "2014-01-08", "ownership": "D"}, {"maxAge": 1, "shares": 133663, "filerUrl": "", "transactionText": "", "filerName": "Cementrum I B V", "filerRelation": "Promoter", "moneyText": "", "startDate": "2013-11-27", "ownership": "D"}, {"maxAge": 1, "shares": 2220, "filerUrl": "", "transactionText": "", "filerName": "Cementrum I B V", "filerRelation": "Promoter", "moneyText": "", "startDate": "2013-11-26", "ownership": "D"}, {"maxAge": 1, "shares": 2438, "filerUrl": "", "transactionText": "", "filerName": "Cementrum I B V", "filerRelation": "Promoter", "moneyText": "", "startDate": "2013-11-22", "ownership": "D"}, {"maxAge": 1, "shares": 19606, "filerUrl": "", "transactionText": "", "filerName": "Cementrum I B V", "filerRelation": "Promoter", "moneyText": "", "startDate": "2013-11-21", "ownership": "D"}, {"maxAge": 1, "shares": 21741, "filerUrl": "", "transactionText": "", "filerName": "Cementrum I B V", "filerRelation": "Promoter", "moneyText": "", "startDate": "2013-11-20", "ownership": "D"}, {"maxAge": 1, "shares": 28690, "filerUrl": "", "transactionText": "", "filerName": "Cementrum I B V", "filerRelation": "Promoter", "moneyText": "", "startDate": "2013-11-14", "ownership": "D"}, {"maxAge": 1, "shares": 13500, "filerUrl": "", "transactionText": "", "filerName": "Cementrum I B V", "filerRelation": "Promoter", "moneyText": "", "startDate": "2013-11-13", "ownership": "D"}, {"maxAge": 1, "shares": 12157, "filerUrl": "", "transactionText": "", "filerName": "Cementrum I B V", "filerRelation": "Promoter", "moneyText": "", "startDate": "2013-11-12", "ownership": "D"}, {"maxAge": 1, "shares": 18245, "filerUrl": "", "transactionText": "", "filerName": "Cementrum I B V", "filerRelation": "Promoter", "moneyText": "", "startDate": "2013-11-11", "ownership": "D"}, {"maxAge": 1, "shares": 22100, "filerUrl": "", "transactionText": "", "filerName": "Cementrum I B V", "filerRelation": "Promoter", "moneyText": "", "startDate": "2013-10-30", "ownership": "D"}, {"maxAge": 1, "shares": 15000, "filerUrl": "", "transactionText": "", "filerName": "Cementrum I B V", "filerRelation": "Promoter", "moneyText": "", "startDate": "2013-10-29", "ownership": "D"}, {"maxAge": 1, "shares": 272000, "filerUrl": "", "transactionText": "", "filerName": "Cementrum I B V", "filerRelation": "Promoter", "moneyText": "", "startDate": "2013-10-28", "ownership": "D"}], "maxAge": 1}, "sectorTrend": {"maxAge": 1, "symbol": null, "estimates": []}, "incomeStatementHistoryQuarterly": {"incomeStatementHistory": [{"maxAge": 1, "endDate": "2020-12-31", "totalRevenue": 5952700000, "costOfRevenue": 2605000000, "grossProfit": 3347700000, "researchDevelopment": {}, "sellingGeneralAdministrative": 1086600000, "nonRecurring": {}, "otherOperatingExpenses": 1059000000, "totalOperatingExpenses": 5028900000, "operatingIncome": 923800000, "totalOtherIncomeExpenseNet": -6000000, "ebit": 923800000, "interestExpense": -123800000, "incomeBeforeTax": 917800000, "incomeTaxExpense": 281600000, "minorityInterest": {}, "netIncomeFromContinuingOps": 636200000, "discontinuedOperations": {}, "extraordinaryItems": {}, "effectOfAccountingCharges": {}, "otherItems": {}, "netIncome": 636200000, "netIncomeApplicableToCommonShares": 636200000}, {"maxAge": 1, "endDate": "2020-09-30", "totalRevenue": 5137500000, "costOfRevenue": 2016600000, "grossProfit": 3120900000, "researchDevelopment": {}, "sellingGeneralAdministrative": 953300000, "nonRecurring": {}, "otherOperatingExpenses": 908100000, "totalOperatingExpenses": 4159000000, "operatingIncome": 978500000, "totalOtherIncomeExpenseNet": -32000000, "ebit": 978500000, "interestExpense": -133300000, "incomeBeforeTax": 946500000, "incomeTaxExpense": 322500000, "minorityInterest": {}, "netIncomeFromContinuingOps": 624000000, "discontinuedOperations": {}, "extraordinaryItems": {}, "effectOfAccountingCharges": {}, "otherItems": {}, "netIncome": 624000000, "netIncomeApplicableToCommonShares": 624000000}, {"maxAge": 1, "endDate": "2020-06-30", "totalRevenue": 4077000000, "costOfRevenue": 1563700000, "grossProfit": 2513300000, "researchDevelopment": {}, "sellingGeneralAdministrative": 821000000, "nonRecurring": {}, "otherOperatingExpenses": 609000000, "totalOperatingExpenses": 3270000000, "operatingIncome": 807000000, "totalOtherIncomeExpenseNet": -62100000, "ebit": 807000000, "interestExpense": -159900000, "incomeBeforeTax": 744900000, "incomeTaxExpense": 255500000, "minorityInterest": {}, "netIncomeFromContinuingOps": 489400000, "discontinuedOperations": {}, "extraordinaryItems": {}, "effectOfAccountingCharges": {}, "otherItems": {}, "netIncome": 489400000, "netIncomeApplicableToCommonShares": 489400000}, {"maxAge": 1, "endDate": "2020-03-31", "totalRevenue": 5097700000, "costOfRevenue": -2538800000, "grossProfit": 7636500000, "researchDevelopment": {}, "sellingGeneralAdministrative": -1495800000, "nonRecurring": {}, "otherOperatingExpenses": 7755300000, "totalOperatingExpenses": 3996000000, "operatingIncome": 1101700000, "totalOtherIncomeExpenseNet": -95900000, "ebit": 1101700000, "interestExpense": -129000000, "incomeBeforeTax": 1005800000, "incomeTaxExpense": 342900000, "minorityInterest": {}, "netIncomeFromContinuingOps": 662900000, "discontinuedOperations": {}, "extraordinaryItems": {}, "effectOfAccountingCharges": {}, "otherItems": {}, "netIncome": 662900000, "netIncomeApplicableToCommonShares": 662900000}], "maxAge": 86400}, "cashflowStatementHistoryQuarterly": {"cashflowStatements": [{"maxAge": 1, "endDate": "2020-12-31", "netIncome": 636200000, "changeToLiabilities": 0}, {"maxAge": 1, "endDate": "2020-09-30", "netIncome": 624000000, "changeToLiabilities": 0}, {"maxAge": 1, "endDate": "2020-06-30", "netIncome": 489400000, "changeToLiabilities": 0}, {"maxAge": 1, "endDate": "2020-03-31", "netIncome": 662900000, "changeToLiabilities": 0}], "maxAge": 86400}, "earnings": {"maxAge": 86400, "earningsChart": {"quarterly": [{"date": "2Q2017", "actual": 0.71, "estimate": 1.8}, {"date": "3Q2017", "actual": 1.47, "estimate": 0.2}, {"date": "4Q2017", "actual": 1.4, "estimate": 0.72}, {"date": "1Q2018", "actual": 2.3, "estimate": 1.3}], "currentQuarterEstimateDate": "2Q", "currentQuarterEstimateYear": 2018, "earningsDate": []}, "financialsChart": {"yearly": [{"date": 2017, "revenue": 17174600000, "earnings": 762100000}, {"date": 2018, "revenue": 18894700000, "earnings": 1331800000}, {"date": 2019, "revenue": 21333500000, "earnings": 2206600000}, {"date": 2020, "revenue": 21696200000, "earnings": 2680600000}], "quarterly": [{"date": "1Q2020", "revenue": 5097700000, "earnings": 662900000}, {"date": "2Q2020", "revenue": 4077000000, "earnings": 489400000}, {"date": "3Q2020", "revenue": 5137500000, "earnings": 624000000}, {"date": "4Q2020", "revenue": 5952700000, "earnings": 636200000}]}, "financialCurrency": "INR"}, "financialData": {"maxAge": 86400, "currentPrice": 237.1, "targetHighPrice": 207.0, "targetLowPrice": 130.0, "targetMeanPrice": 178.11, "targetMedianPrice": 180.0, "recommendationMean": 1.8, "recommendationKey": "buy", "numberOfAnalystOpinions": 9, "totalCash": 5737099776, "totalCashPerShare": 25.34, "ebitda": 4839949824, "totalDebt": 2943300096, "totalRevenue": 20264900608, "debtToEquity": 22.816, "revenuePerShare": 89.453, "grossProfits": 17488900000, "earningsGrowth": -0.014, "revenueGrowth": 0.085, "grossMargins": 0.82005996, "ebitdaMargins": 0.23883, "operatingMargins": 0.18806, "profitMargins": 0.119049996, "financialCurrency": "INR"}}}