{"HERCULES.BO": {"recommendationTrend": {"trend": [{"period": "0m", "strongBuy": 0, "buy": 0, "hold": 0, "sell": 0, "strongSell": 0}, {"period": "-1m", "strongBuy": 0, "buy": 0, "hold": 0, "sell": 0, "strongSell": 0}, {"period": "-2m", "strongBuy": 0, "buy": 0, "hold": 0, "sell": 0, "strongSell": 0}, {"period": "-3m", "strongBuy": 0, "buy": 0, "hold": 0, "sell": 0, "strongSell": 0}], "maxAge": 86400}, "cashflowStatementHistory": {"cashflowStatements": [{"maxAge": 1, "endDate": "2020-03-31", "netIncome": 129793000, "depreciation": 29795000, "changeToNetincome": -113020000, "changeToAccountReceivables": 2907000, "changeToLiabilities": -35884000, "changeToInventory": 68192000, "changeToOperatingActivities": 14884000, "totalCashFromOperatingActivities": 102191000, "capitalExpenditures": -19655000, "investments": -80893000, "otherCashflowsFromInvestingActivities": 98322000, "totalCashflowsFromInvestingActivities": -66999000, "dividendsPaid": -48000000, "otherCashflowsFromFinancingActivities": -9867000, "totalCashFromFinancingActivities": -57867000, "changeInCash": -22674000}, {"maxAge": 1, "endDate": "2019-03-31", "netIncome": 128035000, "depreciation": 24745000, "changeToNetincome": -60335000, "changeToAccountReceivables": 42128000, "changeToLiabilities": 27617000, "changeToInventory": -74645000, "changeToOperatingActivities": 35132000, "totalCashFromOperatingActivities": 128086000, "capitalExpenditures": -39773000, "investments": -67031000, "otherCashflowsFromInvestingActivities": 59662000, "totalCashflowsFromInvestingActivities": -45272000, "dividendsPaid": -40000000, "otherCashflowsFromFinancingActivities": -8222000, "totalCashFromFinancingActivities": -48222000, "changeInCash": 34592000}, {"maxAge": 1, "endDate": "2018-03-31", "netIncome": 97840000, "depreciation": 24338000, "changeToNetincome": -61270000, "changeToAccountReceivables": 25398000, "changeToLiabilities": 22357000, "changeToInventory": -13854000, "changeToOperatingActivities": 51548000, "totalCashFromOperatingActivities": 151242000, "capitalExpenditures": -17026000, "investments": -185216000, "otherCashflowsFromInvestingActivities": 70992000, "totalCashflowsFromInvestingActivities": -114023000, "dividendsPaid": -32000000, "otherCashflowsFromFinancingActivities": -6514000, "totalCashFromFinancingActivities": -38514000, "changeInCash": -1295000}, {"maxAge": 1, "endDate": "2017-03-31", "netIncome": 79561000, "depreciation": 21436000, "changeToNetincome": -55741000, "changeToAccountReceivables": 96782000, "changeToLiabilities": -231700000, "changeToInventory": 144653000, "changeToOperatingActivities": 62428000, "totalCashFromOperatingActivities": 121888000, "capitalExpenditures": -129653000, "investments": -16550000, "otherCashflowsFromInvestingActivities": 53741000, "totalCashflowsFromInvestingActivities": 10396000, "dividendsPaid": -48000000, "netBorrowings": -72976000, "otherCashflowsFromFinancingActivities": -11924000, "totalCashFromFinancingActivities": -132900000, "changeInCash": -616000}], "maxAge": 86400}, "institutionOwnership": {"ownershipList": [], "maxAge": 1}, "balanceSheetHistoryQuarterly": {"balanceSheetStatements": [{"maxAge": 1, "endDate": "2020-06-30", "totalStockholderEquity": 3372421000, "netTangibleAssets": 3365732000}, {"maxAge": 1, "endDate": "2020-03-31", "cash": 23480000, "netReceivables": 421217000, "inventory": 323820000, "otherCurrentAssets": 134188000, "totalCurrentAssets": 1156715000, "longTermInvestments": 2000512000, "propertyPlantEquipment": 326808000, "intangibleAssets": 6689000, "otherAssets": 31059000, "totalAssets": 3521783000, "accountsPayable": 94985000, "otherCurrentLiab": 7828000, "otherLiab": 40300000, "totalCurrentLiabilities": 109062000, "totalLiab": 149362000, "commonStock": 32000000, "retainedEarnings": 2122656000, "treasuryStock": 1217765000, "otherStockholderEquity": 1217765000, "totalStockholderEquity": 3372421000, "netTangibleAssets": 3365732000}, {"maxAge": 1, "endDate": "2019-12-31", "totalStockholderEquity": 4350956000, "netTangibleAssets": 4342648000}, {"maxAge": 1, "endDate": "2019-09-30", "cash": 30682000, "shortTermInvestments": 242808000, "netReceivables": 357507000, "inventory": 368692000, "otherCurrentAssets": 135420000, "totalCurrentAssets": 1135109000, "longTermInvestments": 3038573000, "propertyPlantEquipment": 338261000, "intangibleAssets": 8308000, "otherAssets": 34320000, "totalAssets": 4554571000, "accountsPayable": 80467000, "otherCurrentLiab": 28470000, "otherLiab": 94678000, "totalCurrentLiabilities": 108937000, "totalLiab": 203615000, "commonStock": 32000000, "treasuryStock": 4318956000, "otherStockholderEquity": 4318956000, "totalStockholderEquity": 4350956000, "netTangibleAssets": 4342648000}], "maxAge": 86400}, "earningsHistory": {"history": [{"maxAge": 1, "epsActual": {}, "epsEstimate": {}, "epsDifference": {}, "surprisePercent": {}, "quarter": {}, "period": "-4q"}, {"maxAge": 1, "epsActual": {}, "epsEstimate": {}, "epsDifference": {}, "surprisePercent": {}, "quarter": {}, "period": "-3q"}, {"maxAge": 1, "epsActual": {}, "epsEstimate": {}, "epsDifference": {}, "surprisePercent": {}, "quarter": {}, "period": "-2q"}, {"maxAge": 1, "epsActual": 0.4, "epsEstimate": 0.7, "epsDifference": -0.3, "surprisePercent": -0.42900002, "quarter": "2018-06-30", "period": "-1q"}], "maxAge": 86400}, "indexTrend": {"maxAge": 1, "symbol": "SP5", "peRatio": 19.7411, "pegRatio": 1.34172, "estimates": [{"period": "0q", "growth": 0.549}, {"period": "+1q", "growth": 0.431}, {"period": "0y", "growth": 0.305}, {"period": "+1y", "growth": 0.109}, {"period": "+5y", "growth": 0.120865}, {"period": "-5y"}]}, "industryTrend": {"maxAge": 1, "symbol": null, "estimates": []}, "insiderTransactions": {"transactions": [{"maxAge": 1, "shares": 52040, "filerUrl": "", "transactionText": "", "filerName": "Shah (Vandan)", "filerRelation": "UNREPORTED", "moneyText": "", "startDate": "2020-03-13", "ownership": "D"}, {"maxAge": 1, "shares": 1280000, "filerUrl": "", "transactionText": "", "filerName": "Kejriwal (Sunaina)", "filerRelation": "Promoter", "moneyText": "", "startDate": "2017-08-22", "ownership": "D"}, {"maxAge": 1, "shares": 166400, "filerUrl": "", "transactionText": "", "filerName": "Bajaj (Niraj)", "filerRelation": "Promoter", "moneyText": "", "startDate": "2016-12-20", "ownership": "D"}, {"maxAge": 1, "shares": 386400, "filerUrl": "", "transactionText": "", "filerName": "Bajaj (Madhur)", "filerRelation": "Promoter", "moneyText": "", "startDate": "2016-12-20", "ownership": "D"}, {"maxAge": 1, "shares": 702800, "filerUrl": "", "transactionText": "", "filerName": "Bajaj (Shekhar P)", "filerRelation": "Non Executive Chairman", "moneyText": "", "startDate": "2016-12-20", "ownership": "D"}, {"maxAge": 1, "shares": 166400, "filerUrl": "", "transactionText": "", "filerName": "Bajaj (Shekhar P)", "filerRelation": "Non Executive Chairman", "moneyText": "", "startDate": "2016-12-20", "ownership": "D"}, {"maxAge": 1, "shares": 499200, "filerUrl": "", "transactionText": "", "filerName": "Bajaj (Shekhar) HUF", "filerRelation": "UNREPORTED", "moneyText": "", "startDate": "2015-09-10", "ownership": "D"}, {"maxAge": 1, "shares": 10000, "filerUrl": "", "transactionText": "", "filerName": "Bajaj (Rahul Kumar) HUF", "filerRelation": "Promoter", "moneyText": "", "startDate": "2013-10-22", "ownership": "D"}, {"maxAge": 1, "shares": 157680, "filerUrl": "", "transactionText": "", "filerName": "Bajaj (Rahulkumar)", "filerRelation": "Promoter", "moneyText": "", "startDate": "2013-10-22", "ownership": "D"}, {"maxAge": 1, "shares": 203800, "filerUrl": "", "transactionText": "", "filerName": "Bajaj (Kumud)", "filerRelation": "Promoter", "moneyText": "", "startDate": "2012-02-27", "ownership": "D"}, {"maxAge": 1, "shares": 1432835, "filerUrl": "", "transactionText": "", "filerName": "Bajaj (Madhur)", "filerRelation": "Promoter", "moneyText": "", "startDate": "2012-02-27", "ownership": "D"}, {"maxAge": 1, "shares": 1000, "filerUrl": "", "transactionText": "", "filerName": "Haribhakti (Shailesh V)", "filerRelation": "UNREPORTED", "moneyText": "", "startDate": "2011-09-29", "ownership": "D"}, {"maxAge": 1, "shares": 678800, "filerUrl": "", "transactionText": "", "filerName": "Bajaj (Kumud)", "filerRelation": "Promoter", "moneyText": "", "startDate": "2010-12-15", "ownership": "D"}, {"maxAge": 1, "shares": 530000, "filerUrl": "", "transactionText": "", "filerName": "Bajaj (Madhur)", "filerRelation": "Promoter", "moneyText": "", "startDate": "2010-12-15", "ownership": "D"}, {"maxAge": 1, "shares": 1074000, "filerUrl": "", "transactionText": "", "filerName": "Bajaj (Sanjivnayan)", "filerRelation": "UNREPORTED", "moneyText": "", "startDate": "2010-12-15", "ownership": "D"}, {"maxAge": 1, "shares": 400000, "filerUrl": "", "transactionText": "", "filerName": "Estate Of Anant Bajaj", "filerRelation": "UNREPORTED", "moneyText": "", "startDate": "2010-09-24", "ownership": "D"}, {"maxAge": 1, "shares": 200000, "filerUrl": "", "transactionText": "", "filerName": "Bajaj (Shekhar P)", "filerRelation": "Chairman of the Board", "moneyText": "", "startDate": "2010-09-24", "ownership": "D"}, {"maxAge": 1, "shares": 200000, "filerUrl": "", "transactionText": "", "filerName": "Bajaj (Kumud)", "filerRelation": "Promoter", "moneyText": "", "startDate": "2010-09-24", "ownership": "D"}, {"maxAge": 1, "shares": 200000, "filerUrl": "", "transactionText": "", "filerName": "Bajaj (Kiran)", "filerRelation": "UNREPORTED", "moneyText": "", "startDate": "2010-09-24", "ownership": "D"}, {"maxAge": 1, "shares": 0, "filerUrl": "", "transactionText": "", "filerName": "Bajaj (Shekhar P)", "filerRelation": "Chairman of the Board", "moneyText": "", "startDate": "2010-03-18", "ownership": "I"}, {"maxAge": 1, "shares": 370000, "filerUrl": "", "transactionText": "", "filerName": "Bajaj (Shekhar P)", "filerRelation": "Chairman of the Board", "moneyText": "", "startDate": "2010-03-18", "ownership": "D"}, {"maxAge": 1, "shares": 370000, "filerUrl": "", "transactionText": "", "filerName": "Bajaj (Rahulkumar)", "filerRelation": "Promoter", "moneyText": "", "startDate": "2010-03-18", "ownership": "D"}, {"maxAge": 1, "shares": 190000, "filerUrl": "", "transactionText": "", "filerName": "Bajaj (Kiran)", "filerRelation": "UNREPORTED", "moneyText": "", "startDate": "2010-03-18", "ownership": "D"}, {"maxAge": 1, "shares": 370000, "filerUrl": "", "transactionText": "", "filerName": "Bajaj (Rahul Kumar) HUF", "filerRelation": "UNREPORTED", "moneyText": "", "startDate": "2010-03-18", "ownership": "D"}, {"maxAge": 1, "shares": 325000, "filerUrl": "", "transactionText": "", "filerName": "Bajaj (Rahulkumar)", "filerRelation": "Promoter", "moneyText": "", "startDate": "2010-02-24", "ownership": "D"}], "maxAge": 1}, "quoteType": {"exchange": "BSE", "quoteType": "EQUITY", "symbol": "HERCULES.BO", "underlyingSymbol": "HERCULES.BO", "shortName": "HERCULES HOISTS LTD.", "longName": "Hercules Hoists Limited", "firstTradeDateEpochUtc": "2002-04-30 09:15:00", "timeZoneFullName": "Asia/Kolkata", "timeZoneShortName": "IST", "uuid": "61720dad-2db0-36b6-b631-0f3a2ab20d99", "gmtOffSetMilliseconds": 19800000, "maxAge": 1}, "incomeStatementHistory": {"incomeStatementHistory": [{"maxAge": 1, "endDate": "2020-03-31", "totalRevenue": 829984000, "costOfRevenue": 445554000, "grossProfit": 384430000, "researchDevelopment": {}, "sellingGeneralAdministrative": 137619000, "nonRecurring": {}, "otherOperatingExpenses": 199008000, "totalOperatingExpenses": 817451000, "operatingIncome": 12533000, "totalOtherIncomeExpenseNet": 147359000, "ebit": 12533000, "interestExpense": -191000, "incomeBeforeTax": 159892000, "incomeTaxExpense": 30099000, "minorityInterest": {}, "netIncomeFromContinuingOps": 129793000, "discontinuedOperations": {}, "extraordinaryItems": {}, "effectOfAccountingCharges": {}, "otherItems": {}, "netIncome": 129793000, "netIncomeApplicableToCommonShares": 129793000}, {"maxAge": 1, "endDate": "2019-03-31", "totalRevenue": 1021684000, "costOfRevenue": 563161000, "grossProfit": 458523000, "researchDevelopment": {}, "sellingGeneralAdministrative": 141175000, "nonRecurring": {}, "otherOperatingExpenses": 223301000, "totalOperatingExpenses": 957742000, "operatingIncome": 63942000, "totalOtherIncomeExpenseNet": 97336000, "ebit": 63942000, "interestExpense": -191000, "incomeBeforeTax": 161278000, "incomeTaxExpense": 33243000, "minorityInterest": {}, "netIncomeFromContinuingOps": 128035000, "discontinuedOperations": {}, "extraordinaryItems": {}, "effectOfAccountingCharges": {}, "otherItems": {}, "netIncome": 128035000, "netIncomeApplicableToCommonShares": 128035000}, {"maxAge": 1, "endDate": "2018-03-31", "totalRevenue": 754712000, "costOfRevenue": 435110000, "grossProfit": 319602000, "researchDevelopment": {}, "sellingGeneralAdministrative": 110481000, "nonRecurring": {}, "otherOperatingExpenses": 170335000, "totalOperatingExpenses": 745100000, "operatingIncome": 9612000, "totalOtherIncomeExpenseNet": 97343000, "ebit": 9612000, "interestExpense": -380000, "incomeBeforeTax": 106955000, "incomeTaxExpense": 9115000, "minorityInterest": {}, "netIncomeFromContinuingOps": 97840000, "discontinuedOperations": {}, "extraordinaryItems": {}, "effectOfAccountingCharges": {}, "otherItems": {}, "netIncome": 97840000, "netIncomeApplicableToCommonShares": 97840000}, {"maxAge": 1, "endDate": "2017-03-31", "totalRevenue": 730566000, "costOfRevenue": 457502000, "grossProfit": 273064000, "researchDevelopment": {}, "sellingGeneralAdministrative": 109224000, "nonRecurring": {}, "otherOperatingExpenses": 151027000, "totalOperatingExpenses": 743658000, "operatingIncome": -13092000, "totalOtherIncomeExpenseNet": 112590000, "ebit": -13092000, "interestExpense": -2136000, "incomeBeforeTax": 99498000, "incomeTaxExpense": 19937000, "minorityInterest": {}, "netIncomeFromContinuingOps": 79561000, "discontinuedOperations": {}, "extraordinaryItems": {}, "effectOfAccountingCharges": {}, "otherItems": {}, "netIncome": 79561000, "netIncomeApplicableToCommonShares": 79561000}], "maxAge": 86400}, "fundOwnership": {"ownershipList": [], "maxAge": 1}, "summaryDetail": {"maxAge": 1, "priceHint": 2, "previousClose": 118.25, "open": 122.8, "dayLow": 116.5, "dayHigh": 122.8, "regularMarketPreviousClose": 118.25, "regularMarketOpen": 122.8, "regularMarketDayLow": 116.5, "regularMarketDayHigh": 122.8, "trailingPE": 31.188253, "forwardPE": 29.64467, "volume": 4345, "regularMarketVolume": 4345, "averageVolume": 29744, "averageVolume10days": 4483, "averageDailyVolume10Day": 4483, "bid": 116.65, "ask": 117.5, "bidSize": 0, "askSize": 0, "marketCap": 3737600000, "fiftyTwoWeekLow": 47.9, "fiftyTwoWeekHigh": 138.9, "fiftyDayAverage": 122.47575, "twoHundredDayAverage": 99.80662, "trailingAnnualDividendRate": 1.8, "trailingAnnualDividendYield": 0.015221987, "currency": "INR", "fromCurrency": null, "lastMarket": null, "algorithm": null, "tradeable": false}, "sectorTrend": {"maxAge": 1, "symbol": null, "estimates": []}, "incomeStatementHistoryQuarterly": {"incomeStatementHistory": [{"maxAge": 1, "endDate": "2020-06-30", "totalRevenue": 73536000, "costOfRevenue": 41129000, "grossProfit": 32407000, "researchDevelopment": {}, "sellingGeneralAdministrative": 28780000, "nonRecurring": {}, "otherOperatingExpenses": 23033000, "totalOperatingExpenses": 100779000, "operatingIncome": -27243000, "totalOtherIncomeExpenseNet": 27334000, "ebit": -27243000, "interestExpense": {}, "incomeBeforeTax": 91000, "incomeTaxExpense": -2329000, "minorityInterest": {}, "netIncomeFromContinuingOps": 2420000, "discontinuedOperations": {}, "extraordinaryItems": {}, "effectOfAccountingCharges": {}, "otherItems": {}, "netIncome": 2420000, "netIncomeApplicableToCommonShares": 2420000}, {"maxAge": 1, "endDate": "2020-03-31", "totalRevenue": 231981000, "costOfRevenue": 132899000, "grossProfit": 99082000, "researchDevelopment": {}, "sellingGeneralAdministrative": 41815000, "nonRecurring": {}, "otherOperatingExpenses": 44946000, "totalOperatingExpenses": 228402000, "operatingIncome": 3579000, "totalOtherIncomeExpenseNet": 59074000, "ebit": 3579000, "interestExpense": {}, "incomeBeforeTax": 62653000, "incomeTaxExpense": 6109000, "minorityInterest": {}, "netIncomeFromContinuingOps": 56544000, "discontinuedOperations": {}, "extraordinaryItems": {}, "effectOfAccountingCharges": {}, "otherItems": {}, "netIncome": 56544000, "netIncomeApplicableToCommonShares": 56544000}, {"maxAge": 1, "endDate": "2019-12-31", "totalRevenue": 174459000, "costOfRevenue": 96699000, "grossProfit": 77760000, "researchDevelopment": {}, "sellingGeneralAdministrative": 33172000, "nonRecurring": {}, "otherOperatingExpenses": 38806000, "totalOperatingExpenses": 177567000, "operatingIncome": -3108000, "totalOtherIncomeExpenseNet": 21589000, "ebit": -3108000, "interestExpense": -51000, "incomeBeforeTax": 18481000, "incomeTaxExpense": 6616000, "minorityInterest": {}, "netIncomeFromContinuingOps": 11865000, "discontinuedOperations": {}, "extraordinaryItems": {}, "effectOfAccountingCharges": {}, "otherItems": {}, "netIncome": 11865000, "netIncomeApplicableToCommonShares": 11865000}, {"maxAge": 1, "endDate": "2019-09-30", "totalRevenue": 225026000, "costOfRevenue": 115988000, "grossProfit": 109038000, "researchDevelopment": {}, "sellingGeneralAdministrative": 31548000, "nonRecurring": {}, "otherOperatingExpenses": 58660000, "totalOperatingExpenses": 215088000, "operatingIncome": 9938000, "totalOtherIncomeExpenseNet": 48007000, "ebit": 9938000, "interestExpense": -72000, "incomeBeforeTax": 57945000, "incomeTaxExpense": 10628000, "minorityInterest": {}, "netIncomeFromContinuingOps": 47317000, "discontinuedOperations": {}, "extraordinaryItems": {}, "effectOfAccountingCharges": {}, "otherItems": {}, "netIncome": 47317000, "netIncomeApplicableToCommonShares": 47317000}], "maxAge": 86400}, "cashflowStatementHistoryQuarterly": {"cashflowStatements": [{"maxAge": 1, "endDate": "2020-06-30", "netIncome": 2420000, "changeToLiabilities": 0}, {"maxAge": 1, "endDate": "2020-03-31", "netIncome": 56544000, "changeToLiabilities": 0}, {"maxAge": 1, "endDate": "2019-12-31", "netIncome": 11865000, "changeToLiabilities": 0}, {"maxAge": 1, "endDate": "2019-09-30", "netIncome": 47317000, "changeToLiabilities": 0}], "maxAge": 86400}, "insiderHolders": {"holders": [{"maxAge": 1, "name": "Bajaj (Kumud)", "relation": "Promoter", "url": "", "transactionDescription": "Sale", "latestTransDate": "2012-02-27", "positionDirect": 457000, "positionDirectDate": "2012-02-27"}, {"maxAge": 1, "name": "Bajaj (Madhur)", "relation": "Promoter", "url": "", "transactionDescription": "Purchase", "latestTransDate": "2016-12-20", "positionDirect": 606400, "positionDirectDate": "2016-12-20"}, {"maxAge": 1, "name": "Bajaj (Niraj)", "relation": "Promoter", "url": "", "transactionDescription": "Purchase", "latestTransDate": "2016-12-20", "positionDirect": 1094400, "positionDirectDate": "2016-12-20"}, {"maxAge": 1, "name": "Bajaj (Rahul Kumar) HUF", "relation": "Promoter", "url": "", "transactionDescription": "Sale", "latestTransDate": "2013-10-22", "positionDirect": 0, "positionDirectDate": "2013-10-22"}, {"maxAge": 1, "name": "Bajaj (Rahulkumar)", "relation": "Promoter", "url": "", "transactionDescription": "Purchase", "latestTransDate": "2013-10-22", "positionDirect": 14640, "positionDirectDate": "2013-10-22"}, {"maxAge": 1, "name": "Bajaj (Shekhar P)", "relation": "Non Executive Chairman", "url": "", "transactionDescription": "Sale", "latestTransDate": "2016-12-20", "positionDirect": 1072800, "positionDirectDate": "2016-12-20"}, {"maxAge": 1, "name": "Bajaj (Shekhar) HUF", "relation": "UNREPORTED", "url": "", "transactionDescription": "Sale", "latestTransDate": "2015-09-10", "positionDirect": 0, "positionDirectDate": "2015-09-10"}, {"maxAge": 1, "name": "Haribhakti (Shailesh V)", "relation": "UNREPORTED", "url": "", "transactionDescription": "Sale", "latestTransDate": "2011-09-29", "positionDirect": 0, "positionDirectDate": "2011-09-29"}, {"maxAge": 1, "name": "Kejriwal (Sunaina)", "relation": "Promoter", "url": "", "transactionDescription": "Sale", "latestTransDate": "2017-08-22", "positionDirect": 710480, "positionDirectDate": "2017-08-22"}, {"maxAge": 1, "name": "Shah (Vandan)", "relation": "UNREPORTED", "url": "", "transactionDescription": "Gift", "latestTransDate": "2020-03-13", "positionDirect": 52040, "positionDirectDate": "2020-03-13"}], "maxAge": 1}, "earnings": {"maxAge": 86400, "earningsChart": {"quarterly": [{"date": "2Q2018", "actual": 0.4, "estimate": 0.7}], "currentQuarterEstimateDate": "3Q", "currentQuarterEstimateYear": 2018, "earningsDate": []}, "financialsChart": {"yearly": [{"date": 2017, "revenue": 730566000, "earnings": 79561000}, {"date": 2018, "revenue": 754712000, "earnings": 97840000}, {"date": 2019, "revenue": 1021684000, "earnings": 128035000}, {"date": 2020, "revenue": 829984000, "earnings": 129793000}], "quarterly": [{"date": "3Q2019", "revenue": 225026000, "earnings": 47317000}, {"date": "4Q2019", "revenue": 174459000, "earnings": 11865000}, {"date": "1Q2020", "revenue": 231981000, "earnings": 56544000}, {"date": "2Q2020", "revenue": 73536000, "earnings": 2420000}]}, "financialCurrency": "INR"}, "calendarEvents": {"maxAge": 1, "earnings": {"earningsDate": [], "revenueAverage": 339639000}}, "upgradeDowngradeHistory": {"history": [], "maxAge": 86400}, "price": {"maxAge": 1, "regularMarketChangePercent": -0.012262131, "regularMarketChange": -1.449997, "regularMarketTime": "2021-04-30 15:48:14", "priceHint": 2, "regularMarketPrice": 116.8, "regularMarketDayHigh": 122.8, "regularMarketDayLow": 116.5, "regularMarketVolume": 4345, "averageDailyVolume10Day": 4483, "averageDailyVolume3Month": 29744, "regularMarketPreviousClose": 118.25, "regularMarketSource": "FREE_REALTIME", "regularMarketOpen": 122.8, "exchange": "BSE", "exchangeName": "BSE", "exchangeDataDelayedBy": 0, "marketState": "CLOSED", "quoteType": "EQUITY", "symbol": "HERCULES.BO", "underlyingSymbol": null, "shortName": "HERCULES HOISTS LTD.", "longName": "Hercules Hoists Limited", "currency": "INR", "quoteSourceName": "Delayed Quote", "currencySymbol": "\u20b9", "fromCurrency": null, "lastMarket": null, "marketCap": 3737600000}, "balanceSheetHistory": {"balanceSheetStatements": [{"maxAge": 1, "endDate": "2020-03-31", "cash": 23480000, "netReceivables": 421217000, "inventory": 323820000, "otherCurrentAssets": 134188000, "totalCurrentAssets": 1156715000, "longTermInvestments": 2000512000, "propertyPlantEquipment": 326808000, "intangibleAssets": 6689000, "otherAssets": 31059000, "totalAssets": 3521783000, "accountsPayable": 94985000, "otherCurrentLiab": 7828000, "otherLiab": 40300000, "totalCurrentLiabilities": 109062000, "totalLiab": 149362000, "commonStock": 32000000, "retainedEarnings": 2122656000, "treasuryStock": 1217765000, "otherStockholderEquity": 1217765000, "totalStockholderEquity": 3372421000, "netTangibleAssets": 3365732000}, {"maxAge": 1, "endDate": "2019-03-31", "cash": 46154000, "shortTermInvestments": 93000, "netReceivables": 376852000, "inventory": 394592000, "otherCurrentAssets": 157853000, "totalCurrentAssets": 1122268000, "longTermInvestments": 2998886000, "propertyPlantEquipment": 340044000, "intangibleAssets": 11033000, "otherAssets": 34536000, "totalAssets": 4506767000, "accountsPayable": 131388000, "otherCurrentLiab": 8273000, "otherLiab": 76045000, "totalCurrentLiabilities": 162961000, "totalLiab": 239006000, "commonStock": 32000000, "retainedEarnings": 2050911000, "treasuryStock": 2184850000, "otherStockholderEquity": 2184850000, "totalStockholderEquity": 4267761000, "netTangibleAssets": 4256728000}, {"maxAge": 1, "endDate": "2018-03-31", "cash": 11562000, "shortTermInvestments": 83000, "netReceivables": 453086000, "inventory": 330047000, "otherCurrentAssets": 159238000, "totalCurrentAssets": 966223000, "longTermInvestments": 2604408000, "propertyPlantEquipment": 330375000, "intangibleAssets": 12969000, "otherAssets": 54539000, "totalAssets": 3968514000, "accountsPayable": 102444000, "otherCurrentLiab": 18692000, "otherLiab": 29039000, "totalCurrentLiabilities": 138947000, "totalLiab": 167986000, "commonStock": 32000000, "retainedEarnings": 1971099000, "treasuryStock": 1797429000, "otherStockholderEquity": 1797429000, "totalStockholderEquity": 3800528000, "netTangibleAssets": 3787559000}, {"maxAge": 1, "endDate": "2017-03-31", "cash": 12858000, "shortTermInvestments": 269000, "netReceivables": 519969000, "inventory": 326274000, "otherCurrentAssets": 176501000, "totalCurrentAssets": 1035871000, "longTermInvestments": 2047247000, "propertyPlantEquipment": 331162000, "intangibleAssets": 16678000, "otherAssets": 110427000, "totalAssets": 3541385000, "accountsPayable": 85707000, "otherCurrentLiab": 24470000, "otherLiab": 33870000, "totalCurrentLiabilities": 114589000, "totalLiab": 148459000, "commonStock": 32000000, "retainedEarnings": 1911773000, "treasuryStock": 1449153000, "otherStockholderEquity": 1449153000, "totalStockholderEquity": 3392926000, "netTangibleAssets": 3376248000}], "maxAge": 86400}, "earningsTrend": {"trend": [{"maxAge": 1, "period": "0q", "endDate": "2018-09-30", "growth": {}, "earningsEstimate": {"avg": 0.0, "low": 0.0, "high": 0.0, "yearAgoEps": {}, "numberOfAnalysts": 0, "growth": {}}, "revenueEstimate": {"avg": 339639000, "low": 0, "high": 0, "numberOfAnalysts": 0, "yearAgoRevenue": {}, "growth": {}}, "epsTrend": {"current": 0.0, "7daysAgo": 0.0, "30daysAgo": 0.0, "60daysAgo": 0.0, "90daysAgo": 0.0}, "epsRevisions": {"upLast7days": 0, "upLast30days": 0, "downLast30days": 0, "downLast90days": {}}}, {"maxAge": 1, "period": "+1q", "endDate": "2018-12-31", "growth": {}, "earningsEstimate": {"avg": 0.0, "low": 0.0, "high": 0.0, "yearAgoEps": {}, "numberOfAnalysts": 0, "growth": {}}, "revenueEstimate": {"avg": 0, "low": 0, "high": 0, "numberOfAnalysts": 0, "yearAgoRevenue": {}, "growth": {}}, "epsTrend": {"current": 0.0, "7daysAgo": 0.0, "30daysAgo": 0.0, "60daysAgo": 0.0, "90daysAgo": 0.0}, "epsRevisions": {"upLast7days": 0, "upLast30days": 0, "downLast30days": 0, "downLast90days": {}}}, {"maxAge": 1, "period": "0y", "endDate": "2019-03-31", "growth": {}, "earningsEstimate": {"avg": 0.0, "low": 0.0, "high": 0.0, "yearAgoEps": {}, "numberOfAnalysts": 0, "growth": {}}, "revenueEstimate": {"avg": 894100000, "low": 894100000, "high": 894100000, "numberOfAnalysts": 1, "yearAgoRevenue": 770773000, "growth": 0.16}, "epsTrend": {"current": 0.0, "7daysAgo": 3.49, "30daysAgo": 3.49, "60daysAgo": 3.49, "90daysAgo": 3.49}, "epsRevisions": {"upLast7days": 0, "upLast30days": 0, "downLast30days": 0, "downLast90days": {}}}, {"maxAge": 1, "period": "+1y", "endDate": "2020-03-31", "growth": {}, "earningsEstimate": {"avg": 0.0, "low": 0.0, "high": 0.0, "yearAgoEps": {}, "numberOfAnalysts": 0, "growth": {}}, "revenueEstimate": {"avg": 1046090000, "low": 1046090000, "high": 1046090000, "numberOfAnalysts": 1, "yearAgoRevenue": 894100000, "growth": 0.17}, "epsTrend": {"current": 0.0, "7daysAgo": 3.94, "30daysAgo": 3.94, "60daysAgo": 3.94, "90daysAgo": 3.94}, "epsRevisions": {"upLast7days": 0, "upLast30days": 0, "downLast30days": 0, "downLast90days": {}}}, {"maxAge": 1, "period": "+5y", "endDate": null, "growth": {}, "earningsEstimate": {"avg": {}, "low": {}, "high": {}, "yearAgoEps": {}, "numberOfAnalysts": {}, "growth": {}}, "revenueEstimate": {"avg": {}, "low": {}, "high": {}, "numberOfAnalysts": {}, "yearAgoRevenue": {}, "growth": {}}, "epsTrend": {"current": {}, "7daysAgo": {}, "30daysAgo": {}, "60daysAgo": {}, "90daysAgo": {}}, "epsRevisions": {"upLast7days": {}, "upLast30days": {}, "downLast30days": {}, "downLast90days": {}}}, {"maxAge": 1, "period": "-5y", "endDate": null, "growth": {}, "earningsEstimate": {"avg": {}, "low": {}, "high": {}, "yearAgoEps": {}, "numberOfAnalysts": {}, "growth": {}}, "revenueEstimate": {"avg": {}, "low": {}, "high": {}, "numberOfAnalysts": {}, "yearAgoRevenue": {}, "growth": {}}, "epsTrend": {"current": {}, "7daysAgo": {}, "30daysAgo": {}, "60daysAgo": {}, "90daysAgo": {}}, "epsRevisions": {"upLast7days": {}, "upLast30days": {}, "downLast30days": {}, "downLast90days": {}}}], "maxAge": 1}, "financialData": {"maxAge": 86400, "currentPrice": 116.8, "targetHighPrice": 200.0, "targetLowPrice": 200.0, "targetMeanPrice": 200.0, "targetMedianPrice": 200.0, "recommendationKey": "none", "numberOfAnalystOpinions": 1, "grossProfits": 384430000, "financialCurrency": "INR"}}}