{"HERITGFOOD.BO": {"cashflowStatementHistory": {"cashflowStatements": [{"maxAge": 1, "endDate": "2020-03-31", "netIncome": -1603123000, "depreciation": 493409000, "changeToNetincome": 2243423000, "changeToAccountReceivables": 198630000, "changeToLiabilities": -86335000, "changeToInventory": -63117000, "changeToOperatingActivities": -23683000, "totalCashFromOperatingActivities": 1167116000, "capitalExpenditures": -1120088000, "investments": 91046000, "otherCashflowsFromInvestingActivities": 22846000, "totalCashflowsFromInvestingActivities": -970599000, "dividendsPaid": -92796000, "netBorrowings": 116497000, "otherCashflowsFromFinancingActivities": -240642000, "totalCashFromFinancingActivities": -216941000, "changeInCash": -20424000}, {"maxAge": 1, "endDate": "2019-03-31", "netIncome": 814336000, "depreciation": 439225000, "changeToNetincome": 300580000, "changeToAccountReceivables": -308801000, "changeToLiabilities": 41914000, "changeToInventory": 163861000, "changeToOperatingActivities": 21071000, "totalCashFromOperatingActivities": 1479513000, "capitalExpenditures": -1270045000, "investments": -112844000, "otherCashflowsFromInvestingActivities": 23761000, "totalCashflowsFromInvestingActivities": -1331154000, "dividendsPaid": -92796000, "netBorrowings": 284420000, "otherCashflowsFromFinancingActivities": -224520000, "totalCashFromFinancingActivities": -32896000, "changeInCash": 115463000}, {"maxAge": 1, "endDate": "2018-03-31", "netIncome": 627717000, "depreciation": 372144000, "changeToNetincome": 93434000, "changeToAccountReceivables": 19563000, "changeToLiabilities": -45506000, "changeToInventory": 146583000, "changeToOperatingActivities": -8107000, "totalCashFromOperatingActivities": 1211948000, "capitalExpenditures": -1441668000, "investments": 3487000, "otherCashflowsFromInvestingActivities": 9570000, "totalCashflowsFromInvestingActivities": -2000434000, "dividendsPaid": -92796000, "netBorrowings": 844003000, "otherCashflowsFromFinancingActivities": -196557000, "totalCashFromFinancingActivities": 554650000, "changeInCash": -233836000}, {"maxAge": 1, "endDate": "2017-03-31", "netIncome": 2750907000, "depreciation": 239388000, "changeToNetincome": -1769216000, "changeToAccountReceivables": -119104000, "changeToLiabilities": 152966000, "changeToInventory": -266704000, "changeToOperatingActivities": 148100000, "totalCashFromOperatingActivities": 1146665000, "capitalExpenditures": -930218000, "investments": -22574000, "otherCashflowsFromInvestingActivities": -270315000, "totalCashflowsFromInvestingActivities": -1198042000, "dividendsPaid": -69597000, "netBorrowings": 274746000, "otherCashflowsFromFinancingActivities": -331341000, "totalCashFromFinancingActivities": -126192000, "changeInCash": -237770000}], "maxAge": 86400}, "institutionOwnership": {"ownershipList": [], "maxAge": 1}, "balanceSheetHistoryQuarterly": {"balanceSheetStatements": [{"maxAge": 1, "endDate": "2020-06-30", "totalStockholderEquity": 4595839000, "netTangibleAssets": 4518891000}, {"maxAge": 1, "endDate": "2020-03-31", "cash": 558339000, "shortTermInvestments": 7050000, "netReceivables": 265148000, "inventory": 1446748000, "otherCurrentAssets": 377991000, "totalCurrentAssets": 2686845000, "longTermInvestments": 1523163000, "propertyPlantEquipment": 5448428000, "intangibleAssets": 76948000, "otherAssets": 146674000, "totalAssets": 9882058000, "accountsPayable": 599488000, "shortLongTermDebt": 451236000, "otherCurrentLiab": 810822000, "longTermDebt": 1722252000, "otherLiab": 309452000, "minorityInterest": 21517000, "totalCurrentLiabilities": 3196905000, "totalLiab": 5264702000, "commonStock": 231990000, "retainedEarnings": 3960974000, "treasuryStock": 24461000, "capitalSurplus": 378414000, "otherStockholderEquity": 24461000, "totalStockholderEquity": 4595839000, "netTangibleAssets": 4518891000}, {"maxAge": 1, "endDate": "2019-12-31", "totalStockholderEquity": 7899752000, "netTangibleAssets": 7817305000}, {"maxAge": 1, "endDate": "2019-09-30", "cash": 731715000, "shortTermInvestments": 69027000, "netReceivables": 267756000, "inventory": 855840000, "otherCurrentAssets": 152556000, "totalCurrentAssets": 2076894000, "longTermInvestments": 6970425000, "propertyPlantEquipment": 5074311000, "intangibleAssets": 82447000, "otherAssets": 204949000, "deferredLongTermAssetCharges": 3652000, "totalAssets": 14409026000, "accountsPayable": 640591000, "otherCurrentLiab": 1468307000, "longTermDebt": 1675056000, "otherLiab": 2271566000, "minorityInterest": 58390000, "totalCurrentLiabilities": 2504262000, "totalLiab": 6450884000, "commonStock": 231990000, "treasuryStock": 7667762000, "otherStockholderEquity": 7667762000, "totalStockholderEquity": 7899752000, "netTangibleAssets": 7817305000}], "maxAge": 86400}, "indexTrend": {"maxAge": 1, "symbol": "SP5", "peRatio": 19.7411, "pegRatio": 1.34172, "estimates": [{"period": "0q", "growth": 0.549}, {"period": "+1q", "growth": 0.431}, {"period": "0y", "growth": 0.305}, {"period": "+1y", "growth": 0.109}, {"period": "+5y", "growth": 0.120865}, {"period": "-5y"}]}, "insiderTransactions": {"transactions": [{"maxAge": 1, "shares": 50000, "filerUrl": "", "transactionText": "", "filerName": "Nara (Brahmani)", "filerRelation": "Divisional Officer", "moneyText": "", "startDate": "2012-07-04", "ownership": "D"}, {"maxAge": 1, "shares": 164602, "filerUrl": "", "transactionText": "", "filerName": "Quantum M Ltd", "filerRelation": "Investment Advisor", "moneyText": "", "startDate": "2010-06-15", "ownership": "D"}], "maxAge": 1}, "quoteType": {"exchange": "BSE", "quoteType": "EQUITY", "symbol": "HERITGFOOD.BO", "underlyingSymbol": "HERITGFOOD.BO", "shortName": "HERITAGE FOODS LIMITED", "longName": "Heritage Foods Limited", "firstTradeDateEpochUtc": "2002-01-01 09:15:00", "timeZoneFullName": "Asia/Kolkata", "timeZoneShortName": "IST", "uuid": "21177041-e03c-3ed2-83eb-9732ab28dacd", "gmtOffSetMilliseconds": 19800000, "maxAge": 1}, "incomeStatementHistory": {"incomeStatementHistory": [{"maxAge": 1, "endDate": "2020-03-31", "totalRevenue": 27259043000, "costOfRevenue": 22346277000, "grossProfit": 4912766000, "researchDevelopment": {}, "sellingGeneralAdministrative": 1596726000, "nonRecurring": {}, "otherOperatingExpenses": 1977493000, "totalOperatingExpenses": 26421817000, "operatingIncome": 837226000, "totalOtherIncomeExpenseNet": -2370998000, "ebit": 837226000, "interestExpense": -218798000, "incomeBeforeTax": -1533772000, "incomeTaxExpense": 153460000, "minorityInterest": 21517000, "netIncomeFromContinuingOps": -1687232000, "discontinuedOperations": {}, "extraordinaryItems": {}, "effectOfAccountingCharges": {}, "otherItems": {}, "netIncome": -1603123000, "netIncomeApplicableToCommonShares": -1603123000}, {"maxAge": 1, "endDate": "2019-03-31", "totalRevenue": 25147517000, "costOfRevenue": 19818939000, "grossProfit": 5328578000, "researchDevelopment": {}, "sellingGeneralAdministrative": 1473414000, "nonRecurring": {}, "otherOperatingExpenses": 1908473000, "totalOperatingExpenses": 23647378000, "operatingIncome": 1500139000, "totalOtherIncomeExpenseNet": -224899000, "ebit": 1500139000, "interestExpense": -208484000, "incomeBeforeTax": 1275240000, "incomeTaxExpense": 446790000, "minorityInterest": 117060000, "netIncomeFromContinuingOps": 828450000, "discontinuedOperations": {}, "extraordinaryItems": {}, "effectOfAccountingCharges": {}, "otherItems": {}, "netIncome": 814336000, "netIncomeApplicableToCommonShares": 814336000}, {"maxAge": 1, "endDate": "2018-03-31", "totalRevenue": 23730867000, "costOfRevenue": 19285358000, "grossProfit": 4445509000, "researchDevelopment": {}, "sellingGeneralAdministrative": 1315107000, "nonRecurring": {}, "otherOperatingExpenses": 1780373000, "totalOperatingExpenses": 22759102000, "operatingIncome": 971765000, "totalOtherIncomeExpenseNet": -73754000, "ebit": 971765000, "interestExpense": -174954000, "incomeBeforeTax": 898011000, "incomeTaxExpense": 271217000, "minorityInterest": 105567000, "netIncomeFromContinuingOps": 626794000, "discontinuedOperations": {}, "extraordinaryItems": {}, "effectOfAccountingCharges": {}, "otherItems": {}, "netIncome": 627717000, "netIncomeApplicableToCommonShares": 627717000}, {"maxAge": 1, "endDate": "2017-03-31", "totalRevenue": 18565292000, "costOfRevenue": 14795791000, "grossProfit": 3769501000, "researchDevelopment": {}, "sellingGeneralAdministrative": 1047507000, "nonRecurring": {}, "otherOperatingExpenses": 1379024000, "totalOperatingExpenses": 17472038000, "operatingIncome": 1093254000, "totalOtherIncomeExpenseNet": 2000629000, "ebit": 1093254000, "interestExpense": -94972000, "incomeBeforeTax": 3093883000, "incomeTaxExpense": 323982000, "minorityInterest": 106400000, "netIncomeFromContinuingOps": 2769901000, "discontinuedOperations": -602000, "extraordinaryItems": {}, "effectOfAccountingCharges": {}, "otherItems": {}, "netIncome": 2750907000, "netIncomeApplicableToCommonShares": 2750907000}], "maxAge": 86400}, "fundOwnership": {"ownershipList": [{"maxAge": 1, "reportDate": "2020-07-31", "organization": "DFA Emerging Markets Core Equity Portfolio", "pctHeld": 0.0023, "position": 108139, "value": 33609601}, {"maxAge": 1, "reportDate": "2020-07-31", "organization": "DFA Emerging Markets Small Cap Series", "pctHeld": 0.0017, "position": 80360, "value": 24975888}, {"maxAge": 1, "reportDate": "2020-07-31", "organization": "DFA Investment Dimensions-World Ex U.S. Core Equity Port", "pctHeld": 0.0002, "position": 7562, "value": 2350269}, {"maxAge": 1, "reportDate": "2020-07-31", "organization": "DFA Investment Dimensions-Emerging Markets Social Core Equity", "pctHeld": 0.0001, "position": 6774, "value": 2105359}, {"maxAge": 1, "reportDate": "2020-07-31", "organization": "DFA T.A. World Ex U.S. Core Equity Portfolio", "pctHeld": 0.0001, "position": 4050, "value": 1258740}, {"maxAge": 1, "reportDate": "2020-07-31", "organization": "DFA Emerging Markets Sustainability Core 1 Portfolio", "pctHeld": 0.0001, "position": 2344, "value": 728515}], "maxAge": 1}, "summaryDetail": {"maxAge": 1, "priceHint": 2, "previousClose": 361.5, "open": 369.0, "dayLow": 361.0, "dayHigh": 370.35, "regularMarketPreviousClose": 361.5, "regularMarketOpen": 369.0, "regularMarketDayLow": 361.0, "regularMarketDayHigh": 370.35, "volume": 24940, "regularMarketVolume": 24940, "averageVolume": 13968, "averageVolume10days": 17038, "averageDailyVolume10Day": 17038, "bid": 361.0, "ask": 371.0, "bidSize": 0, "askSize": 0, "marketCap": 17021106176, "fiftyTwoWeekLow": 146.7, "fiftyTwoWeekHigh": 407.7, "fiftyDayAverage": 297.23938, "twoHundredDayAverage": 309.1603, "trailingAnnualDividendRate": 2.5, "trailingAnnualDividendYield": 0.0069156294, "currency": "INR", "fromCurrency": null, "lastMarket": null, "algorithm": null, "tradeable": false}, "incomeStatementHistoryQuarterly": {"incomeStatementHistory": [{"maxAge": 1, "endDate": "2020-06-30", "totalRevenue": 6388092000, "costOfRevenue": 4949933000, "grossProfit": 1438159000, "researchDevelopment": {}, "sellingGeneralAdministrative": 416260000, "nonRecurring": {}, "otherOperatingExpenses": 442453000, "totalOperatingExpenses": 5927506000, "operatingIncome": 460586000, "totalOtherIncomeExpenseNet": 601105000, "ebit": 460586000, "interestExpense": -62708000, "incomeBeforeTax": 1061691000, "incomeTaxExpense": 100699000, "minorityInterest": {}, "netIncomeFromContinuingOps": 960992000, "discontinuedOperations": {}, "extraordinaryItems": {}, "effectOfAccountingCharges": {}, "otherItems": {}, "netIncome": 964091000, "netIncomeApplicableToCommonShares": 964091000}, {"maxAge": 1, "endDate": "2020-03-31", "totalRevenue": 6526471000, "costOfRevenue": 5463965000, "grossProfit": 1062506000, "researchDevelopment": {}, "sellingGeneralAdministrative": 395112000, "nonRecurring": {}, "otherOperatingExpenses": 348686000, "totalOperatingExpenses": 6325594000, "operatingIncome": 200877000, "totalOtherIncomeExpenseNet": -2270337000, "ebit": 200877000, "interestExpense": -57035000, "incomeBeforeTax": -2069460000, "incomeTaxExpense": 29696000, "minorityInterest": 21517000, "netIncomeFromContinuingOps": -2099156000, "discontinuedOperations": {}, "extraordinaryItems": {}, "effectOfAccountingCharges": {}, "otherItems": {}, "netIncome": -2092106000, "netIncomeApplicableToCommonShares": -2092106000}, {"maxAge": 1, "endDate": "2019-12-31", "totalRevenue": 6724237000, "costOfRevenue": 5464947000, "grossProfit": 1259290000, "researchDevelopment": {}, "sellingGeneralAdministrative": 399293000, "nonRecurring": {}, "otherOperatingExpenses": 526333000, "totalOperatingExpenses": 6519019000, "operatingIncome": 205218000, "totalOtherIncomeExpenseNet": -43491000, "ebit": 205218000, "interestExpense": -53947000, "incomeBeforeTax": 161727000, "incomeTaxExpense": 44900000, "minorityInterest": 21517000, "netIncomeFromContinuingOps": 116827000, "discontinuedOperations": 10000, "extraordinaryItems": {}, "effectOfAccountingCharges": {}, "otherItems": {}, "netIncome": 146255000, "netIncomeApplicableToCommonShares": 146255000}, {"maxAge": 1, "endDate": "2019-09-30", "totalRevenue": 6795897000, "costOfRevenue": 5640342000, "grossProfit": 1155555000, "researchDevelopment": {}, "sellingGeneralAdministrative": 392958000, "nonRecurring": {}, "otherOperatingExpenses": 540879000, "totalOperatingExpenses": 6703572000, "operatingIncome": 92325000, "totalOtherIncomeExpenseNet": -23988000, "ebit": 92325000, "interestExpense": -52371000, "incomeBeforeTax": 68337000, "incomeTaxExpense": -38284000, "minorityInterest": 58390000, "netIncomeFromContinuingOps": 106621000, "discontinuedOperations": 10000, "extraordinaryItems": {}, "effectOfAccountingCharges": {}, "otherItems": {}, "netIncome": 142595000, "netIncomeApplicableToCommonShares": 142595000}], "maxAge": 86400}, "cashflowStatementHistoryQuarterly": {"cashflowStatements": [{"maxAge": 1, "endDate": "2020-06-30", "netIncome": 964091000, "changeToLiabilities": 0}, {"maxAge": 1, "endDate": "2020-03-31", "netIncome": -2092106000, "changeToLiabilities": 0}, {"maxAge": 1, "endDate": "2019-12-31", "netIncome": 146255000, "changeToLiabilities": 0}, {"maxAge": 1, "endDate": "2019-09-30", "netIncome": 142595000, "changeToLiabilities": 0}], "maxAge": 86400}, "insiderHolders": {"holders": [{"maxAge": 1, "name": "Nara (Brahmani)", "relation": "Divisional Officer", "url": "", "transactionDescription": "Acquisition", "latestTransDate": "2012-07-04", "positionDirect": 50500, "positionDirectDate": "2012-07-04"}, {"maxAge": 1, "name": "Quantum M Ltd", "relation": "Investment Advisor", "url": "", "transactionDescription": "Sale", "latestTransDate": "2010-06-15", "positionDirect": 408531, "positionDirectDate": "2010-06-15"}], "maxAge": 1}, "calendarEvents": {"maxAge": 1, "earnings": {"earningsDate": []}}, "upgradeDowngradeHistory": {"history": [], "maxAge": 86400}, "price": {"maxAge": 1, "regularMarketChangePercent": 0.014799464, "regularMarketChange": 5.350006, "regularMarketTime": "2021-04-30 15:29:55", "priceHint": 2, "regularMarketPrice": 366.85, "regularMarketDayHigh": 370.35, "regularMarketDayLow": 361.0, "regularMarketVolume": 24940, "averageDailyVolume10Day": 17038, "averageDailyVolume3Month": 13968, "regularMarketPreviousClose": 361.5, "regularMarketSource": "FREE_REALTIME", "regularMarketOpen": 369.0, "exchange": "BSE", "exchangeName": "BSE", "exchangeDataDelayedBy": 0, "marketState": "CLOSED", "quoteType": "EQUITY", "symbol": "HERITGFOOD.BO", "underlyingSymbol": null, "shortName": "HERITAGE FOODS LIMITED", "longName": "Heritage Foods Limited", "currency": "INR", "quoteSourceName": "Delayed Quote", "currencySymbol": "\u20b9", "fromCurrency": null, "lastMarket": null, "marketCap": 17021106176}, "balanceSheetHistory": {"balanceSheetStatements": [{"maxAge": 1, "endDate": "2020-03-31", "cash": 558339000, "shortTermInvestments": 7050000, "netReceivables": 265148000, "inventory": 1446748000, "otherCurrentAssets": 377991000, "totalCurrentAssets": 2686845000, "longTermInvestments": 1523163000, "propertyPlantEquipment": 5448428000, "intangibleAssets": 76948000, "otherAssets": 146674000, "totalAssets": 9882058000, "accountsPayable": 599488000, "shortLongTermDebt": 451236000, "otherCurrentLiab": 810822000, "longTermDebt": 1722252000, "otherLiab": 309452000, "minorityInterest": 21517000, "totalCurrentLiabilities": 3196905000, "totalLiab": 5264702000, "commonStock": 231990000, "retainedEarnings": 3960974000, "treasuryStock": 24461000, "capitalSurplus": 378414000, "otherStockholderEquity": 24461000, "totalStockholderEquity": 4595839000, "netTangibleAssets": 4518891000}, {"maxAge": 1, "endDate": "2019-03-31", "cash": 633486000, "shortTermInvestments": 91252000, "netReceivables": 462623000, "inventory": 1383631000, "otherCurrentAssets": 148027000, "totalCurrentAssets": 2749383000, "longTermInvestments": 8350154000, "propertyPlantEquipment": 5028002000, "intangibleAssets": 108642000, "otherAssets": 108992000, "totalAssets": 16345173000, "accountsPayable": 685687000, "shortLongTermDebt": 372824000, "otherCurrentLiab": 773631000, "longTermDebt": 1652356000, "otherLiab": 3280708000, "minorityInterest": 117060000, "totalCurrentLiabilities": 3256077000, "totalLiab": 8202533000, "commonStock": 231990000, "retainedEarnings": 5684725000, "treasuryStock": 1730451000, "capitalSurplus": 378414000, "otherStockholderEquity": 1730451000, "totalStockholderEquity": 8025580000, "netTangibleAssets": 7916938000}, {"maxAge": 1, "endDate": "2018-03-31", "cash": 602121000, "shortTermInvestments": 74475000, "netReceivables": 181379000, "inventory": 1547492000, "otherCurrentAssets": 119910000, "totalCurrentAssets": 2540049000, "longTermInvestments": 10017219000, "propertyPlantEquipment": 4193357000, "intangibleAssets": 184764000, "otherAssets": 130731000, "totalAssets": 17066120000, "accountsPayable": 669629000, "shortLongTermDebt": 319875000, "otherCurrentLiab": 798784000, "longTermDebt": 1403597000, "otherLiab": 4501815000, "minorityInterest": 105567000, "totalCurrentLiabilities": 3258959000, "totalLiab": 9183848000, "commonStock": 231990000, "retainedEarnings": 4998696000, "treasuryStock": 2167605000, "capitalSurplus": 378414000, "otherStockholderEquity": 2167605000, "totalStockholderEquity": 7776705000, "netTangibleAssets": 7591941000}, {"maxAge": 1, "endDate": "2017-03-31", "cash": 459724000, "shortTermInvestments": 78682000, "netReceivables": 202836000, "inventory": 1226896000, "otherCurrentAssets": 91633000, "totalCurrentAssets": 2070247000, "longTermInvestments": 4780083000, "propertyPlantEquipment": 3021245000, "intangibleAssets": 4888000, "otherAssets": 81659000, "totalAssets": 9958122000, "accountsPayable": 601505000, "shortLongTermDebt": 180600000, "otherCurrentLiab": 763430000, "longTermDebt": 737704000, "otherLiab": 630018000, "minorityInterest": 106400000, "totalCurrentLiabilities": 2575945000, "totalLiab": 3943667000, "commonStock": 231990000, "retainedEarnings": 4489945000, "treasuryStock": 807706000, "capitalSurplus": 378414000, "otherStockholderEquity": 807706000, "totalStockholderEquity": 5908055000, "netTangibleAssets": 5903167000}], "maxAge": 86400}, "financialData": {"maxAge": 86400, "currentPrice": 366.85, "recommendationKey": "none", "grossProfits": 4912766000, "financialCurrency": "INR"}}}