{"HESTERBIO.BO": {"recommendationTrend": {"trend": [{"period": "0m", "strongBuy": 0, "buy": 0, "hold": 0, "sell": 0, "strongSell": 0}, {"period": "-1m", "strongBuy": 0, "buy": 0, "hold": 0, "sell": 0, "strongSell": 0}, {"period": "-2m", "strongBuy": 0, "buy": 0, "hold": 0, "sell": 0, "strongSell": 0}, {"period": "-3m", "strongBuy": 0, "buy": 0, "hold": 0, "sell": 0, "strongSell": 0}], "maxAge": 86400}, "cashflowStatementHistory": {"cashflowStatements": [{"maxAge": 1, "endDate": "2020-03-31", "netIncome": 291707437, "depreciation": 131776411, "changeToNetincome": 87832393, "changeToAccountReceivables": -249930734, "changeToLiabilities": 98625575, "changeToInventory": -131821109, "changeToOperatingActivities": 146643054, "totalCashFromOperatingActivities": 382920323, "capitalExpenditures": -734980810, "investments": -23298846, "otherCashflowsFromInvestingActivities": 3734232, "totalCashflowsFromInvestingActivities": -744730831, "dividendsPaid": -71788260, "netBorrowings": 280452372, "otherCashflowsFromFinancingActivities": -22472508, "totalCashFromFinancingActivities": 186191604, "changeInCash": -175618905}, {"maxAge": 1, "endDate": "2019-03-31", "netIncome": 415673316, "depreciation": 116972346, "changeToNetincome": 48957895, "changeToAccountReceivables": 58810981, "changeToLiabilities": 6105812, "changeToInventory": -103636852, "changeToOperatingActivities": -83844889, "totalCashFromOperatingActivities": 467084242, "capitalExpenditures": -226530755, "investments": 6589269, "otherCashflowsFromInvestingActivities": 1523236, "totalCashflowsFromInvestingActivities": -217279286, "dividendsPaid": -102554660, "netBorrowings": 189668094, "otherCashflowsFromFinancingActivities": -60598644, "totalCashFromFinancingActivities": 26514790, "changeInCash": 283197210}, {"maxAge": 1, "endDate": "2018-03-31", "netIncome": 256209528, "depreciation": 95702116, "changeToNetincome": 51089993, "changeToAccountReceivables": -59470628, "changeToLiabilities": 4293461, "changeToInventory": -60407724, "changeToOperatingActivities": 92493674, "totalCashFromOperatingActivities": 380241608, "capitalExpenditures": -229707369, "investments": -3053125, "otherCashflowsFromInvestingActivities": 809658, "totalCashflowsFromInvestingActivities": -258297854, "dividendsPaid": -64503575, "netBorrowings": -5921616, "otherCashflowsFromFinancingActivities": -40362203, "totalCashFromFinancingActivities": -110787394, "changeInCash": 11474559}, {"maxAge": 1, "endDate": "2017-03-31", "netIncome": 235454707, "depreciation": 69183186, "changeToNetincome": 42011021, "changeToAccountReceivables": -7469296, "changeToLiabilities": 16261513, "changeToInventory": 2090526, "changeToOperatingActivities": -9829719, "totalCashFromOperatingActivities": 347976677, "capitalExpenditures": -302433197, "investments": -1588064, "otherCashflowsFromInvestingActivities": 696068, "totalCashflowsFromInvestingActivities": -301861248, "dividendsPaid": -41978514, "netBorrowings": 88006307, "otherCashflowsFromFinancingActivities": -34986747, "totalCashFromFinancingActivities": 18345137, "changeInCash": 64460566, "issuanceOfStock": 7304091}], "maxAge": 86400}, "institutionOwnership": {"ownershipList": [], "maxAge": 1}, "balanceSheetHistoryQuarterly": {"balanceSheetStatements": [{"maxAge": 1, "endDate": "2020-06-30", "totalStockholderEquity": 2010720000, "netTangibleAssets": 2006790000}, {"maxAge": 1, "endDate": "2020-03-31", "cash": 230853148, "netReceivables": 586466389, "inventory": 639673572, "otherCurrentAssets": 111540331, "totalCurrentAssets": 1576177331, "longTermInvestments": 38694423, "propertyPlantEquipment": 2162949908, "intangibleAssets": 3930602, "otherAssets": 63014874, "totalAssets": 3844767138, "accountsPayable": 186141604, "shortLongTermDebt": 115003577, "otherCurrentLiab": 181390206, "longTermDebt": 756772218, "otherLiab": 149751811, "minorityInterest": 54209427, "totalCurrentLiabilities": 813392541, "totalLiab": 1779836689, "commonStock": 85068650, "retainedEarnings": 1644432876, "treasuryStock": 106152391, "capitalSurplus": 175067105, "otherStockholderEquity": 106152391, "totalStockholderEquity": 2010721022, "netTangibleAssets": 2006790420}, {"maxAge": 1, "endDate": "2019-12-31", "totalStockholderEquity": 1846050000, "netTangibleAssets": 1841660000}, {"maxAge": 1, "endDate": "2019-09-30", "cash": 418780000, "shortTermInvestments": 5830000, "netReceivables": 427980000, "inventory": 579320000, "otherCurrentAssets": 164760000, "totalCurrentAssets": 1596670000, "longTermInvestments": 36860000, "propertyPlantEquipment": 1798950000, "intangibleAssets": 4390000, "otherAssets": 49470000, "totalAssets": 3486340000, "accountsPayable": 210290000, "shortLongTermDebt": 115390000, "otherCurrentLiab": 155150000, "longTermDebt": 562150000, "otherLiab": 181010000, "minorityInterest": 30790000, "totalCurrentLiabilities": 866340000, "totalLiab": 1609500000, "commonStock": 85070000, "treasuryStock": 1760980000, "otherStockholderEquity": 1760980000, "totalStockholderEquity": 1846050000, "netTangibleAssets": 1841660000}], "maxAge": 86400}, "earningsHistory": {"history": [{"maxAge": 1, "epsActual": 8.32, "epsEstimate": 7.76, "epsDifference": 0.56, "surprisePercent": 0.072, "quarter": "2017-03-31", "period": "-4q"}, {"maxAge": 1, "epsActual": 10.59, "epsEstimate": 9.7, "epsDifference": 0.89, "surprisePercent": 0.092, "quarter": "2018-03-31", "period": "-3q"}, {"maxAge": 1, "epsActual": 11.38, "epsEstimate": 8.14, "epsDifference": 3.24, "surprisePercent": 0.398, "quarter": "2018-06-30", "period": "-2q"}, {"maxAge": 1, "epsActual": 11.68, "epsEstimate": 12.06, "epsDifference": -0.38, "surprisePercent": -0.032, "quarter": "2018-09-30", "period": "-1q"}], "maxAge": 86400}, "indexTrend": {"maxAge": 1, "symbol": "SP5", "peRatio": 19.7411, "pegRatio": 1.34172, "estimates": [{"period": "0q", "growth": 0.549}, {"period": "+1q", "growth": 0.431}, {"period": "0y", "growth": 0.305}, {"period": "+1y", "growth": 0.109}, {"period": "+5y", "growth": 0.120865}, {"period": "-5y"}]}, "industryTrend": {"maxAge": 1, "symbol": null, "estimates": []}, "insiderTransactions": {"transactions": [{"maxAge": 1, "shares": 201354, "filerUrl": "", "transactionText": "Other at price 0.00 per share.", "filerName": "Kapadia (Anup)", "filerRelation": "Promoter", "moneyText": "", "startDate": "2020-09-10", "ownership": "D"}, {"maxAge": 1, "shares": 18, "filerUrl": "", "transactionText": "", "filerName": "Gandhi (Bhupendra Vithaldas)", "filerRelation": "Chairman of the Board", "moneyText": "", "startDate": "2020-03-09", "ownership": "D"}, {"maxAge": 1, "shares": 5, "filerUrl": "", "transactionText": "", "filerName": "Gandhi (Bhupendra) V HUF", "filerRelation": "Promoter", "moneyText": "", "startDate": "2020-03-09", "ownership": "D"}, {"maxAge": 1, "shares": 145, "filerUrl": "", "transactionText": "", "filerName": "Gandhi (Shaila Bhupendra)", "filerRelation": "Promoter", "moneyText": "", "startDate": "2020-03-09", "ownership": "D"}, {"maxAge": 1, "shares": 4000, "filerUrl": "", "transactionText": "", "filerName": "Kapadia (Madhuri C)", "filerRelation": "Promoter", "moneyText": "", "startDate": "2020-02-11", "ownership": "D"}, {"maxAge": 1, "shares": 4000, "filerUrl": "", "transactionText": "", "filerName": "Gandhi (Yash Rajiv)", "filerRelation": "Promoter", "moneyText": "", "startDate": "2020-02-11", "ownership": "D"}, {"maxAge": 1, "shares": 64000, "filerUrl": "", "transactionText": "", "filerName": "Hester Coatings Pvt Ltd", "filerRelation": "Promoter", "moneyText": "", "startDate": "2019-12-13", "ownership": "D"}, {"maxAge": 1, "shares": 64000, "filerUrl": "", "transactionText": "", "filerName": "Gandhi (Rajiv D)", "filerRelation": "Promoter", "moneyText": "", "startDate": "2019-12-13", "ownership": "D"}, {"maxAge": 1, "shares": 100, "filerUrl": "", "transactionText": "", "filerName": "Gandhi (Yash Rajiv)", "filerRelation": "Promoter", "moneyText": "", "startDate": "2019-12-09", "ownership": "D"}, {"maxAge": 1, "shares": 903, "filerUrl": "", "transactionText": "", "filerName": "Kapadia (Madhuri C)", "filerRelation": "Promoter", "moneyText": "", "startDate": "2019-09-30", "ownership": "D"}, {"maxAge": 1, "shares": 29843, "filerUrl": "", "transactionText": "", "filerName": "Kapadia (Madhuri C)", "filerRelation": "Promoter", "moneyText": "", "startDate": "2019-09-27", "ownership": "D"}, {"maxAge": 1, "shares": 106, "filerUrl": "", "transactionText": "", "filerName": "Shah (Bhavna Jigar)", "filerRelation": "UNREPORTED", "moneyText": "", "startDate": "2018-09-12", "ownership": "D"}, {"maxAge": 1, "shares": 112, "filerUrl": "", "transactionText": "", "filerName": "Shah (Bhavna Jigar)", "filerRelation": "UNREPORTED", "moneyText": "", "startDate": "2018-09-05", "ownership": "D"}, {"maxAge": 1, "shares": 100, "filerUrl": "", "transactionText": "", "filerName": "Shah (Bhavna Jigar)", "filerRelation": "UNREPORTED", "moneyText": "", "startDate": "2018-08-29", "ownership": "D"}, {"maxAge": 1, "shares": 300, "filerUrl": "", "transactionText": "", "filerName": "Gandhi (Yash Rajiv)", "filerRelation": "Promoter", "moneyText": "", "startDate": "2018-06-11", "ownership": "D"}, {"maxAge": 1, "shares": 72, "filerUrl": "", "transactionText": "", "filerName": "Shah (Bhavna Jigar)", "filerRelation": "UNREPORTED", "moneyText": "", "startDate": "2018-03-14", "ownership": "D"}, {"maxAge": 1, "shares": 200, "filerUrl": "", "transactionText": "", "filerName": "Shah (Bhavna Jigar)", "filerRelation": "UNREPORTED", "moneyText": "", "startDate": "2018-03-09", "ownership": "D"}, {"maxAge": 1, "shares": 260, "filerUrl": "", "transactionText": "", "filerName": "Shah (Bhavna Jigar)", "filerRelation": "UNREPORTED", "moneyText": "", "startDate": "2018-03-05", "ownership": "D"}, {"maxAge": 1, "shares": 300, "filerUrl": "", "transactionText": "", "filerName": "Gandhi (Yash Rajiv)", "filerRelation": "Chief Executive Officer", "moneyText": "", "startDate": "2018-02-07", "ownership": "D"}, {"maxAge": 1, "shares": 100, "filerUrl": "", "transactionText": "", "filerName": "Parvinchandra (Jigar shah)", "filerRelation": "UNREPORTED", "moneyText": "", "startDate": "2018-02-06", "ownership": "D"}, {"maxAge": 1, "shares": 750, "filerUrl": "", "transactionText": "", "filerName": "Gandhi (Yash Rajiv)", "filerRelation": "Chief Executive Officer", "moneyText": "", "startDate": "2017-08-14", "ownership": "D"}, {"maxAge": 1, "shares": 90000, "filerUrl": "", "transactionText": "", "filerName": "Hester Coatings Pvt Ltd", "filerRelation": "Promoter", "moneyText": "", "startDate": "2017-03-22", "ownership": "D"}, {"maxAge": 1, "shares": 90000, "filerUrl": "", "transactionText": "", "filerName": "Gandhi (Rajiv D)", "filerRelation": "Promoter", "moneyText": "", "startDate": "2017-03-22", "ownership": "D"}, {"maxAge": 1, "shares": 700, "filerUrl": "", "transactionText": "", "filerName": "Gandhi (Yash Rajiv)", "filerRelation": "Chief Executive Officer", "moneyText": "", "startDate": "2016-07-19", "ownership": "D"}, {"maxAge": 1, "shares": 10000, "filerUrl": "", "transactionText": "", "filerName": "Gandhi (Rajiv D)", "filerRelation": "Chief Executive Officer", "moneyText": "", "startDate": "2015-06-01", "ownership": "D"}, {"maxAge": 1, "shares": 6500, "filerUrl": "", "transactionText": "", "filerName": "Gandhi (Rajiv D)", "filerRelation": "Chief Executive Officer", "moneyText": "", "startDate": "2015-05-19", "ownership": "D"}, {"maxAge": 1, "shares": 5000, "filerUrl": "", "transactionText": "", "filerName": "Gandhi (Rajiv D)", "filerRelation": "Chief Executive Officer", "moneyText": "", "startDate": "2015-05-15", "ownership": "D"}, {"maxAge": 1, "shares": 1000, "filerUrl": "", "transactionText": "", "filerName": "Gandhi (Yash Rajiv)", "filerRelation": "Chief Executive Officer", "moneyText": "", "startDate": "2014-05-16", "ownership": "D"}, {"maxAge": 1, "shares": 100, "filerUrl": "", "transactionText": "", "filerName": "Gandhi (Yash Rajiv)", "filerRelation": "UNREPORTED", "moneyText": "", "startDate": "2014-04-17", "ownership": "D"}], "maxAge": 1}, "quoteType": {"exchange": "BSE", "quoteType": "EQUITY", "symbol": "HESTERBIO.BO", "underlyingSymbol": "HESTERBIO.BO", "shortName": "HESTER BIOSCIENCES LTD.", "longName": "Hester Biosciences Limited", "firstTradeDateEpochUtc": "2000-01-03 09:15:00", "timeZoneFullName": "Asia/Kolkata", "timeZoneShortName": "IST", "uuid": "38b8f6e9-f380-3fbd-8cdb-03d43e539619", "gmtOffSetMilliseconds": 19800000, "maxAge": 1}, "incomeStatementHistory": {"incomeStatementHistory": [{"maxAge": 1, "endDate": "2020-03-31", "totalRevenue": 1877623731, "costOfRevenue": 197078092, "grossProfit": 1680545639, "researchDevelopment": {}, "sellingGeneralAdministrative": 406514700, "nonRecurring": {}, "otherOperatingExpenses": 668853860, "totalOperatingExpenses": 1405367476, "operatingIncome": 472256255, "totalOtherIncomeExpenseNet": -58994335, "ebit": 472256255, "interestExpense": -63893256, "incomeBeforeTax": 413261920, "incomeTaxExpense": 103237098, "minorityInterest": 54209427, "netIncomeFromContinuingOps": 310024822, "discontinuedOperations": {}, "extraordinaryItems": {}, "effectOfAccountingCharges": {}, "otherItems": {}, "netIncome": 291707437, "netIncomeApplicableToCommonShares": 291707437}, {"maxAge": 1, "endDate": "2019-03-31", "totalRevenue": 1841656989, "costOfRevenue": 284715789, "grossProfit": 1556941200, "researchDevelopment": {}, "sellingGeneralAdministrative": 289292048, "nonRecurring": {}, "otherOperatingExpenses": 524271902, "totalOperatingExpenses": 1215875663, "operatingIncome": 625781326, "totalOtherIncomeExpenseNet": -57220534, "ebit": 625781326, "interestExpense": -53042743, "incomeBeforeTax": 568560792, "incomeTaxExpense": 161624815, "minorityInterest": 36967612, "netIncomeFromContinuingOps": 406935977, "discontinuedOperations": {}, "extraordinaryItems": {}, "effectOfAccountingCharges": {}, "otherItems": {}, "netIncome": 415673316, "netIncomeApplicableToCommonShares": 415673316}, {"maxAge": 1, "endDate": "2018-03-31", "totalRevenue": 1373240565, "costOfRevenue": 233100891, "grossProfit": 1140139674, "researchDevelopment": {}, "sellingGeneralAdministrative": 232383582, "nonRecurring": {}, "otherOperatingExpenses": 400273242, "totalOperatingExpenses": 974415445, "operatingIncome": 398825120, "totalOtherIncomeExpenseNet": -37606461, "ebit": 398825120, "interestExpense": -37907885, "incomeBeforeTax": 361218659, "incomeTaxExpense": 130544321, "minorityInterest": 43679282, "netIncomeFromContinuingOps": 230674338, "discontinuedOperations": {}, "extraordinaryItems": {}, "effectOfAccountingCharges": {}, "otherItems": {}, "netIncome": 256209528, "netIncomeApplicableToCommonShares": 256209528}, {"maxAge": 1, "endDate": "2017-03-31", "totalRevenue": 1232420356, "costOfRevenue": 303026880, "grossProfit": 929393476, "researchDevelopment": {}, "sellingGeneralAdministrative": 183241471, "nonRecurring": {}, "otherOperatingExpenses": 327037347, "totalOperatingExpenses": 888854144, "operatingIncome": 343566212, "totalOtherIncomeExpenseNet": -34225858, "ebit": 343566212, "interestExpense": -31714928, "incomeBeforeTax": 309340354, "incomeTaxExpense": 81468764, "minorityInterest": 45993007, "netIncomeFromContinuingOps": 227871590, "discontinuedOperations": {}, "extraordinaryItems": {}, "effectOfAccountingCharges": {}, "otherItems": {}, "netIncome": 235454707, "netIncomeApplicableToCommonShares": 235454707}], "maxAge": 86400}, "fundOwnership": {"ownershipList": [{"maxAge": 1, "reportDate": "2020-07-31", "organization": "DFA Emerging Markets Small Cap Series", "pctHeld": 0.0013, "position": 11114, "value": 14654920}, {"maxAge": 1, "reportDate": "2020-07-31", "organization": "DFA Emerging Markets Core Equity Portfolio", "pctHeld": 0.0005, "position": 4356, "value": 5743821}, {"maxAge": 1, "reportDate": "2020-07-31", "organization": "DFA Investment Dimensions-World Ex U.S. Core Equity Port", "pctHeld": 0.0001, "position": 789, "value": 1040375}, {"maxAge": 1, "reportDate": "2020-07-31", "organization": "DFA T.A. World Ex U.S. Core Equity Portfolio", "pctHeld": 0.0001, "position": 451, "value": 594688}], "maxAge": 1}, "summaryDetail": {"maxAge": 1, "priceHint": 2, "previousClose": 2259.3, "open": 2299.0, "dayLow": 2220.35, "dayHigh": 2299.5, "regularMarketPreviousClose": 2259.3, "regularMarketOpen": 2299.0, "regularMarketDayLow": 2220.35, "regularMarketDayHigh": 2299.5, "trailingPE": 69.039734, "forwardPE": 71.36684, "volume": 600, "regularMarketVolume": 600, "averageVolume": 679, "averageVolume10days": 558, "averageDailyVolume10Day": 558, "bid": 2217.0, "ask": 2250.25, "bidSize": 0, "askSize": 0, "marketCap": 18966044672, "fiftyTwoWeekLow": 870.0, "fiftyTwoWeekHigh": 2299.5, "fiftyDayAverage": 1701.5728, "twoHundredDayAverage": 1656.1434, "trailingAnnualDividendRate": 6.6, "trailingAnnualDividendYield": 0.0029212588, "currency": "INR", "fromCurrency": null, "lastMarket": null, "algorithm": null, "tradeable": false}, "sectorTrend": {"maxAge": 1, "symbol": null, "estimates": []}, "incomeStatementHistoryQuarterly": {"incomeStatementHistory": [{"maxAge": 1, "endDate": "2020-06-30", "totalRevenue": 405470000, "costOfRevenue": 49610000, "grossProfit": 355860000, "researchDevelopment": {}, "sellingGeneralAdministrative": 85670000, "nonRecurring": {}, "otherOperatingExpenses": 144240000, "totalOperatingExpenses": 311280000, "operatingIncome": 94190000, "totalOtherIncomeExpenseNet": -15350000, "ebit": 94190000, "interestExpense": -15350000, "incomeBeforeTax": 78840000, "incomeTaxExpense": 28340000, "minorityInterest": {}, "netIncomeFromContinuingOps": 50500000, "discontinuedOperations": {}, "extraordinaryItems": {}, "effectOfAccountingCharges": {}, "otherItems": {}, "netIncome": 57150000, "netIncomeApplicableToCommonShares": 57150000}, {"maxAge": 1, "endDate": "2020-03-31", "totalRevenue": 465403731, "costOfRevenue": 28548092, "grossProfit": 436855639, "researchDevelopment": {}, "sellingGeneralAdministrative": 124124700, "nonRecurring": {}, "otherOperatingExpenses": 205423860, "totalOperatingExpenses": 392277476, "operatingIncome": 73126255, "totalOtherIncomeExpenseNet": -10714335, "ebit": 73126255, "interestExpense": -15603256, "incomeBeforeTax": 62411920, "incomeTaxExpense": 14807098, "minorityInterest": 54209427, "netIncomeFromContinuingOps": 47604822, "discontinuedOperations": {}, "extraordinaryItems": {}, "effectOfAccountingCharges": {}, "otherItems": {}, "netIncome": 27407437, "netIncomeApplicableToCommonShares": 27407437}, {"maxAge": 1, "endDate": "2019-12-31", "totalRevenue": 509940000, "costOfRevenue": 57020000, "grossProfit": 452920000, "researchDevelopment": {}, "sellingGeneralAdministrative": 102670000, "nonRecurring": {}, "otherOperatingExpenses": 140250000, "totalOperatingExpenses": 334140000, "operatingIncome": 175800000, "totalOtherIncomeExpenseNet": -26290000, "ebit": 175800000, "interestExpense": -26300000, "incomeBeforeTax": 149510000, "incomeTaxExpense": 30020000, "minorityInterest": 54209427, "netIncomeFromContinuingOps": 119490000, "discontinuedOperations": {}, "extraordinaryItems": {}, "effectOfAccountingCharges": {}, "otherItems": {}, "netIncome": 115190000, "netIncomeApplicableToCommonShares": 115190000}, {"maxAge": 1, "endDate": "2019-09-30", "totalRevenue": 448950000, "costOfRevenue": 55760000, "grossProfit": 393190000, "researchDevelopment": {}, "sellingGeneralAdministrative": 93560000, "nonRecurring": {}, "otherOperatingExpenses": 182120000, "totalOperatingExpenses": 363710000, "operatingIncome": 85240000, "totalOtherIncomeExpenseNet": -14110000, "ebit": 85240000, "interestExpense": -14120000, "incomeBeforeTax": 71130000, "incomeTaxExpense": 9050000, "minorityInterest": 30790000, "netIncomeFromContinuingOps": 62080000, "discontinuedOperations": {}, "extraordinaryItems": {}, "effectOfAccountingCharges": {}, "otherItems": {}, "netIncome": 65240000, "netIncomeApplicableToCommonShares": 65240000}], "maxAge": 86400}, "cashflowStatementHistoryQuarterly": {"cashflowStatements": [{"maxAge": 1, "endDate": "2020-06-30", "netIncome": 57150000, "changeToLiabilities": 0}, {"maxAge": 1, "endDate": "2020-03-31", "netIncome": 27407437, "changeToLiabilities": 0}, {"maxAge": 1, "endDate": "2019-12-31", "netIncome": 115190000, "changeToLiabilities": 0}, {"maxAge": 1, "endDate": "2019-09-30", "netIncome": 65240000, "changeToLiabilities": 0}], "maxAge": 86400}, "insiderHolders": {"holders": [{"maxAge": 1, "name": "Gandhi (Bhupendra Vithaldas)", "relation": "Chairman of the Board", "url": "", "transactionDescription": "Acquisition", "latestTransDate": "2020-03-09", "positionDirect": 399100, "positionDirectDate": "2020-03-09"}, {"maxAge": 1, "name": "Gandhi (Bhupendra) V HUF", "relation": "Promoter", "url": "", "transactionDescription": "Acquisition", "latestTransDate": "2020-03-09", "positionDirect": 311600, "positionDirectDate": "2020-03-09"}, {"maxAge": 1, "name": "Gandhi (Rajiv D)", "relation": "Promoter", "url": "", "transactionDescription": "Sale", "latestTransDate": "2019-12-13", "positionDirect": 885397, "positionDirectDate": "2019-12-13"}, {"maxAge": 1, "name": "Gandhi (Shaila Bhupendra)", "relation": "Promoter", "url": "", "transactionDescription": "Acquisition", "latestTransDate": "2020-03-09", "positionDirect": 189700, "positionDirectDate": "2020-03-09"}, {"maxAge": 1, "name": "Gandhi (Yash Rajiv)", "relation": "Promoter", "url": "", "transactionDescription": "Gift", "latestTransDate": "2020-02-11", "positionDirect": 7250, "positionDirectDate": "2020-02-11"}, {"maxAge": 1, "name": "Hester Coatings Pvt Ltd", "relation": "Promoter", "url": "", "transactionDescription": "Purchase", "latestTransDate": "2019-12-13", "positionDirect": 64000, "positionDirectDate": "2019-12-13"}, {"maxAge": 1, "name": "Kapadia (Anup)", "relation": "Promoter", "url": "", "transactionDescription": "Other", "latestTransDate": "2020-09-10", "positionDirect": 228354, "positionDirectDate": "2020-09-10"}, {"maxAge": 1, "name": "Kapadia (Madhuri C)", "relation": "Promoter", "url": "", "transactionDescription": "Gift", "latestTransDate": "2020-02-11", "positionDirect": 201354, "positionDirectDate": "2020-02-11"}, {"maxAge": 1, "name": "Parvinchandra (Jigar shah)", "relation": "UNREPORTED", "url": "", "transactionDescription": "Acquisition", "latestTransDate": "2018-02-06", "positionDirect": 1152, "positionDirectDate": "2018-02-06"}, {"maxAge": 1, "name": "Shah (Bhavna Jigar)", "relation": "UNREPORTED", "url": "", "transactionDescription": "Acquisition", "latestTransDate": "2018-09-12", "positionDirect": 850, "positionDirectDate": "2018-09-12"}], "maxAge": 1}, "earnings": {"maxAge": 86400, "earningsChart": {"quarterly": [{"date": "1Q2017", "actual": 8.32, "estimate": 7.76}, {"date": "1Q2018", "actual": 10.59, "estimate": 9.7}, {"date": "2Q2018", "actual": 11.38, "estimate": 8.14}, {"date": "3Q2018", "actual": 11.68, "estimate": 12.06}], "currentQuarterEstimateDate": "4Q", "currentQuarterEstimateYear": 2018, "earningsDate": []}, "financialsChart": {"yearly": [{"date": 2017, "revenue": 1232420356, "earnings": 235454707}, {"date": 2018, "revenue": 1373240565, "earnings": 256209528}, {"date": 2019, "revenue": 1841656989, "earnings": 415673316}, {"date": 2020, "revenue": 1877623731, "earnings": 291707437}], "quarterly": [{"date": "3Q2019", "revenue": 448950000, "earnings": 65240000}, {"date": "4Q2019", "revenue": 509940000, "earnings": 115190000}, {"date": "1Q2020", "revenue": 465403731, "earnings": 27407437}, {"date": "2Q2020", "revenue": 405470000, "earnings": 57150000}]}, "financialCurrency": "INR"}, "calendarEvents": {"maxAge": 1, "earnings": {"earningsDate": []}}, "upgradeDowngradeHistory": {"history": [], "maxAge": 86400}, "price": {"maxAge": 1, "regularMarketChangePercent": -0.013189947, "regularMarketChange": -29.800049, "regularMarketTime": "2021-04-30 15:29:36", "priceHint": 2, "regularMarketPrice": 2229.5, "regularMarketDayHigh": 2299.5, "regularMarketDayLow": 2220.35, "regularMarketVolume": 600, "averageDailyVolume10Day": 558, "averageDailyVolume3Month": 679, "regularMarketPreviousClose": 2259.3, "regularMarketSource": "FREE_REALTIME", "regularMarketOpen": 2299.0, "exchange": "BSE", "exchangeName": "BSE", "exchangeDataDelayedBy": 0, "marketState": "CLOSED", "quoteType": "EQUITY", "symbol": "HESTERBIO.BO", "underlyingSymbol": null, "shortName": "HESTER BIOSCIENCES LTD.", "longName": "Hester Biosciences Limited", "currency": "INR", "quoteSourceName": "Delayed Quote", "currencySymbol": "\u20b9", "fromCurrency": null, "lastMarket": null, "marketCap": 18966044672}, "balanceSheetHistory": {"balanceSheetStatements": [{"maxAge": 1, "endDate": "2020-03-31", "cash": 230853148, "netReceivables": 586466389, "inventory": 639673572, "otherCurrentAssets": 111540331, "totalCurrentAssets": 1576177331, "longTermInvestments": 38694423, "propertyPlantEquipment": 2162949908, "intangibleAssets": 3930602, "otherAssets": 63014874, "totalAssets": 3844767138, "accountsPayable": 186141604, "shortLongTermDebt": 115003577, "otherCurrentLiab": 181390206, "longTermDebt": 756772218, "otherLiab": 149751811, "minorityInterest": 54209427, "totalCurrentLiabilities": 813392541, "totalLiab": 1779836689, "commonStock": 85068650, "retainedEarnings": 1644432876, "treasuryStock": 106152391, "capitalSurplus": 175067105, "otherStockholderEquity": 106152391, "totalStockholderEquity": 2010721022, "netTangibleAssets": 2006790420}, {"maxAge": 1, "endDate": "2019-03-31", "cash": 406472052, "netReceivables": 332368762, "inventory": 507852463, "otherCurrentAssets": 168254458, "totalCurrentAssets": 1416553463, "longTermInvestments": 15823223, "propertyPlantEquipment": 1513916106, "intangibleAssets": 4798621, "otherAssets": 43422931, "totalAssets": 2994514344, "accountsPayable": 87516029, "shortLongTermDebt": 89237195, "otherCurrentLiab": 74793218, "longTermDebt": 581007221, "otherLiab": 112844051, "minorityInterest": 36967612, "totalCurrentLiabilities": 486606650, "totalLiab": 1182962685, "commonStock": 85068650, "retainedEarnings": 1431962629, "treasuryStock": 82485663, "capitalSurplus": 175067105, "otherStockholderEquity": 82485663, "totalStockholderEquity": 1774584047, "netTangibleAssets": 1769785426}, {"maxAge": 1, "endDate": "2018-03-31", "cash": 123274842, "shortTermInvestments": 7506034, "netReceivables": 324283318, "inventory": 397573435, "otherCurrentAssets": 127066253, "totalCurrentAssets": 984474401, "longTermInvestments": 806000, "propertyPlantEquipment": 1413816984, "goodWill": 1540806, "intangibleAssets": 4950560, "otherAssets": 34832496, "totalAssets": 2440421247, "accountsPayable": 78989298, "shortLongTermDebt": 66126859, "otherCurrentLiab": 135561995, "longTermDebt": 362505056, "otherLiab": 78694667, "minorityInterest": 43679282, "totalCurrentLiabilities": 546316034, "totalLiab": 990403302, "commonStock": 85068650, "retainedEarnings": 1121224969, "treasuryStock": 24977939, "capitalSurplus": 175067105, "otherStockholderEquity": 24977939, "totalStockholderEquity": 1406338663, "netTangibleAssets": 1399847297}, {"maxAge": 1, "endDate": "2017-03-31", "cash": 111800282, "shortTermInvestments": 478822, "netReceivables": 265843104, "inventory": 334114711, "otherCurrentAssets": 85336343, "totalCurrentAssets": 799673974, "longTermInvestments": 4749353, "propertyPlantEquipment": 1232058464, "goodWill": 2100403, "intangibleAssets": 4981911, "otherAssets": 85202151, "totalAssets": 2128766256, "accountsPayable": 74695837, "shortLongTermDebt": 30000000, "otherCurrentLiab": 77448382, "longTermDebt": 439712263, "otherLiab": 36962523, "minorityInterest": 45993007, "totalCurrentLiabilities": 380138608, "totalLiab": 863311617, "commonStock": 85068650, "retainedEarnings": 937142405, "treasuryStock": 22183472, "capitalSurplus": 175067105, "otherStockholderEquity": 22183472, "totalStockholderEquity": 1219461632, "netTangibleAssets": 1212379318}], "maxAge": 86400}, "earningsTrend": {"trend": [{"maxAge": 1, "period": "0q", "endDate": "2018-12-31", "growth": {}, "earningsEstimate": {"avg": 0.0, "low": 0.0, "high": 0.0, "yearAgoEps": 8.32, "numberOfAnalysts": 0, "growth": {}}, "revenueEstimate": {"avg": 0, "low": 0, "high": 0, "numberOfAnalysts": 0, "yearAgoRevenue": {}, "growth": {}}, "epsTrend": {"current": 0.0, "7daysAgo": 0.0, "30daysAgo": 0.0, "60daysAgo": 0.0, "90daysAgo": 0.0}, "epsRevisions": {"upLast7days": 0, "upLast30days": 0, "downLast30days": 0, "downLast90days": {}}}, {"maxAge": 1, "period": "+1q", "endDate": "2019-03-31", "growth": {}, "earningsEstimate": {"avg": 0.0, "low": 0.0, "high": 0.0, "yearAgoEps": 10.59, "numberOfAnalysts": 0, "growth": {}}, "revenueEstimate": {"avg": 0, "low": 0, "high": 0, "numberOfAnalysts": 0, "yearAgoRevenue": {}, "growth": {}}, "epsTrend": {"current": 0.0, "7daysAgo": 0.0, "30daysAgo": 0.0, "60daysAgo": 0.0, "90daysAgo": 0.0}, "epsRevisions": {"upLast7days": 0, "upLast30days": 0, "downLast30days": 0, "downLast90days": {}}}, {"maxAge": 1, "period": "0y", "endDate": "2019-03-31", "growth": {}, "earningsEstimate": {"avg": 0.0, "low": 0.0, "high": 0.0, "yearAgoEps": {}, "numberOfAnalysts": 0, "growth": {}}, "revenueEstimate": {"avg": 1623040000, "low": 1623040000, "high": 1623040000, "numberOfAnalysts": 1, "yearAgoRevenue": 1347860000, "growth": 0.204}, "epsTrend": {"current": 0.0, "7daysAgo": 45.15, "30daysAgo": 45.15, "60daysAgo": 45.15, "90daysAgo": 45.15}, "epsRevisions": {"upLast7days": 0, "upLast30days": 0, "downLast30days": 0, "downLast90days": {}}}, {"maxAge": 1, "period": "+1y", "endDate": "2020-03-31", "growth": {}, "earningsEstimate": {"avg": 0.0, "low": 0.0, "high": 0.0, "yearAgoEps": {}, "numberOfAnalysts": 0, "growth": {}}, "revenueEstimate": {"avg": 1898950000, "low": 1898950000, "high": 1898950000, "numberOfAnalysts": 1, "yearAgoRevenue": 1623040000, "growth": 0.17}, "epsTrend": {"current": 0.0, "7daysAgo": 53.33, "30daysAgo": 53.33, "60daysAgo": 53.33, "90daysAgo": 53.33}, "epsRevisions": {"upLast7days": 0, "upLast30days": 0, "downLast30days": 0, "downLast90days": {}}}, {"maxAge": 1, "period": "+5y", "endDate": null, "growth": {}, "earningsEstimate": {"avg": {}, "low": {}, "high": {}, "yearAgoEps": {}, "numberOfAnalysts": {}, "growth": {}}, "revenueEstimate": {"avg": {}, "low": {}, "high": {}, "numberOfAnalysts": {}, "yearAgoRevenue": {}, "growth": {}}, "epsTrend": {"current": {}, "7daysAgo": {}, "30daysAgo": {}, "60daysAgo": {}, "90daysAgo": {}}, "epsRevisions": {"upLast7days": {}, "upLast30days": {}, "downLast30days": {}, "downLast90days": {}}}, {"maxAge": 1, "period": "-5y", "endDate": null, "growth": {}, "earningsEstimate": {"avg": {}, "low": {}, "high": {}, "yearAgoEps": {}, "numberOfAnalysts": {}, "growth": {}}, "revenueEstimate": {"avg": {}, "low": {}, "high": {}, "numberOfAnalysts": {}, "yearAgoRevenue": {}, "growth": {}}, "epsTrend": {"current": {}, "7daysAgo": {}, "30daysAgo": {}, "60daysAgo": {}, "90daysAgo": {}}, "epsRevisions": {"upLast7days": {}, "upLast30days": {}, "downLast30days": {}, "downLast90days": {}}}], "maxAge": 1}, "financialData": {"maxAge": 86400, "currentPrice": 2229.5, "targetHighPrice": 1620.0, "targetLowPrice": 1620.0, "targetMeanPrice": 1620.0, "targetMedianPrice": 1620.0, "recommendationKey": "none", "numberOfAnalystOpinions": 1, "grossProfits": 1680545639, "financialCurrency": "INR"}}}