{"HFCL.BO": {"recommendationTrend": {"trend": [{"period": "0m", "strongBuy": 0, "buy": 0, "hold": 0, "sell": 0, "strongSell": 0}, {"period": "-1m", "strongBuy": 0, "buy": 0, "hold": 0, "sell": 0, "strongSell": 0}, {"period": "-2m", "strongBuy": 0, "buy": 0, "hold": 0, "sell": 0, "strongSell": 0}, {"period": "-3m", "strongBuy": 0, "buy": 0, "hold": 0, "sell": 0, "strongSell": 0}], "maxAge": 86400}, "cashflowStatementHistory": {"cashflowStatements": [{"maxAge": 1, "endDate": "2020-03-31", "netIncome": 2272400000, "depreciation": 383100000, "changeToNetincome": 1649100000, "changeToAccountReceivables": -1723300000, "changeToLiabilities": -497600000, "changeToInventory": -791500000, "changeToOperatingActivities": 335600000, "totalCashFromOperatingActivities": 1673200000, "capitalExpenditures": -1556600000, "otherCashflowsFromInvestingActivities": 53700000, "totalCashflowsFromInvestingActivities": -1618400000, "dividendsPaid": -153200000, "netBorrowings": 1125900000, "otherCashflowsFromFinancingActivities": -1038300000, "totalCashFromFinancingActivities": -65600000, "changeInCash": -10800000}, {"maxAge": 1, "endDate": "2019-03-31", "netIncome": 2199100000, "depreciation": 243500000, "changeToNetincome": 2022000000, "changeToAccountReceivables": -3534400000, "changeToLiabilities": 3018700000, "changeToInventory": -509600000, "changeToOperatingActivities": -3126100000, "totalCashFromOperatingActivities": 339400000, "capitalExpenditures": -1551100000, "otherCashflowsFromInvestingActivities": 267000000, "totalCashflowsFromInvestingActivities": -1503300000, "dividendsPaid": -88600000, "netBorrowings": 1814400000, "otherCashflowsFromFinancingActivities": -448400000, "totalCashFromFinancingActivities": 673600000, "changeInCash": -490300000}, {"maxAge": 1, "endDate": "2018-03-31", "netIncome": 1678700000, "depreciation": 218900000, "changeToNetincome": 223500000, "changeToAccountReceivables": -540400000, "changeToLiabilities": 1054700000, "changeToInventory": 318000000, "changeToOperatingActivities": -895800000, "totalCashFromOperatingActivities": 2070900000, "capitalExpenditures": -312700000, "investments": -23900000, "otherCashflowsFromInvestingActivities": 132100000, "totalCashflowsFromInvestingActivities": -300200000, "dividendsPaid": -88600000, "netBorrowings": -505500000, "otherCashflowsFromFinancingActivities": -457400000, "totalCashFromFinancingActivities": -1164100000, "changeInCash": 606600000}, {"maxAge": 1, "endDate": "2017-03-31", "netIncome": 1229300000, "depreciation": 204700000, "changeToNetincome": -23400000, "changeToAccountReceivables": -667200000, "changeToLiabilities": -472300000, "changeToInventory": 308300000, "changeToOperatingActivities": 768500000, "totalCashFromOperatingActivities": 1360700000, "capitalExpenditures": -326400000, "investments": -50000000, "otherCashflowsFromInvestingActivities": 57500000, "totalCashflowsFromInvestingActivities": -250300000, "dividendsPaid": -88600000, "netBorrowings": -361700000, "otherCashflowsFromFinancingActivities": -780300000, "totalCashFromFinancingActivities": -1142000000, "changeInCash": -31600000}], "maxAge": 86400}, "institutionOwnership": {"ownershipList": [], "maxAge": 1}, "balanceSheetHistoryQuarterly": {"balanceSheetStatements": [{"maxAge": 1, "endDate": "2020-09-30", "cash": 2468400000, "shortTermInvestments": 65500000, "netReceivables": 19416800000, "inventory": 3629200000, "otherCurrentAssets": 7675900000, "totalCurrentAssets": 33255800000, "longTermInvestments": 856300000, "propertyPlantEquipment": 4649900000, "goodWill": 261700000, "intangibleAssets": 386800000, "otherAssets": 2756400000, "deferredLongTermAssetCharges": 63000000, "totalAssets": 42166900000, "accountsPayable": 10143700000, "otherCurrentLiab": 6005100000, "longTermDebt": 1899500000, "otherLiab": 302200000, "minorityInterest": 25200000, "totalCurrentLiabilities": 22274700000, "totalLiab": 24693600000, "commonStock": 1284400000, "treasuryStock": 16163700000, "otherStockholderEquity": 16163700000, "totalStockholderEquity": 17448100000, "netTangibleAssets": 16799600000}, {"maxAge": 1, "endDate": "2020-06-30", "totalStockholderEquity": 16684400000, "netTangibleAssets": 16027400000}, {"maxAge": 1, "endDate": "2020-03-31", "cash": 164500000, "netReceivables": 18118400000, "inventory": 3436800000, "otherCurrentAssets": 8474400000, "totalCurrentAssets": 30611200000, "longTermInvestments": 556900000, "propertyPlantEquipment": 4721000000, "goodWill": 261700000, "intangibleAssets": 395300000, "otherAssets": 1743700000, "deferredLongTermAssetCharges": 121500000, "totalAssets": 38289800000, "accountsPayable": 8152400000, "shortLongTermDebt": 431000000, "otherCurrentLiab": 4053100000, "longTermDebt": 2009400000, "otherLiab": 319600000, "minorityInterest": -400000, "totalCurrentLiabilities": 19107600000, "totalLiab": 21605900000, "commonStock": 1284400000, "retainedEarnings": 10819900000, "treasuryStock": -96200000, "capitalSurplus": 4676200000, "otherStockholderEquity": -96200000, "totalStockholderEquity": 16684300000, "netTangibleAssets": 16027300000}, {"maxAge": 1, "endDate": "2019-12-31", "totalStockholderEquity": 16137100000, "netTangibleAssets": 15482700000}], "maxAge": 86400}, "earningsHistory": {"history": [{"maxAge": 1, "epsActual": {}, "epsEstimate": {}, "epsDifference": {}, "surprisePercent": {}, "quarter": {}, "period": "-4q"}, {"maxAge": 1, "epsActual": 0.36, "epsEstimate": 0.22, "epsDifference": 0.14, "surprisePercent": 0.636, "quarter": "2017-12-31", "period": "-3q"}, {"maxAge": 1, "epsActual": 0.48, "epsEstimate": 0.35, "epsDifference": 0.13, "surprisePercent": 0.371, "quarter": "2018-03-31", "period": "-2q"}, {"maxAge": 1, "epsActual": 0.34, "epsEstimate": 0.45, "epsDifference": -0.11, "surprisePercent": -0.244, "quarter": "2018-06-30", "period": "-1q"}], "maxAge": 86400}, "indexTrend": {"maxAge": 1, "symbol": "SP5", "peRatio": 19.7411, "pegRatio": 1.34172, "estimates": [{"period": "0q", "growth": 0.549}, {"period": "+1q", "growth": 0.431}, {"period": "0y", "growth": 0.305}, {"period": "+1y", "growth": 0.109}, {"period": "+5y", "growth": 0.120865}, {"period": "-5y"}]}, "industryTrend": {"maxAge": 1, "symbol": null, "estimates": []}, "insiderTransactions": {"transactions": [{"maxAge": 1, "shares": 1000000, "value": 228900, "filerUrl": "", "transactionText": "Acquisition at price 0.23 per share.", "filerName": "MN Ventures Pvt. Ltd.", "filerRelation": "Promoter", "moneyText": "", "startDate": "2020-11-12", "ownership": "D"}, {"maxAge": 1, "shares": 1000000, "value": 229700, "filerUrl": "", "transactionText": "Acquisition at price 0.23 per share.", "filerName": "MN Ventures Pvt. Ltd.", "filerRelation": "Promoter", "moneyText": "", "startDate": "2020-11-11", "ownership": "D"}, {"maxAge": 1, "shares": 1000000, "value": 231100, "filerUrl": "", "transactionText": "Acquisition at price 0.23 per share.", "filerName": "MN Ventures Pvt. Ltd.", "filerRelation": "Promoter", "moneyText": "", "startDate": "2020-11-06", "ownership": "D"}, {"maxAge": 1, "shares": 1000000, "value": 230000, "filerUrl": "", "transactionText": "Acquisition at price 0.23 per share.", "filerName": "MN Ventures Pvt. Ltd.", "filerRelation": "Promoter", "moneyText": "", "startDate": "2020-11-05", "ownership": "D"}, {"maxAge": 1, "shares": 1000000, "value": 229900, "filerUrl": "", "transactionText": "Acquisition at price 0.23 per share.", "filerName": "MN Ventures Pvt. Ltd.", "filerRelation": "Promoter", "moneyText": "", "startDate": "2020-11-04", "ownership": "D"}, {"maxAge": 1, "shares": 1000000, "value": 229100, "filerUrl": "", "transactionText": "Acquisition at price 0.23 per share.", "filerName": "MN Ventures Pvt. Ltd.", "filerRelation": "Promoter", "moneyText": "", "startDate": "2020-11-03", "ownership": "D"}, {"maxAge": 1, "shares": 1000000, "value": 230800, "filerUrl": "", "transactionText": "Acquisition at price 0.23 per share.", "filerName": "MN Ventures Pvt. Ltd.", "filerRelation": "Promoter", "moneyText": "", "startDate": "2020-11-02", "ownership": "D"}, {"maxAge": 1, "shares": 1000000, "value": 230700, "filerUrl": "", "transactionText": "Acquisition at price 0.23 per share.", "filerName": "MN Ventures Pvt. Ltd.", "filerRelation": "Promoter", "moneyText": "", "startDate": "2020-10-30", "ownership": "D"}, {"maxAge": 1, "shares": 2000000, "value": 454400, "filerUrl": "", "transactionText": "Acquisition at price 0.23 per share.", "filerName": "MN Ventures Pvt. Ltd.", "filerRelation": "Promoter", "moneyText": "", "startDate": "2020-10-29", "ownership": "D"}, {"maxAge": 1, "shares": 1000000, "value": 230900, "filerUrl": "", "transactionText": "Acquisition at price 0.23 per share.", "filerName": "MN Ventures Pvt. Ltd.", "filerRelation": "Promoter", "moneyText": "", "startDate": "2020-10-27", "ownership": "D"}, {"maxAge": 1, "shares": 1000000, "value": 229800, "filerUrl": "", "transactionText": "Acquisition at price 0.23 per share.", "filerName": "MN Ventures Pvt. Ltd.", "filerRelation": "Promoter", "moneyText": "", "startDate": "2020-10-26", "ownership": "D"}, {"maxAge": 1, "shares": 1000000, "value": 230200, "filerUrl": "", "transactionText": "Acquisition at price 0.23 per share.", "filerName": "MN Ventures Pvt. Ltd.", "filerRelation": "Promoter", "moneyText": "", "startDate": "2020-10-23", "ownership": "D"}, {"maxAge": 1, "shares": 1000000, "value": 229400, "filerUrl": "", "transactionText": "Acquisition at price 0.23 per share.", "filerName": "MN Ventures Pvt. Ltd.", "filerRelation": "Promoter", "moneyText": "", "startDate": "2020-10-22", "ownership": "D"}, {"maxAge": 1, "shares": 1000000, "value": 228200, "filerUrl": "", "transactionText": "Acquisition at price 0.23 per share.", "filerName": "MN Ventures Pvt. Ltd.", "filerRelation": "Promoter", "moneyText": "", "startDate": "2020-10-21", "ownership": "D"}, {"maxAge": 1, "shares": 1000000, "value": 228700, "filerUrl": "", "transactionText": "Acquisition at price 0.23 per share.", "filerName": "MN Ventures Pvt. Ltd.", "filerRelation": "Promoter", "moneyText": "", "startDate": "2020-10-20", "ownership": "D"}, {"maxAge": 1, "shares": 1000000, "value": 234400, "filerUrl": "", "transactionText": "Acquisition at price 0.23 per share.", "filerName": "MN Ventures Pvt. Ltd.", "filerRelation": "Promoter", "moneyText": "", "startDate": "2020-10-19", "ownership": "D"}, {"maxAge": 1, "shares": 2500000, "filerUrl": "", "transactionText": "", "filerName": "MN Ventures Pvt. Ltd.", "filerRelation": "Promoter", "moneyText": "", "startDate": "2020-10-16", "ownership": "D"}, {"maxAge": 1, "shares": 2500000, "value": 574750, "filerUrl": "", "transactionText": "Acquisition at price 0.23 per share.", "filerName": "MN Ventures Pvt. Ltd.", "filerRelation": "Promoter", "moneyText": "", "startDate": "2020-10-15", "ownership": "D"}, {"maxAge": 1, "shares": 2000000, "value": 449200, "filerUrl": "", "transactionText": "Acquisition at price 0.22 per share.", "filerName": "MN Ventures Pvt. Ltd.", "filerRelation": "Promoter", "moneyText": "", "startDate": "2020-10-14", "ownership": "D"}, {"maxAge": 1, "shares": 1500000, "value": 336450, "filerUrl": "", "transactionText": "Acquisition at price 0.22 per share.", "filerName": "MN Ventures Pvt. Ltd.", "filerRelation": "Promoter", "moneyText": "", "startDate": "2020-10-13", "ownership": "D"}, {"maxAge": 1, "shares": 3500000, "value": 784700, "filerUrl": "", "transactionText": "Acquisition at price 0.22 per share.", "filerName": "MN Ventures Pvt. Ltd.", "filerRelation": "Promoter", "moneyText": "", "startDate": "2020-09-29", "ownership": "D"}, {"maxAge": 1, "shares": 1700000, "value": 363120, "filerUrl": "", "transactionText": "Acquisition at price 0.21 per share.", "filerName": "MN Ventures Pvt. Ltd.", "filerRelation": "Promoter", "moneyText": "", "startDate": "2020-09-28", "ownership": "D"}, {"maxAge": 1, "shares": 1350000, "value": 274050, "filerUrl": "", "transactionText": "Acquisition at price 0.20 per share.", "filerName": "MN Ventures Pvt. Ltd.", "filerRelation": "Promoter", "moneyText": "", "startDate": "2020-09-25", "ownership": "D"}, {"maxAge": 1, "shares": 1250000, "value": 247625, "filerUrl": "", "transactionText": "Acquisition at price 0.20 per share.", "filerName": "MN Ventures Pvt. Ltd.", "filerRelation": "Promoter", "moneyText": "", "startDate": "2020-09-24", "ownership": "D"}, {"maxAge": 1, "shares": 2000000, "value": 402200, "filerUrl": "", "transactionText": "Acquisition at price 0.20 per share.", "filerName": "MN Ventures Pvt. Ltd.", "filerRelation": "Promoter", "moneyText": "", "startDate": "2020-09-23", "ownership": "D"}, {"maxAge": 1, "shares": 2200000, "value": 441980, "filerUrl": "", "transactionText": "Acquisition at price 0.20 per share.", "filerName": "MN Ventures Pvt. Ltd.", "filerRelation": "Promoter", "moneyText": "", "startDate": "2020-09-22", "ownership": "D"}, {"maxAge": 1, "shares": 2000000, "value": 398200, "filerUrl": "", "transactionText": "Acquisition at price 0.20 per share.", "filerName": "MN Ventures Pvt. Ltd.", "filerRelation": "Promoter", "moneyText": "", "startDate": "2020-09-21", "ownership": "D"}, {"maxAge": 1, "shares": 2175000, "filerUrl": "", "transactionText": "", "filerName": "Nahata (Anant)", "filerRelation": "Promoter", "moneyText": "", "startDate": "2020-03-31", "ownership": "D"}, {"maxAge": 1, "shares": 415000, "filerUrl": "", "transactionText": "", "filerName": "Nahata (Mahendra)", "filerRelation": "Director (Executive)", "moneyText": "", "startDate": "2020-03-30", "ownership": "D"}, {"maxAge": 1, "shares": 200000, "filerUrl": "", "transactionText": "", "filerName": "Nahata (Mahendra)", "filerRelation": "Director (Executive)", "moneyText": "", "startDate": "2020-03-27", "ownership": "D"}, {"maxAge": 1, "shares": 253000, "filerUrl": "", "transactionText": "", "filerName": "Nahata (Mahendra)", "filerRelation": "Director (Executive)", "moneyText": "", "startDate": "2020-03-26", "ownership": "D"}, {"maxAge": 1, "shares": 250000, "filerUrl": "", "transactionText": "", "filerName": "Nahata (Mahendra)", "filerRelation": "Director (Executive)", "moneyText": "", "startDate": "2020-03-25", "ownership": "D"}, {"maxAge": 1, "shares": 386000, "filerUrl": "", "transactionText": "", "filerName": "Nahata (Mahendra)", "filerRelation": "Director (Executive)", "moneyText": "", "startDate": "2020-03-24", "ownership": "D"}, {"maxAge": 1, "shares": 246880, "filerUrl": "", "transactionText": "", "filerName": "Nahata (Mahendra)", "filerRelation": "Director (Executive)", "moneyText": "", "startDate": "2020-03-23", "ownership": "D"}, {"maxAge": 1, "shares": 204909, "filerUrl": "", "transactionText": "", "filerName": "Nahata (Mahendra)", "filerRelation": "Director (Executive)", "moneyText": "", "startDate": "2020-03-19", "ownership": "D"}, {"maxAge": 1, "shares": 1169825, "filerUrl": "", "transactionText": "", "filerName": "Nahata (Mahendra)", "filerRelation": "Director (Executive)", "moneyText": "", "startDate": "2020-03-18", "ownership": "D"}, {"maxAge": 1, "shares": 261000, "filerUrl": "", "transactionText": "", "filerName": "Nahata (Mahendra)", "filerRelation": "Director (Executive)", "moneyText": "", "startDate": "2020-03-17", "ownership": "D"}, {"maxAge": 1, "shares": 550000, "filerUrl": "", "transactionText": "", "filerName": "Nahata (Mahendra)", "filerRelation": "Director (Executive)", "moneyText": "", "startDate": "2020-03-16", "ownership": "D"}, {"maxAge": 1, "shares": 550000, "filerUrl": "", "transactionText": "", "filerName": "Nahata (Mahendra)", "filerRelation": "Director (Executive)", "moneyText": "", "startDate": "2020-03-13", "ownership": "D"}, {"maxAge": 1, "shares": 7500000, "filerUrl": "", "transactionText": "", "filerName": "Nextwave Communications Pvt Ltd", "filerRelation": "Promoter", "moneyText": "", "startDate": "2019-03-29", "ownership": "D"}, {"maxAge": 1, "shares": 7500000, "filerUrl": "", "transactionText": "", "filerName": "MN Ventures Pvt. Ltd.", "filerRelation": "Promoter", "moneyText": "", "startDate": "2018-11-05", "ownership": "D"}, {"maxAge": 1, "shares": 22400000, "filerUrl": "", "transactionText": "", "filerName": "Nextwave Communications Pvt Ltd", "filerRelation": "Promoter", "moneyText": "", "startDate": "2016-11-02", "ownership": "D"}, {"maxAge": 1, "shares": 1800000, "filerUrl": "", "transactionText": "", "filerName": "ANM Engineering & Works Pvt Ltd", "filerRelation": "Promoter", "moneyText": "", "startDate": "2014-11-03", "ownership": "D"}, {"maxAge": 1, "shares": 1825000, "filerUrl": "", "transactionText": "", "filerName": "ANM Engineering & Works Pvt Ltd", "filerRelation": "Promoter", "moneyText": "", "startDate": "2014-09-26", "ownership": "D"}, {"maxAge": 1, "shares": 25445122, "filerUrl": "", "transactionText": "", "filerName": "IDBI Bank Ltd", "filerRelation": "Institution- Corporation", "moneyText": "", "startDate": "2014-09-05", "ownership": "D"}], "maxAge": 1}, "quoteType": {"exchange": "BSE", "quoteType": "EQUITY", "symbol": "HFCL.BO", "underlyingSymbol": "HFCL.BO", "shortName": "HFCL LIMITED", "longName": "Himachal Futuristic Communications Limited", "firstTradeDateEpochUtc": "2000-01-03 09:15:00", "timeZoneFullName": "Asia/Kolkata", "timeZoneShortName": "IST", "uuid": "6c1c7636-b593-3382-9e25-42689b4591c0", "gmtOffSetMilliseconds": 19800000, "maxAge": 1}, "incomeStatementHistory": {"incomeStatementHistory": [{"maxAge": 1, "endDate": "2020-03-31", "totalRevenue": 38389100000, "costOfRevenue": 29414300000, "grossProfit": 8974800000, "researchDevelopment": {}, "sellingGeneralAdministrative": 2284400000, "nonRecurring": {}, "otherOperatingExpenses": 1598000000, "totalOperatingExpenses": 33716100000, "operatingIncome": 4673000000, "totalOtherIncomeExpenseNet": -1089500000, "ebit": 4673000000, "interestExpense": -769400000, "incomeBeforeTax": 3583500000, "incomeTaxExpense": 1210200000, "minorityInterest": -400000, "netIncomeFromContinuingOps": 2373300000, "discontinuedOperations": {}, "extraordinaryItems": {}, "effectOfAccountingCharges": {}, "otherItems": {}, "netIncome": 2272400000, "netIncomeApplicableToCommonShares": 2272400000}, {"maxAge": 1, "endDate": "2019-03-31", "totalRevenue": 47377900000, "costOfRevenue": 39429900000, "grossProfit": 7948000000, "researchDevelopment": {}, "sellingGeneralAdministrative": 2087400000, "nonRecurring": {}, "otherOperatingExpenses": 1748100000, "totalOperatingExpenses": 43535000000, "operatingIncome": 3842900000, "totalOtherIncomeExpenseNet": -450000000, "ebit": 3842900000, "interestExpense": -574300000, "incomeBeforeTax": 3392900000, "incomeTaxExpense": 1070300000, "minorityInterest": -99500000, "netIncomeFromContinuingOps": 2322600000, "discontinuedOperations": {}, "extraordinaryItems": {}, "effectOfAccountingCharges": {}, "otherItems": {}, "netIncome": 2199100000, "netIncomeApplicableToCommonShares": 2199100000}, {"maxAge": 1, "endDate": "2018-03-31", "totalRevenue": 32273800000, "costOfRevenue": 26411900000, "grossProfit": 5861900000, "researchDevelopment": {}, "sellingGeneralAdministrative": 1767900000, "nonRecurring": {}, "otherOperatingExpenses": 1262600000, "totalOperatingExpenses": 29674500000, "operatingIncome": 2599300000, "totalOtherIncomeExpenseNet": -395300000, "ebit": 2599300000, "interestExpense": -466400000, "incomeBeforeTax": 2204000000, "incomeTaxExpense": 487000000, "minorityInterest": -221500000, "netIncomeFromContinuingOps": 1717000000, "discontinuedOperations": {}, "extraordinaryItems": {}, "effectOfAccountingCharges": {}, "otherItems": {}, "netIncome": 1678700000, "netIncomeApplicableToCommonShares": 1678700000}, {"maxAge": 1, "endDate": "2017-03-31", "totalRevenue": 21314100000, "costOfRevenue": 16232400000, "grossProfit": 5081700000, "researchDevelopment": {}, "sellingGeneralAdministrative": 1606600000, "nonRecurring": {}, "otherOperatingExpenses": 1546300000, "totalOperatingExpenses": 19602800000, "operatingIncome": 1711300000, "totalOtherIncomeExpenseNet": -469200000, "ebit": 1711300000, "interestExpense": -511700000, "incomeBeforeTax": 1242100000, "incomeTaxExpense": 5000000, "minorityInterest": 15400000, "netIncomeFromContinuingOps": 1237100000, "discontinuedOperations": {}, "extraordinaryItems": {}, "effectOfAccountingCharges": {}, "otherItems": {}, "netIncome": 1229300000, "netIncomeApplicableToCommonShares": 1229300000}], "maxAge": 86400}, "fundOwnership": {"ownershipList": [], "maxAge": 1}, "summaryDetail": {"maxAge": 1, "priceHint": 2, "previousClose": 27.5, "open": 27.05, "dayLow": 27.05, "dayHigh": 28.65, "regularMarketPreviousClose": 27.5, "regularMarketOpen": 27.05, "regularMarketDayLow": 27.05, "regularMarketDayHigh": 28.65, "trailingPE": 28.86812, "forwardPE": 15.359117, "volume": 638107, "regularMarketVolume": 638107, "averageVolume": 1780343, "averageVolume10days": 1466535, "averageDailyVolume10Day": 1466535, "bid": 27.75, "ask": 27.95, "bidSize": 0, "askSize": 0, "marketCap": 34663264256, "fiftyTwoWeekLow": 8.15, "fiftyTwoWeekHigh": 34.75, "fiftyDayAverage": 28.148485, "twoHundredDayAverage": 19.340368, "trailingAnnualDividendRate": 0.1, "trailingAnnualDividendYield": 0.0036363637, "currency": "INR", "fromCurrency": null, "lastMarket": null, "algorithm": null, "tradeable": false}, "sectorTrend": {"maxAge": 1, "symbol": null, "estimates": []}, "incomeStatementHistoryQuarterly": {"incomeStatementHistory": [{"maxAge": 1, "endDate": "2020-09-30", "totalRevenue": 10543200000, "costOfRevenue": 8109400000, "grossProfit": 2433800000, "researchDevelopment": {}, "sellingGeneralAdministrative": 618500000, "nonRecurring": {}, "otherOperatingExpenses": 479400000, "totalOperatingExpenses": 9373200000, "operatingIncome": 1170000000, "totalOtherIncomeExpenseNet": -415400000, "ebit": 1170000000, "interestExpense": -428300000, "incomeBeforeTax": 754600000, "incomeTaxExpense": 221700000, "minorityInterest": 25200000, "netIncomeFromContinuingOps": 532900000, "discontinuedOperations": {}, "extraordinaryItems": {}, "effectOfAccountingCharges": {}, "otherItems": {}, "netIncome": 510000000, "netIncomeApplicableToCommonShares": 510000000}, {"maxAge": 1, "endDate": "2020-06-30", "totalRevenue": 6997600000, "costOfRevenue": 5191300000, "grossProfit": 1806300000, "researchDevelopment": {}, "sellingGeneralAdministrative": 553900000, "nonRecurring": {}, "otherOperatingExpenses": 459200000, "totalOperatingExpenses": 6365400000, "operatingIncome": 632200000, "totalOtherIncomeExpenseNet": -340500000, "ebit": 632200000, "interestExpense": -375000000, "incomeBeforeTax": 291700000, "incomeTaxExpense": 78300000, "minorityInterest": 25200000, "netIncomeFromContinuingOps": 213400000, "discontinuedOperations": {}, "extraordinaryItems": {}, "effectOfAccountingCharges": {}, "otherItems": {}, "netIncome": 210900000, "netIncomeApplicableToCommonShares": 210900000}, {"maxAge": 1, "endDate": "2020-03-31", "totalRevenue": 6631900000, "costOfRevenue": 4884600000, "grossProfit": 1747300000, "researchDevelopment": {}, "sellingGeneralAdministrative": 611200000, "nonRecurring": {}, "otherOperatingExpenses": 271100000, "totalOperatingExpenses": 5915500000, "operatingIncome": 716400000, "totalOtherIncomeExpenseNet": -435600000, "ebit": 716400000, "interestExpense": -375000000, "incomeBeforeTax": 280800000, "incomeTaxExpense": 193700000, "minorityInterest": -400000, "netIncomeFromContinuingOps": 87100000, "discontinuedOperations": {}, "extraordinaryItems": {}, "effectOfAccountingCharges": {}, "otherItems": {}, "netIncome": 57700000, "netIncomeApplicableToCommonShares": 57700000}, {"maxAge": 1, "endDate": "2019-12-31", "totalRevenue": 8534700000, "costOfRevenue": 6639000000, "grossProfit": 1895700000, "researchDevelopment": {}, "sellingGeneralAdministrative": 524900000, "nonRecurring": {}, "otherOperatingExpenses": 419100000, "totalOperatingExpenses": 7681500000, "operatingIncome": 853200000, "totalOtherIncomeExpenseNet": -155600000, "ebit": 853200000, "interestExpense": -240400000, "incomeBeforeTax": 697600000, "incomeTaxExpense": 242000000, "minorityInterest": -400000, "netIncomeFromContinuingOps": 455600000, "discontinuedOperations": {}, "extraordinaryItems": {}, "effectOfAccountingCharges": {}, "otherItems": {}, "netIncome": 460800000, "netIncomeApplicableToCommonShares": 460800000}], "maxAge": 86400}, "cashflowStatementHistoryQuarterly": {"cashflowStatements": [{"maxAge": 1, "endDate": "2020-09-30", "netIncome": 510000000, "changeToLiabilities": 0}, {"maxAge": 1, "endDate": "2020-06-30", "netIncome": 210900000, "changeToLiabilities": 0}, {"maxAge": 1, "endDate": "2020-03-31", "netIncome": 57700000, "changeToLiabilities": 0}, {"maxAge": 1, "endDate": "2019-12-31", "netIncome": 460800000, "changeToLiabilities": 0}], "maxAge": 86400}, "insiderHolders": {"holders": [{"maxAge": 1, "name": "ANM Engineering & Works Pvt Ltd", "relation": "Promoter", "url": "", "transactionDescription": "Acquisition", "latestTransDate": "2014-11-03", "positionDirect": 238390000, "positionDirectDate": "2014-11-03"}, {"maxAge": 1, "name": "IDBI Bank Ltd", "relation": "Institution- Corporation", "url": "", "transactionDescription": "Sale", "latestTransDate": "2014-09-05", "positionDirect": 125500000, "positionDirectDate": "2014-09-05"}, {"maxAge": 1, "name": "MN Ventures Pvt. Ltd.", "relation": "Promoter", "url": "", "transactionDescription": "Acquisition", "latestTransDate": "2020-11-12", "positionDirect": 285390000, "positionDirectDate": "2020-11-12"}, {"maxAge": 1, "name": "Nahata (Anant)", "relation": "Promoter", "url": "", "transactionDescription": "Acquisition", "latestTransDate": "2020-03-31", "positionDirect": 2645000, "positionDirectDate": "2020-03-31"}, {"maxAge": 1, "name": "Nahata (Mahendra)", "relation": "Director (Executive)", "url": "", "transactionDescription": "Acquisition", "latestTransDate": "2020-03-30", "positionDirect": 4560091, "positionDirectDate": "2020-03-30"}, {"maxAge": 1, "name": "Nextwave Communications Pvt Ltd", "relation": "Promoter", "url": "", "transactionDescription": "Other", "latestTransDate": "2019-03-29", "positionDirect": 219865000, "positionDirectDate": "2019-03-29"}], "maxAge": 1}, "earnings": {"maxAge": 86400, "earningsChart": {"quarterly": [{"date": "4Q2017", "actual": 0.36, "estimate": 0.22}, {"date": "1Q2018", "actual": 0.48, "estimate": 0.35}, {"date": "2Q2018", "actual": 0.34, "estimate": 0.45}], "currentQuarterEstimateDate": "3Q", "currentQuarterEstimateYear": 2018, "earningsDate": ["2020-10-10 05:30:S"]}, "financialsChart": {"yearly": [{"date": 2017, "revenue": 21314100000, "earnings": 1229300000}, {"date": 2018, "revenue": 32273800000, "earnings": 1678700000}, {"date": 2019, "revenue": 47377900000, "earnings": 2199100000}, {"date": 2020, "revenue": 38389100000, "earnings": 2272400000}], "quarterly": [{"date": "4Q2019", "revenue": 8534700000, "earnings": 460800000}, {"date": "1Q2020", "revenue": 6631900000, "earnings": 57700000}, {"date": "2Q2020", "revenue": 6997600000, "earnings": 210900000}, {"date": "3Q2020", "revenue": 10543200000, "earnings": 510000000}]}, "financialCurrency": "INR"}, "calendarEvents": {"maxAge": 1, "earnings": {"earningsDate": ["2020-10-10 05:30:S"], "revenueAverage": 11397100000}}, "upgradeDowngradeHistory": {"history": [], "maxAge": 86400}, "price": {"maxAge": 1, "regularMarketChangePercent": 0.010909063, "regularMarketChange": 0.29999924, "regularMarketTime": "2021-04-30 15:51:01", "priceHint": 2, "regularMarketPrice": 27.8, "regularMarketDayHigh": 28.65, "regularMarketDayLow": 27.05, "regularMarketVolume": 638107, "averageDailyVolume10Day": 1466535, "averageDailyVolume3Month": 1780343, "regularMarketPreviousClose": 27.5, "regularMarketSource": "FREE_REALTIME", "regularMarketOpen": 27.05, "exchange": "BSE", "exchangeName": "BSE", "exchangeDataDelayedBy": 0, "marketState": "CLOSED", "quoteType": "EQUITY", "symbol": "HFCL.BO", "underlyingSymbol": null, "shortName": "HFCL LIMITED", "longName": "Himachal Futuristic Communications Limited", "currency": "INR", "quoteSourceName": "Delayed Quote", "currencySymbol": "\u20b9", "fromCurrency": null, "lastMarket": null, "marketCap": 34663264256}, "balanceSheetHistory": {"balanceSheetStatements": [{"maxAge": 1, "endDate": "2020-03-31", "cash": 164500000, "netReceivables": 18118400000, "inventory": 3436800000, "otherCurrentAssets": 8474400000, "totalCurrentAssets": 30611200000, "longTermInvestments": 556900000, "propertyPlantEquipment": 4721000000, "goodWill": 261700000, "intangibleAssets": 395300000, "otherAssets": 1743700000, "deferredLongTermAssetCharges": 121500000, "totalAssets": 38289800000, "accountsPayable": 8152400000, "shortLongTermDebt": 431000000, "otherCurrentLiab": 4053100000, "longTermDebt": 2009400000, "otherLiab": 319600000, "minorityInterest": -400000, "totalCurrentLiabilities": 19107600000, "totalLiab": 21605900000, "commonStock": 1284400000, "retainedEarnings": 10819900000, "treasuryStock": -96200000, "capitalSurplus": 4676200000, "otherStockholderEquity": -96200000, "totalStockholderEquity": 16684300000, "netTangibleAssets": 16027300000}, {"maxAge": 1, "endDate": "2019-03-31", "cash": 175300000, "shortTermInvestments": 23900000, "netReceivables": 15942800000, "inventory": 2645300000, "otherCurrentAssets": 7621500000, "totalCurrentAssets": 26660400000, "longTermInvestments": 571800000, "propertyPlantEquipment": 2661900000, "goodWill": 258500000, "intangibleAssets": 318600000, "otherAssets": 2470700000, "deferredLongTermAssetCharges": 799200000, "totalAssets": 32941900000, "accountsPayable": 8645000000, "shortLongTermDebt": 372200000, "otherCurrentLiab": 2742500000, "longTermDebt": 1343500000, "otherLiab": 270300000, "minorityInterest": -99500000, "totalCurrentLiabilities": 17011000000, "totalLiab": 18624800000, "commonStock": 1274400000, "retainedEarnings": 8685400000, "treasuryStock": -69400000, "capitalSurplus": 4526200000, "otherStockholderEquity": -69400000, "totalStockholderEquity": 14416600000, "netTangibleAssets": 13839500000}, {"maxAge": 1, "endDate": "2018-03-31", "cash": 665600000, "netReceivables": 12728000000, "inventory": 2135600000, "otherCurrentAssets": 5763600000, "totalCurrentAssets": 21449900000, "longTermInvestments": 516500000, "propertyPlantEquipment": 1674200000, "goodWill": 258500000, "intangibleAssets": 125300000, "otherAssets": 1859600000, "deferredLongTermAssetCharges": 1187400000, "totalAssets": 25884000000, "accountsPayable": 5626400000, "shortLongTermDebt": 1263800000, "otherCurrentLiab": 2003200000, "longTermDebt": 1412600000, "otherLiab": 234500000, "minorityInterest": -221500000, "totalCurrentLiabilities": 12671400000, "totalLiab": 14318500000, "commonStock": 1239400000, "retainedEarnings": 7239400000, "treasuryStock": -693000000, "capitalSurplus": 4001200000, "otherStockholderEquity": -693000000, "totalStockholderEquity": 11787000000, "netTangibleAssets": 11403200000}, {"maxAge": 1, "endDate": "2017-03-31", "cash": 59100000, "netReceivables": 12246600000, "inventory": 2429700000, "otherCurrentAssets": 4206200000, "totalCurrentAssets": 19057700000, "longTermInvestments": 487100000, "propertyPlantEquipment": 1598800000, "goodWill": 258500000, "intangibleAssets": 42800000, "otherAssets": 1309200000, "deferredLongTermAssetCharges": 1225600000, "totalAssets": 22754100000, "accountsPayable": 4571700000, "shortLongTermDebt": 910500000, "otherCurrentLiab": 1621600000, "longTermDebt": 2675700000, "otherLiab": 187600000, "minorityInterest": 15400000, "totalCurrentLiabilities": 10234500000, "totalLiab": 13097800000, "commonStock": 1239400000, "retainedEarnings": 5497400000, "treasuryStock": -1097100000, "capitalSurplus": 4001200000, "otherStockholderEquity": -1097100000, "totalStockholderEquity": 9640900000, "netTangibleAssets": 9339600000}], "maxAge": 86400}, "earningsTrend": {"trend": [{"maxAge": 1, "period": "0q", "endDate": "2018-09-30", "growth": {}, "earningsEstimate": {"avg": 0.0, "low": 0.0, "high": 0.0, "yearAgoEps": {}, "numberOfAnalysts": 0, "growth": {}}, "revenueEstimate": {"avg": 11397100000, "low": 0, "high": 0, "numberOfAnalysts": 0, "yearAgoRevenue": {}, "growth": {}}, "epsTrend": {"current": 0.0, "7daysAgo": 0.0, "30daysAgo": 0.0, "60daysAgo": 0.0, "90daysAgo": 0.0}, "epsRevisions": {"upLast7days": 0, "upLast30days": 0, "downLast30days": 0, "downLast90days": {}}}, {"maxAge": 1, "period": "+1q", "endDate": "2018-12-31", "growth": {}, "earningsEstimate": {"avg": 0.0, "low": 0.0, "high": 0.0, "yearAgoEps": 0.36, "numberOfAnalysts": 0, "growth": {}}, "revenueEstimate": {"avg": 0, "low": 0, "high": 0, "numberOfAnalysts": 0, "yearAgoRevenue": {}, "growth": {}}, "epsTrend": {"current": 0.0, "7daysAgo": 0.0, "30daysAgo": 0.0, "60daysAgo": 0.0, "90daysAgo": 0.0}, "epsRevisions": {"upLast7days": 0, "upLast30days": 0, "downLast30days": 0, "downLast90days": {}}}, {"maxAge": 1, "period": "0y", "endDate": "2019-03-31", "growth": {}, "earningsEstimate": {"avg": 0.0, "low": 0.0, "high": 0.0, "yearAgoEps": {}, "numberOfAnalysts": 0, "growth": {}}, "revenueEstimate": {"avg": 37318500000, "low": 37318500000, "high": 37318500000, "numberOfAnalysts": 1, "yearAgoRevenue": 30700800000, "growth": 0.216}, "epsTrend": {"current": 0.0, "7daysAgo": 1.54, "30daysAgo": 1.54, "60daysAgo": 1.54, "90daysAgo": 1.54}, "epsRevisions": {"upLast7days": 0, "upLast30days": 0, "downLast30days": 0, "downLast90days": {}}}, {"maxAge": 1, "period": "+1y", "endDate": "2020-03-31", "growth": {}, "earningsEstimate": {"avg": 0.0, "low": 0.0, "high": 0.0, "yearAgoEps": {}, "numberOfAnalysts": 0, "growth": {}}, "revenueEstimate": {"avg": 43662600000, "low": 43662600000, "high": 43662600000, "numberOfAnalysts": 1, "yearAgoRevenue": 37318500000, "growth": 0.17}, "epsTrend": {"current": 0.0, "7daysAgo": 1.81, "30daysAgo": 1.81, "60daysAgo": 1.81, "90daysAgo": 1.81}, "epsRevisions": {"upLast7days": 0, "upLast30days": 0, "downLast30days": 0, "downLast90days": {}}}, {"maxAge": 1, "period": "+5y", "endDate": null, "growth": {}, "earningsEstimate": {"avg": {}, "low": {}, "high": {}, "yearAgoEps": {}, "numberOfAnalysts": {}, "growth": {}}, "revenueEstimate": {"avg": {}, "low": {}, "high": {}, "numberOfAnalysts": {}, "yearAgoRevenue": {}, "growth": {}}, "epsTrend": {"current": {}, "7daysAgo": {}, "30daysAgo": {}, "60daysAgo": {}, "90daysAgo": {}}, "epsRevisions": {"upLast7days": {}, "upLast30days": {}, "downLast30days": {}, "downLast90days": {}}}, {"maxAge": 1, "period": "-5y", "endDate": null, "growth": {}, "earningsEstimate": {"avg": {}, "low": {}, "high": {}, "yearAgoEps": {}, "numberOfAnalysts": {}, "growth": {}}, "revenueEstimate": {"avg": {}, "low": {}, "high": {}, "numberOfAnalysts": {}, "yearAgoRevenue": {}, "growth": {}}, "epsTrend": {"current": {}, "7daysAgo": {}, "30daysAgo": {}, "60daysAgo": {}, "90daysAgo": {}}, "epsRevisions": {"upLast7days": {}, "upLast30days": {}, "downLast30days": {}, "downLast90days": {}}}], "maxAge": 1}, "financialData": {"maxAge": 86400, "currentPrice": 27.8, "targetHighPrice": 25.0, "targetLowPrice": 25.0, "targetMeanPrice": 25.0, "targetMedianPrice": 25.0, "recommendationKey": "none", "numberOfAnalystOpinions": 1, "grossProfits": 8974800000, "financialCurrency": "INR"}}}