{"HGINFRA.NS": {"assetProfile": {"address1": "Sheel Mohar Plaza, A-1", "address2": "III Floor Tilak Marg C-Scheme", "city": "Jaipur", "zip": "302001", "country": "India", "phone": "91 14 1410 6040", "fax": "91 14 1410 6044", "website": "http://www.hginfra.com", "industry": "Engineering & Construction", "sector": "Industrials", "longBusinessSummary": "H.G. Infra Engineering Limited engages in the engineering, procurement, and construction business in India. It constructs and maintains roads, bridges, flyovers, and other infrastructure contract works. The company offers civil construction projects comprising extension and grading of runways, railways, and land development. It also undertakes water pipeline projects. The company was founded in 2003 and is headquartered in Jaipur, India.", "fullTimeEmployees": 2348, "companyOfficers": [{"maxAge": 1, "name": "Mr. Harendra  Singh", "age": 53, "title": "Chairman & MD", "yearBorn": 1967, "fiscalYear": 2020, "totalPay": 21600000, "exercisedValue": 0, "unexercisedValue": 0}, {"maxAge": 1, "name": "Mr. Avadhesh  Pratap Misra", "age": 55, "title": "Pres", "yearBorn": 1965, "exercisedValue": 0, "unexercisedValue": 0}, {"maxAge": 1, "name": "Mr. Rajeev  Mishra", "age": 46, "title": "Chief Financial Officer", "yearBorn": 1974, "fiscalYear": 2020, "totalPay": 2236000, "exercisedValue": 0, "unexercisedValue": 0}, {"maxAge": 1, "name": "Ms. Ankita  Mehra", "age": 32, "title": "Compliance Officer & Company Sec.", "yearBorn": 1988, "fiscalYear": 2020, "totalPay": 516000, "exercisedValue": 0, "unexercisedValue": 0}, {"maxAge": 1, "name": "Mr. Vijendra  Singh", "age": 55, "title": "Whole-Time Director", "yearBorn": 1965, "fiscalYear": 2020, "totalPay": 12000000, "exercisedValue": 0, "unexercisedValue": 0}, {"maxAge": 1, "name": "Dr. Dinesh Kumar Goyal", "age": 67, "title": "Exec. Director", "yearBorn": 1953, "fiscalYear": 2020, "totalPay": 1200000, "exercisedValue": 0, "unexercisedValue": 0}, {"maxAge": 1, "name": "Mr. Sanjay  Bafna", "age": 52, "title": "Sr. VP", "yearBorn": 1968, "exercisedValue": 0, "unexercisedValue": 0}, {"maxAge": 1, "name": "Chandrashekhar Prabhakar Kasture", "title": "VP", "exercisedValue": 0, "unexercisedValue": 0}, {"maxAge": 1, "name": "Mr. Vinod Kumar Agrawal", "age": 54, "title": "Assistant VP of Accounts & Commercials", "yearBorn": 1966, "exercisedValue": 0, "unexercisedValue": 0}, {"maxAge": 1, "name": "Mr. Sudhir  Jain", "age": 57, "title": "Assistant VP of Technical & Project Director", "yearBorn": 1963, "exercisedValue": 0, "unexercisedValue": 0}], "compensationAsOfEpochDate": "2020-12-31 05:30:00", "maxAge": 86400}, "recommendationTrend": {"trend": [{"period": "0m", "strongBuy": 0, "buy": 0, "hold": 0, "sell": 0, "strongSell": 0}, {"period": "-1m", "strongBuy": 0, "buy": 0, "hold": 0, "sell": 0, "strongSell": 0}, {"period": "-2m", "strongBuy": 0, "buy": 0, "hold": 0, "sell": 0, "strongSell": 0}, {"period": "-3m", "strongBuy": 0, "buy": 0, "hold": 0, "sell": 0, "strongSell": 0}], "maxAge": 86400}, "cashflowStatementHistory": {"cashflowStatements": [{"maxAge": 1, "endDate": "2020-03-31", "netIncome": 1666110000, "depreciation": 750010000, "changeToNetincome": 559290000, "changeToAccountReceivables": -2669310000, "changeToLiabilities": 3223060000, "changeToInventory": 105670000, "changeToOperatingActivities": -3284260000, "totalCashFromOperatingActivities": 356950000, "capitalExpenditures": -1031610000, "investments": 13820000, "otherCashflowsFromInvestingActivities": 66760000, "totalCashflowsFromInvestingActivities": -853600000, "dividendsPaid": -32590000, "netBorrowings": 1340380000, "otherCashflowsFromFinancingActivities": -596560000, "totalCashFromFinancingActivities": 711230000, "changeInCash": 214580000}, {"maxAge": 1, "endDate": "2019-03-31", "netIncome": 1273430000, "depreciation": 750990000, "changeToNetincome": 548580000, "changeToAccountReceivables": -3513280000, "changeToLiabilities": 1585920000, "changeToInventory": -93440000, "changeToOperatingActivities": 99920000, "totalCashFromOperatingActivities": 655670000, "capitalExpenditures": -1288560000, "investments": 1288620000, "otherCashflowsFromInvestingActivities": 91810000, "totalCashflowsFromInvestingActivities": 93310000, "dividendsPaid": -32590000, "netBorrowings": -254430000, "otherCashflowsFromFinancingActivities": -494970000, "totalCashFromFinancingActivities": -781990000, "changeInCash": -33010000}, {"maxAge": 1, "endDate": "2018-03-31", "netIncome": 842640000, "depreciation": 537510000, "changeToNetincome": 305330000, "changeToAccountReceivables": -2504970000, "changeToLiabilities": 2116440000, "changeToInventory": -575490000, "changeToOperatingActivities": -800870000, "totalCashFromOperatingActivities": -77750000, "capitalExpenditures": -2584510000, "investments": -1976860000, "otherCashflowsFromInvestingActivities": 37730000, "totalCashflowsFromInvestingActivities": -4462000000, "dividendsPaid": -32590000, "netBorrowings": 2021500000, "otherCashflowsFromFinancingActivities": -587880000, "totalCashFromFinancingActivities": 4433620000, "changeInCash": -106130000, "issuanceOfStock": 3000000000}, {"maxAge": 1, "endDate": "2017-03-31", "netIncome": 534170000, "depreciation": 255550000, "changeToNetincome": 242140000, "changeToAccountReceivables": -467640000, "changeToLiabilities": 462570000, "changeToInventory": -56720000, "changeToOperatingActivities": -326610000, "totalCashFromOperatingActivities": 643930000, "capitalExpenditures": -1151130000, "investments": -75640000, "otherCashflowsFromInvestingActivities": 24070000, "totalCashflowsFromInvestingActivities": -1137250000, "dividendsPaid": -32590000, "netBorrowings": 809450000, "otherCashflowsFromFinancingActivities": -189330000, "totalCashFromFinancingActivities": 620120000, "changeInCash": 126800000, "issuanceOfStock": 3000000000}], "maxAge": 86400}, "indexTrend": {"maxAge": 1, "symbol": "SP5", "peRatio": 19.7411, "pegRatio": 1.34172, "estimates": [{"period": "0q", "growth": 0.549}, {"period": "+1q", "growth": 0.431}, {"period": "0y", "growth": 0.305}, {"period": "+1y", "growth": 0.109}, {"period": "+5y", "growth": 0.120865}, {"period": "-5y"}]}, "defaultKeyStatistics": {"maxAge": 1, "priceHint": 2, "enterpriseValue": 19015712768, "profitMargins": 0.08238, "floatShares": 16088914, "sharesOutstanding": 65171100, "heldPercentInsiders": 0.7555, "heldPercentInstitutions": 0.1665, "beta": 0.968897, "category": null, "bookValue": 135.762, "priceToBook": 2.0410721, "fundFamily": null, "legalType": null, "lastFiscalYearEnd": "2020-03-31 05:30:00", "nextFiscalYearEnd": "2022-03-31 05:30:00", "mostRecentQuarter": "2020-12-31 05:30:00", "earningsQuarterlyGrowth": 1.023, "netIncomeToCommon": 1798659968, "trailingEps": 27.595, "forwardEps": 17.42, "lastSplitFactor": null, "enterpriseToRevenue": 0.871, "enterpriseToEbitda": 4.958}, "industryTrend": {"maxAge": 1, "symbol": null, "estimates": []}, "quoteType": {"exchange": "NSI", "quoteType": "EQUITY", "symbol": "HGINFRA.NS", "underlyingSymbol": "HGINFRA.NS", "shortName": "H.G. INFRA ENGINEE", "longName": "H.G. Infra Engineering Limited", "firstTradeDateEpochUtc": "2018-03-09 09:15:00", "timeZoneFullName": "Asia/Kolkata", "timeZoneShortName": "IST", "uuid": "9dc46448-c877-3d01-95b7-c16f8d780de9", "gmtOffSetMilliseconds": 19800000, "maxAge": 1}, "incomeStatementHistory": {"incomeStatementHistory": [{"maxAge": 1, "endDate": "2020-03-31", "totalRevenue": 22244960000, "costOfRevenue": 16603960000, "grossProfit": 5641000000, "researchDevelopment": {}, "sellingGeneralAdministrative": 1454310000, "nonRecurring": {}, "otherOperatingExpenses": 554020000, "totalOperatingExpenses": 19368680000, "operatingIncome": 2876280000, "totalOtherIncomeExpenseNet": -566910000, "ebit": 2876280000, "interestExpense": -417150000, "incomeBeforeTax": 2309370000, "incomeTaxExpense": 643260000, "minorityInterest": {}, "netIncomeFromContinuingOps": 1666110000, "discontinuedOperations": {}, "extraordinaryItems": {}, "effectOfAccountingCharges": {}, "otherItems": {}, "netIncome": 1666110000, "netIncomeApplicableToCommonShares": 1666110000}, {"maxAge": 1, "endDate": "2019-03-31", "totalRevenue": 20168350000, "costOfRevenue": 14947290000, "grossProfit": 5221060000, "researchDevelopment": {}, "sellingGeneralAdministrative": 1633250000, "nonRecurring": {}, "otherOperatingExpenses": 518450000, "totalOperatingExpenses": 17853530000, "operatingIncome": 2314820000, "totalOtherIncomeExpenseNet": -370780000, "ebit": 2314820000, "interestExpense": -338430000, "incomeBeforeTax": 1944040000, "incomeTaxExpense": 670610000, "minorityInterest": {}, "netIncomeFromContinuingOps": 1273430000, "discontinuedOperations": {}, "extraordinaryItems": {}, "effectOfAccountingCharges": {}, "otherItems": {}, "netIncome": 1273430000, "netIncomeApplicableToCommonShares": 1273430000}, {"maxAge": 1, "endDate": "2018-03-31", "totalRevenue": 13927250000, "costOfRevenue": 10572650000, "grossProfit": 3354600000, "researchDevelopment": {}, "sellingGeneralAdministrative": 1010740000, "nonRecurring": {}, "otherOperatingExpenses": 263160000, "totalOperatingExpenses": 12385720000, "operatingIncome": 1541530000, "totalOtherIncomeExpenseNet": -353930000, "ebit": 1541530000, "interestExpense": -288930000, "incomeBeforeTax": 1187600000, "incomeTaxExpense": 344960000, "minorityInterest": {}, "netIncomeFromContinuingOps": 842640000, "discontinuedOperations": {}, "extraordinaryItems": {}, "effectOfAccountingCharges": {}, "otherItems": {}, "netIncome": 842640000, "netIncomeApplicableToCommonShares": 842640000}, {"maxAge": 1, "endDate": "2017-03-31", "totalRevenue": 10560280000, "costOfRevenue": 8432980000, "grossProfit": 2127300000, "researchDevelopment": {}, "sellingGeneralAdministrative": 551150000, "nonRecurring": {}, "otherOperatingExpenses": 331790000, "totalOperatingExpenses": 9571940000, "operatingIncome": 988340000, "totalOtherIncomeExpenseNet": -154590000, "ebit": 988340000, "interestExpense": -157740000, "incomeBeforeTax": 833750000, "incomeTaxExpense": 299580000, "minorityInterest": {}, "netIncomeFromContinuingOps": 534170000, "discontinuedOperations": {}, "extraordinaryItems": {}, "effectOfAccountingCharges": {}, "otherItems": {}, "netIncome": 534170000, "netIncomeApplicableToCommonShares": 534170000}], "maxAge": 86400}, "fundOwnership": {"ownershipList": [], "maxAge": 1}, "summaryDetail": {"maxAge": 1, "priceHint": 2, "previousClose": 273.25, "open": 274.7, "dayLow": 273.6, "dayHigh": 279.05, "regularMarketPreviousClose": 273.25, "regularMarketOpen": 274.7, "regularMarketDayLow": 273.6, "regularMarketDayHigh": 279.05, "exDividendDate": "2019-08-01 05:30:00", "payoutRatio": 0.0, "beta": 0.968897, "trailingPE": 10.041675, "forwardPE": 15.907003, "volume": 38420, "regularMarketVolume": 38420, "averageVolume": 174828, "averageVolume10days": 63686, "averageDailyVolume10Day": 63686, "bid": 0.0, "ask": 0.0, "bidSize": 0, "askSize": 0, "marketCap": 18045693952, "fiftyTwoWeekLow": 149.75, "fiftyTwoWeekHigh": 330.5, "priceToSalesTrailing12Months": 0.82654315, "fiftyDayAverage": 288.8147, "twoHundredDayAverage": 230.40497, "trailingAnnualDividendRate": 0.5, "trailingAnnualDividendYield": 0.0018298262, "currency": "INR", "fromCurrency": null, "lastMarket": null, "algorithm": null, "tradeable": false}, "insiderHolders": {"holders": [{"maxAge": 1, "name": "Choudhary (Vaibhav)", "relation": "Promoter", "url": "", "transactionDescription": "Other", "latestTransDate": "2020-09-15", "positionDirect": 100, "positionDirectDate": "2020-09-15"}, {"maxAge": 1, "name": "Girishpal Singh Family Trust", "relation": "Promoter", "url": "", "transactionDescription": "Acquisition", "latestTransDate": "2021-03-19", "positionDirect": 56912, "positionDirectDate": "2021-03-19"}, {"maxAge": 1, "name": "Harendra Singh Family Trust", "relation": "Promoter", "url": "", "transactionDescription": "Acquisition", "latestTransDate": "2021-03-19", "positionDirect": 67262, "positionDirectDate": "2021-03-19"}, {"maxAge": 1, "name": "Singh (Harendra)", "relation": "Promoter", "url": "", "transactionDescription": "Sale", "latestTransDate": "2020-09-30", "positionDirect": 100, "positionDirectDate": "2020-09-30"}, {"maxAge": 1, "name": "Singh (Harendra) HUF", "relation": "UNREPORTED", "url": "", "transactionDescription": "Sale", "latestTransDate": "2020-09-30", "positionIndirect": 100, "positionIndirectDate": 1601424000}, {"maxAge": 1, "name": "Singh (Hodal)", "relation": "Promoter", "url": "", "transactionDescription": "Acquisition", "latestTransDate": "2020-12-31", "positionDirect": 48388683, "positionDirectDate": "2020-12-31"}, {"maxAge": 1, "name": "Singh (Nisha)", "relation": "UNREPORTED", "url": "", "transactionDescription": "Sale", "latestTransDate": "2020-09-30", "positionIndirect": 100, "positionIndirectDate": 1601424000}, {"maxAge": 1, "name": "Singh (Poonam)", "relation": "UNREPORTED", "url": "", "transactionDescription": "Sale", "latestTransDate": "2020-09-30", "positionDirect": 100, "positionDirectDate": "2020-09-30"}, {"maxAge": 1, "name": "Singh (Vijendra)", "relation": "UNREPORTED", "url": "", "transactionDescription": "Sale", "latestTransDate": "2020-09-30", "positionDirect": 100, "positionDirectDate": "2020-09-30"}, {"maxAge": 1, "name": "Vijendra Singh Family Trust", "relation": "Promoter", "url": "", "transactionDescription": "Acquisition", "latestTransDate": "2021-03-15", "positionDirect": 59600, "positionDirectDate": "2021-03-15"}], "maxAge": 1}, "calendarEvents": {"maxAge": 1, "earnings": {"earningsDate": ["2021-01-27 05:30:S"], "revenueAverage": 4291000000, "revenueLow": 4291000000, "revenueHigh": 4291000000}, "exDividendDate": "2019-08-01 05:30:00"}, "upgradeDowngradeHistory": {"history": [], "maxAge": 86400}, "price": {"maxAge": 1, "regularMarketChangePercent": 0.014089685, "regularMarketChange": 3.850006, "regularMarketTime": "2021-04-30 15:29:52", "priceHint": 2, "regularMarketPrice": 277.1, "regularMarketDayHigh": 279.05, "regularMarketDayLow": 273.6, "regularMarketVolume": 38420, "averageDailyVolume10Day": 63686, "averageDailyVolume3Month": 174828, "regularMarketPreviousClose": 273.25, "regularMarketSource": "FREE_REALTIME", "regularMarketOpen": 274.7, "exchange": "NSI", "exchangeName": "NSE", "exchangeDataDelayedBy": 15, "marketState": "CLOSED", "quoteType": "EQUITY", "symbol": "HGINFRA.NS", "underlyingSymbol": null, "shortName": "H.G. INFRA ENGINEE", "longName": "H.G. Infra Engineering Limited", "currency": "INR", "quoteSourceName": "Delayed Quote", "currencySymbol": "\u20b9", "fromCurrency": null, "lastMarket": null, "marketCap": 18045693952}, "balanceSheetHistory": {"balanceSheetStatements": [{"maxAge": 1, "endDate": "2020-03-31", "cash": 245750000, "netReceivables": 12605500000, "inventory": 1055300000, "otherCurrentAssets": 1981900000, "totalCurrentAssets": 15888450000, "propertyPlantEquipment": 4906090000, "intangibleAssets": 32200000, "otherAssets": 1339060000, "deferredLongTermAssetCharges": 86910000, "totalAssets": 22165800000, "accountsPayable": 5436930000, "shortLongTermDebt": 1122580000, "otherCurrentLiab": 2176590000, "longTermDebt": 2129550000, "otherLiab": 812300000, "totalCurrentLiabilities": 10954410000, "totalLiab": 13903140000, "commonStock": 651710000, "retainedEarnings": 4916480000, "capitalSurplus": 2694470000, "totalStockholderEquity": 8262660000, "netTangibleAssets": 8230460000}, {"maxAge": 1, "endDate": "2019-03-31", "cash": 31170000, "shortTermInvestments": 266300000, "netReceivables": 8003350000, "inventory": 1160970000, "otherCurrentAssets": 1291940000, "totalCurrentAssets": 10753730000, "longTermInvestments": 28540000, "propertyPlantEquipment": 4587560000, "intangibleAssets": 34090000, "otherAssets": 322290000, "deferredLongTermAssetCharges": 83740000, "totalAssets": 15726210000, "accountsPayable": 3461560000, "shortLongTermDebt": 1387140000, "otherCurrentLiab": 1079540000, "longTermDebt": 593230000, "otherLiab": 574840000, "totalCurrentLiabilities": 7928330000, "totalLiab": 9096400000, "commonStock": 651710000, "retainedEarnings": 3283630000, "treasuryStock": 5978100000, "capitalSurplus": 2694470000, "otherStockholderEquity": 5978100000, "totalStockholderEquity": 6629810000, "netTangibleAssets": 6595720000}, {"maxAge": 1, "endDate": "2018-03-31", "cash": 64180000, "shortTermInvestments": 1592230000, "netReceivables": 6329680000, "inventory": 1067530000, "otherCurrentAssets": 1132340000, "totalCurrentAssets": 10185960000, "propertyPlantEquipment": 4200010000, "intangibleAssets": 4740000, "otherAssets": 453640000, "deferredLongTermAssetCharges": 61300000, "totalAssets": 14844350000, "accountsPayable": 2793430000, "shortLongTermDebt": 1049410000, "otherCurrentLiab": 1861780000, "longTermDebt": 1246980000, "otherLiab": 488580000, "totalCurrentLiabilities": 7700160000, "totalLiab": 9435720000, "commonStock": 651710000, "retainedEarnings": 2062450000, "capitalSurplus": 2694470000, "totalStockholderEquity": 5408630000, "netTangibleAssets": 5403890000}, {"maxAge": 1, "endDate": "2017-03-31", "cash": 170310000, "netReceivables": 2107420000, "inventory": 492040000, "otherCurrentAssets": 621330000, "totalCurrentAssets": 3391100000, "propertyPlantEquipment": 2048200000, "intangibleAssets": 2480000, "otherAssets": 279710000, "deferredLongTermAssetCharges": 22520000, "totalAssets": 5721490000, "accountsPayable": 869470000, "shortLongTermDebt": 468950000, "otherCurrentLiab": 625820000, "longTermDebt": 634780000, "otherLiab": 295370000, "totalCurrentLiabilities": 3029990000, "totalLiab": 3960140000, "commonStock": 180200000, "retainedEarnings": 1581150000, "totalStockholderEquity": 1761350000, "netTangibleAssets": 1758870000}], "maxAge": 86400}, "earningsTrend": {"trend": [{"maxAge": 1, "period": "0q", "endDate": "2018-09-30", "growth": {}, "earningsEstimate": {"avg": 0.0, "low": 0.0, "high": 0.0, "yearAgoEps": {}, "numberOfAnalysts": 0, "growth": {}}, "revenueEstimate": {"avg": 4291000000, "low": 4291000000, "high": 4291000000, "numberOfAnalysts": 1, "yearAgoRevenue": {}, "growth": {}}, "epsTrend": {"current": 0.0, "7daysAgo": 3.8, "30daysAgo": 3.8, "60daysAgo": 3.8, "90daysAgo": 3.8}, "epsRevisions": {"upLast7days": 0, "upLast30days": 0, "downLast30days": 0, "downLast90days": {}}}, {"maxAge": 1, "period": "+1q", "endDate": "2018-12-31", "growth": {}, "earningsEstimate": {"avg": 0.0, "low": 0.0, "high": 0.0, "yearAgoEps": {}, "numberOfAnalysts": 0, "growth": {}}, "revenueEstimate": {"avg": 4809620000, "low": 4809620000, "high": 4809620000, "numberOfAnalysts": 1, "yearAgoRevenue": {}, "growth": {}}, "epsTrend": {"current": 0.0, "7daysAgo": 4.58, "30daysAgo": 4.58, "60daysAgo": 4.58, "90daysAgo": 4.58}, "epsRevisions": {"upLast7days": 0, "upLast30days": 0, "downLast30days": 0, "downLast90days": {}}}, {"maxAge": 1, "period": "0y", "endDate": "2019-03-31", "growth": {}, "earningsEstimate": {"avg": 0.0, "low": 0.0, "high": 0.0, "yearAgoEps": {}, "numberOfAnalysts": 0, "growth": {}}, "revenueEstimate": {"avg": 18903000000, "low": 17901000000, "high": 20194000000, "numberOfAnalysts": 4, "yearAgoRevenue": {}, "growth": {}}, "epsTrend": {"current": 0.0, "7daysAgo": 0.0, "30daysAgo": 0.0, "60daysAgo": 0.0, "90daysAgo": 0.0}, "epsRevisions": {"upLast7days": 0, "upLast30days": 0, "downLast30days": 0, "downLast90days": {}}}, {"maxAge": 1, "period": "+1y", "endDate": "2019-03-31", "growth": {}, "earningsEstimate": {"avg": 0.0, "low": 0.0, "high": 0.0, "yearAgoEps": {}, "numberOfAnalysts": 0, "growth": {}}, "revenueEstimate": {"avg": 18903000000, "low": 17901000000, "high": 20194000000, "numberOfAnalysts": 4, "yearAgoRevenue": 18903000000, "growth": 0.0}, "epsTrend": {"current": 0.0, "7daysAgo": 17.42, "30daysAgo": 17.42, "60daysAgo": 17.42, "90daysAgo": 17.42}, "epsRevisions": {"upLast7days": 0, "upLast30days": 0, "downLast30days": 0, "downLast90days": {}}}, {"maxAge": 1, "period": "+5y", "endDate": null, "growth": {}, "earningsEstimate": {"avg": {}, "low": {}, "high": {}, "yearAgoEps": {}, "numberOfAnalysts": {}, "growth": {}}, "revenueEstimate": {"avg": {}, "low": {}, "high": {}, "numberOfAnalysts": {}, "yearAgoRevenue": {}, "growth": {}}, "epsTrend": {"current": {}, "7daysAgo": {}, "30daysAgo": {}, "60daysAgo": {}, "90daysAgo": {}}, "epsRevisions": {"upLast7days": {}, "upLast30days": {}, "downLast30days": {}, "downLast90days": {}}}, {"maxAge": 1, "period": "-5y", "endDate": null, "growth": {}, "earningsEstimate": {"avg": {}, "low": {}, "high": {}, "yearAgoEps": {}, "numberOfAnalysts": {}, "growth": {}}, "revenueEstimate": {"avg": {}, "low": {}, "high": {}, "numberOfAnalysts": {}, "yearAgoRevenue": {}, "growth": {}}, "epsTrend": {"current": {}, "7daysAgo": {}, "30daysAgo": {}, "60daysAgo": {}, "90daysAgo": {}}, "epsRevisions": {"upLast7days": {}, "upLast30days": {}, "downLast30days": {}, "downLast90days": {}}}], "maxAge": 1}, "institutionOwnership": {"ownershipList": [], "maxAge": 1}, "majorHoldersBreakdown": {"maxAge": 1, "insidersPercentHeld": 0.7555, "institutionsPercentHeld": 0.1665, "institutionsFloatPercentHeld": 0.68097997, "institutionsCount": 11}, "balanceSheetHistoryQuarterly": {"balanceSheetStatements": [{"maxAge": 1, "endDate": "2020-12-31", "totalStockholderEquity": 8843480000, "netTangibleAssets": 8814660000}, {"maxAge": 1, "endDate": "2020-09-30", "cash": 1375520000, "shortTermInvestments": 3608190000, "netReceivables": 9082040000, "inventory": 1232060000, "otherCurrentAssets": 1051540000, "totalCurrentAssets": 16349350000, "longTermInvestments": 1419060000, "propertyPlantEquipment": 4666260000, "intangibleAssets": 28820000, "otherAssets": 259320000, "deferredLongTermAssetCharges": 90500000, "totalAssets": 22722810000, "accountsPayable": 4720030000, "shortLongTermDebt": 843400000, "otherCurrentLiab": 2387700000, "longTermDebt": 3233320000, "otherLiab": 754250000, "totalCurrentLiabilities": 9889220000, "totalLiab": 13879330000, "commonStock": 651710000, "treasuryStock": 8191770000, "otherStockholderEquity": 8191770000, "totalStockholderEquity": 8843480000, "netTangibleAssets": 8814660000}, {"maxAge": 1, "endDate": "2020-06-30", "totalStockholderEquity": 8262660000, "netTangibleAssets": 8230460000}, {"maxAge": 1, "endDate": "2020-03-31", "cash": 245750000, "netReceivables": 12605500000, "inventory": 1055300000, "otherCurrentAssets": 1981900000, "totalCurrentAssets": 15888450000, "propertyPlantEquipment": 4906090000, "intangibleAssets": 32200000, "otherAssets": 1339060000, "deferredLongTermAssetCharges": 86910000, "totalAssets": 22165800000, "accountsPayable": 5436930000, "shortLongTermDebt": 1122580000, "otherCurrentLiab": 2176590000, "longTermDebt": 2129550000, "otherLiab": 812300000, "totalCurrentLiabilities": 10954410000, "totalLiab": 13903140000, "commonStock": 651710000, "retainedEarnings": 4916480000, "capitalSurplus": 2694470000, "totalStockholderEquity": 8262660000, "netTangibleAssets": 8230460000}], "maxAge": 86400}, "earningsHistory": {"history": [{"maxAge": 1, "epsActual": {}, "epsEstimate": {}, "epsDifference": {}, "surprisePercent": {}, "quarter": {}, "period": "-4q"}, {"maxAge": 1, "epsActual": {}, "epsEstimate": {}, "epsDifference": {}, "surprisePercent": {}, "quarter": {}, "period": "-3q"}, {"maxAge": 1, "epsActual": {}, "epsEstimate": {}, "epsDifference": {}, "surprisePercent": {}, "quarter": {}, "period": "-2q"}, {"maxAge": 1, "epsActual": {}, "epsEstimate": {}, "epsDifference": {}, "surprisePercent": {}, "quarter": {}, "period": "-1q"}], "maxAge": 86400}, "summaryProfile": {"address1": "Sheel Mohar Plaza, A-1", "address2": "III Floor Tilak Marg C-Scheme", "city": "Jaipur", "zip": "302001", "country": "India", "phone": "91 14 1410 6040", "fax": "91 14 1410 6044", "website": "http://www.hginfra.com", "industry": "Engineering & Construction", "sector": "Industrials", "longBusinessSummary": "H.G. Infra Engineering Limited engages in the engineering, procurement, and construction business in India. It constructs and maintains roads, bridges, flyovers, and other infrastructure contract works. The company offers civil construction projects comprising extension and grading of runways, railways, and land development. It also undertakes water pipeline projects. The company was founded in 2003 and is headquartered in Jaipur, India.", "fullTimeEmployees": 2348, "companyOfficers": [], "maxAge": 86400}, "netSharePurchaseActivity": {"maxAge": 1, "period": "6m", "buyInfoCount": 0, "buyInfoShares": 0, "sellInfoCount": 0, "netInfoCount": 0, "netInfoShares": 0, "netPercentInsiderShares": 0.0, "totalInsiderShares": 49225184}, "insiderTransactions": {"transactions": [{"maxAge": 1, "shares": 10236, "value": 37396, "filerUrl": "", "transactionText": "Acquisition at price 3.65 per share.", "filerName": "Girishpal Singh Family Trust", "filerRelation": "Promoter", "moneyText": "", "startDate": "2021-03-19", "ownership": "D"}, {"maxAge": 1, "shares": 19912, "value": 73640, "filerUrl": "", "transactionText": "Acquisition at price 3.70 per share.", "filerName": "Harendra Singh Family Trust", "filerRelation": "Promoter", "moneyText": "", "startDate": "2021-03-19", "ownership": "D"}, {"maxAge": 1, "shares": 2476, "value": 9539, "filerUrl": "", "transactionText": "Acquisition at price 3.85 per share.", "filerName": "Girishpal Singh Family Trust", "filerRelation": "Promoter", "moneyText": "", "startDate": "2021-03-16", "ownership": "D"}, {"maxAge": 1, "shares": 12500, "value": 46530, "filerUrl": "", "transactionText": "Acquisition at price 3.72 per share.", "filerName": "Vijendra Singh Family Trust", "filerRelation": "Promoter", "moneyText": "", "startDate": "2021-03-15", "ownership": "D"}, {"maxAge": 1, "shares": 15700, "value": 61101, "filerUrl": "", "transactionText": "Acquisition at price 3.89 per share.", "filerName": "Vijendra Singh Family Trust", "filerRelation": "Promoter", "moneyText": "", "startDate": "2021-03-12", "ownership": "D"}, {"maxAge": 1, "shares": 14800, "value": 56410, "filerUrl": "", "transactionText": "Acquisition at price 3.81 per share.", "filerName": "Girishpal Singh Family Trust", "filerRelation": "Promoter", "moneyText": "", "startDate": "2021-03-12", "ownership": "D"}, {"maxAge": 1, "shares": 15750, "value": 61284, "filerUrl": "", "transactionText": "Acquisition at price 3.89 per share.", "filerName": "Harendra Singh Family Trust", "filerRelation": "Promoter", "moneyText": "", "startDate": "2021-03-12", "ownership": "D"}, {"maxAge": 1, "shares": 2000, "value": 7940, "filerUrl": "", "transactionText": "Acquisition at price 3.97 per share.", "filerName": "Girishpal Singh Family Trust", "filerRelation": "Promoter", "moneyText": "", "startDate": "2021-03-05", "ownership": "D"}, {"maxAge": 1, "shares": 14500, "value": 58113, "filerUrl": "", "transactionText": "Acquisition at price 4.01 per share.", "filerName": "Vijendra Singh Family Trust", "filerRelation": "Promoter", "moneyText": "", "startDate": "2021-03-04", "ownership": "D"}, {"maxAge": 1, "shares": 14300, "value": 57222, "filerUrl": "", "transactionText": "Acquisition at price 4.00 per share.", "filerName": "Harendra Singh Family Trust", "filerRelation": "Promoter", "moneyText": "", "startDate": "2021-03-04", "ownership": "D"}, {"maxAge": 1, "shares": 10200, "value": 40812, "filerUrl": "", "transactionText": "Acquisition at price 4.00 per share.", "filerName": "Girishpal Singh Family Trust", "filerRelation": "Promoter", "moneyText": "", "startDate": "2021-03-04", "ownership": "D"}, {"maxAge": 1, "shares": 10000, "value": 40353, "filerUrl": "", "transactionText": "Acquisition at price 4.04 per share.", "filerName": "Vijendra Singh Family Trust", "filerRelation": "Promoter", "moneyText": "", "startDate": "2021-03-03", "ownership": "D"}, {"maxAge": 1, "shares": 6800, "value": 27225, "filerUrl": "", "transactionText": "Acquisition at price 4.00 per share.", "filerName": "Girishpal Singh Family Trust", "filerRelation": "Promoter", "moneyText": "", "startDate": "2021-03-03", "ownership": "D"}, {"maxAge": 1, "shares": 10400, "value": 40676, "filerUrl": "", "transactionText": "Acquisition at price 3.91 per share.", "filerName": "Girishpal Singh Family Trust", "filerRelation": "Promoter", "moneyText": "", "startDate": "2021-03-02", "ownership": "D"}, {"maxAge": 1, "shares": 8700, "value": 33858, "filerUrl": "", "transactionText": "Acquisition at price 3.89 per share.", "filerName": "Harendra Singh Family Trust", "filerRelation": "Promoter", "moneyText": "", "startDate": "2021-03-02", "ownership": "D"}, {"maxAge": 1, "shares": 6900, "value": 26987, "filerUrl": "", "transactionText": "Acquisition at price 3.91 per share.", "filerName": "Vijendra Singh Family Trust", "filerRelation": "Promoter", "moneyText": "", "startDate": "2021-03-02", "ownership": "D"}, {"maxAge": 1, "shares": 8600, "value": 34071, "filerUrl": "", "transactionText": "Acquisition at price 3.96 per share.", "filerName": "Harendra Singh Family Trust", "filerRelation": "Institution- Corporation", "moneyText": "", "startDate": "2021-02-22", "ownership": "D"}, {"maxAge": 1, "shares": 92000, "value": 270866, "filerUrl": "", "transactionText": "Acquisition at price 2.94 per share.", "filerName": "Singh (Hodal)", "filerRelation": "Promoter", "moneyText": "", "startDate": "2020-12-31", "ownership": "D"}, {"maxAge": 1, "shares": 45500, "value": 136017, "filerUrl": "", "transactionText": "Acquisition at price 2.99 per share.", "filerName": "Singh (Hodal)", "filerRelation": "Promoter", "moneyText": "", "startDate": "2020-12-30", "ownership": "D"}, {"maxAge": 1, "shares": 0, "filerUrl": "", "transactionText": "", "filerName": "Singh (Nisha)", "filerRelation": "UNREPORTED", "moneyText": "", "startDate": "2020-09-30", "ownership": "I"}, {"maxAge": 1, "shares": 826775, "filerUrl": "", "transactionText": "Sale at price 0.00 per share.", "filerName": "Singh (Nisha)", "filerRelation": "UNREPORTED", "moneyText": "", "startDate": "2020-09-30", "ownership": "D"}, {"maxAge": 1, "shares": 466775, "filerUrl": "", "transactionText": "Sale at price 0.00 per share.", "filerName": "Singh (Poonam)", "filerRelation": "UNREPORTED", "moneyText": "", "startDate": "2020-09-30", "ownership": "D"}, {"maxAge": 1, "shares": 15147433, "filerUrl": "", "transactionText": "Sale at price 0.00 per share.", "filerName": "Singh (Harendra)", "filerRelation": "Promoter", "moneyText": "", "startDate": "2020-09-30", "ownership": "D"}, {"maxAge": 1, "shares": 0, "filerUrl": "", "transactionText": "", "filerName": "Singh (Poonam)", "filerRelation": "UNREPORTED", "moneyText": "", "startDate": "2020-09-30", "ownership": "I"}, {"maxAge": 1, "shares": 0, "filerUrl": "", "transactionText": "", "filerName": "Singh (Hodal)", "filerRelation": "UNREPORTED", "moneyText": "", "startDate": "2020-09-30", "ownership": "I"}, {"maxAge": 1, "shares": 40727902, "filerUrl": "", "transactionText": "Acquisition at price 0.00 per share.", "filerName": "Singh (Hodal)", "filerRelation": "UNREPORTED", "moneyText": "", "startDate": "2020-09-30", "ownership": "D"}, {"maxAge": 1, "shares": 11774837, "filerUrl": "", "transactionText": "Sale at price 0.00 per share.", "filerName": "Singh (Vijendra)", "filerRelation": "UNREPORTED", "moneyText": "", "startDate": "2020-09-30", "ownership": "D"}, {"maxAge": 1, "shares": 0, "filerUrl": "", "transactionText": "", "filerName": "Singh (Vijendra)", "filerRelation": "Director", "moneyText": "", "startDate": "2020-09-30", "ownership": "I"}, {"maxAge": 1, "shares": 0, "filerUrl": "", "transactionText": "", "filerName": "Singh (Harendra) HUF", "filerRelation": "UNREPORTED", "moneyText": "", "startDate": "2020-09-30", "ownership": "I"}, {"maxAge": 1, "shares": 1349905, "filerUrl": "", "transactionText": "Other at price 0.00 per share.", "filerName": "Choudhary (Vaibhav)", "filerRelation": "Promoter", "moneyText": "", "startDate": "2020-09-15", "ownership": "D"}, {"maxAge": 1, "shares": 749900, "filerUrl": "", "transactionText": "Other at price 0.00 per share.", "filerName": "Singh (Harendra)", "filerRelation": "Promoter", "moneyText": "", "startDate": "2020-09-15", "ownership": "D"}, {"maxAge": 1, "shares": 749900, "filerUrl": "", "transactionText": "Other at price 0.00 per share.", "filerName": "Singh (Harendra) HUF", "filerRelation": "Promoter", "moneyText": "", "startDate": "2020-09-15", "ownership": "D"}, {"maxAge": 1, "shares": 1349905, "filerUrl": "", "transactionText": "Other at price 0.00 per share.", "filerName": "Singh (Hodal)", "filerRelation": "Promoter", "moneyText": "", "startDate": "2020-09-15", "ownership": "D"}, {"maxAge": 1, "shares": 31605, "filerUrl": "", "transactionText": "", "filerName": "Singh (Vijendra)", "filerRelation": "Director", "moneyText": "", "startDate": "2020-03-31", "ownership": "D"}, {"maxAge": 1, "shares": 1764, "filerUrl": "", "transactionText": "", "filerName": "Singh (Vijendra)", "filerRelation": "Director", "moneyText": "", "startDate": "2020-03-30", "ownership": "D"}, {"maxAge": 1, "shares": 280, "filerUrl": "", "transactionText": "", "filerName": "Singh (Girishpal)", "filerRelation": "Promoter", "moneyText": "", "startDate": "2020-03-30", "ownership": "D"}, {"maxAge": 1, "shares": 300, "filerUrl": "", "transactionText": "", "filerName": "Singh (Hodal)", "filerRelation": "Promoter", "moneyText": "", "startDate": "2020-03-30", "ownership": "D"}, {"maxAge": 1, "shares": 4628, "filerUrl": "", "transactionText": "", "filerName": "Singh (Vijendra)", "filerRelation": "Director", "moneyText": "", "startDate": "2020-03-27", "ownership": "D"}, {"maxAge": 1, "shares": 6502, "filerUrl": "", "transactionText": "", "filerName": "Singh (Vijendra)", "filerRelation": "Director", "moneyText": "", "startDate": "2020-03-26", "ownership": "D"}, {"maxAge": 1, "shares": 3970, "filerUrl": "", "transactionText": "", "filerName": "Singh (Vijendra)", "filerRelation": "Director", "moneyText": "", "startDate": "2020-03-25", "ownership": "D"}, {"maxAge": 1, "shares": 2868, "filerUrl": "", "transactionText": "", "filerName": "Singh (Vijendra)", "filerRelation": "Director", "moneyText": "", "startDate": "2020-03-24", "ownership": "D"}, {"maxAge": 1, "shares": 4500, "filerUrl": "", "transactionText": "", "filerName": "Singh (Harendra)", "filerRelation": "Promoter", "moneyText": "", "startDate": "2020-03-23", "ownership": "D"}, {"maxAge": 1, "shares": 2311, "filerUrl": "", "transactionText": "", "filerName": "Singh (Harendra)", "filerRelation": "Promoter", "moneyText": "", "startDate": "2020-03-20", "ownership": "D"}, {"maxAge": 1, "shares": 2301, "filerUrl": "", "transactionText": "", "filerName": "Singh (Harendra)", "filerRelation": "Promoter", "moneyText": "", "startDate": "2020-03-19", "ownership": "D"}, {"maxAge": 1, "shares": 6550, "filerUrl": "", "transactionText": "", "filerName": "Singh (Harendra)", "filerRelation": "Promoter", "moneyText": "", "startDate": "2020-03-18", "ownership": "D"}, {"maxAge": 1, "shares": 1200, "filerUrl": "", "transactionText": "", "filerName": "Singh (Harendra)", "filerRelation": "Promoter", "moneyText": "", "startDate": "2020-03-17", "ownership": "D"}, {"maxAge": 1, "shares": 2530, "filerUrl": "", "transactionText": "", "filerName": "Singh (Harendra)", "filerRelation": "Promoter", "moneyText": "", "startDate": "2020-03-16", "ownership": "D"}, {"maxAge": 1, "shares": 11074, "filerUrl": "", "transactionText": "", "filerName": "Singh (Harendra)", "filerRelation": "Promoter", "moneyText": "", "startDate": "2020-03-13", "ownership": "D"}, {"maxAge": 1, "shares": 10901, "filerUrl": "", "transactionText": "", "filerName": "Singh (Harendra)", "filerRelation": "Promoter", "moneyText": "", "startDate": "2020-03-12", "ownership": "D"}, {"maxAge": 1, "shares": 14000, "filerUrl": "", "transactionText": "", "filerName": "Dutta (Raja)", "filerRelation": "UNREPORTED", "moneyText": "", "startDate": "2019-11-14", "ownership": "D"}], "maxAge": 1}, "sectorTrend": {"maxAge": 1, "symbol": null, "estimates": []}, "incomeStatementHistoryQuarterly": {"incomeStatementHistory": [{"maxAge": 1, "endDate": "2020-12-31", "totalRevenue": 7541820000, "costOfRevenue": 5775230000, "grossProfit": 1766590000, "researchDevelopment": {}, "sellingGeneralAdministrative": 319400000, "nonRecurring": {}, "otherOperatingExpenses": 99210000, "totalOperatingExpenses": 6409490000, "operatingIncome": 1132330000, "totalOtherIncomeExpenseNet": -244140000, "ebit": 1132330000, "interestExpense": -244140000, "incomeBeforeTax": 888190000, "incomeTaxExpense": 210570000, "minorityInterest": {}, "netIncomeFromContinuingOps": 677620000, "discontinuedOperations": {}, "extraordinaryItems": {}, "effectOfAccountingCharges": {}, "otherItems": {}, "netIncome": 677620000, "netIncomeApplicableToCommonShares": 677620000}, {"maxAge": 1, "endDate": "2020-09-30", "totalRevenue": 4848360000, "costOfRevenue": 3599170000, "grossProfit": 1249190000, "researchDevelopment": {}, "sellingGeneralAdministrative": 261600000, "nonRecurring": {}, "otherOperatingExpenses": 65830000, "totalOperatingExpenses": 4135040000, "operatingIncome": 713320000, "totalOtherIncomeExpenseNet": -206540000, "ebit": 713320000, "interestExpense": -206540000, "incomeBeforeTax": 506780000, "incomeTaxExpense": 128320000, "minorityInterest": {}, "netIncomeFromContinuingOps": 378460000, "discontinuedOperations": {}, "extraordinaryItems": {}, "effectOfAccountingCharges": {}, "otherItems": {}, "netIncome": 378460000, "netIncomeApplicableToCommonShares": 378460000}, {"maxAge": 1, "endDate": "2020-06-30", "totalRevenue": 3145250000, "costOfRevenue": 2227690000, "grossProfit": 917560000, "researchDevelopment": {}, "sellingGeneralAdministrative": 226470000, "nonRecurring": {}, "otherOperatingExpenses": 54750000, "totalOperatingExpenses": 2703610000, "operatingIncome": 441640000, "totalOtherIncomeExpenseNet": -181780000, "ebit": 441640000, "interestExpense": -181780000, "incomeBeforeTax": 259860000, "incomeTaxExpense": 60520000, "minorityInterest": {}, "netIncomeFromContinuingOps": 199340000, "discontinuedOperations": {}, "extraordinaryItems": {}, "effectOfAccountingCharges": {}, "otherItems": {}, "netIncome": 199340000, "netIncomeApplicableToCommonShares": 199340000}, {"maxAge": 1, "endDate": "2020-03-31", "totalRevenue": 6297300000, "costOfRevenue": 4341650000, "grossProfit": 1955650000, "researchDevelopment": {}, "sellingGeneralAdministrative": 624970000, "nonRecurring": {}, "otherOperatingExpenses": 282390000, "totalOperatingExpenses": 5457220000, "operatingIncome": 840080000, "totalOtherIncomeExpenseNet": -118850000, "ebit": 840080000, "interestExpense": -181780000, "incomeBeforeTax": 721230000, "incomeTaxExpense": 177990000, "minorityInterest": {}, "netIncomeFromContinuingOps": 543240000, "discontinuedOperations": {}, "extraordinaryItems": {}, "effectOfAccountingCharges": {}, "otherItems": {}, "netIncome": 543240000, "netIncomeApplicableToCommonShares": 543240000}], "maxAge": 86400}, "cashflowStatementHistoryQuarterly": {"cashflowStatements": [{"maxAge": 1, "endDate": "2020-12-31", "netIncome": 677620000, "changeToLiabilities": 0}, {"maxAge": 1, "endDate": "2020-09-30", "netIncome": 378460000, "changeToLiabilities": 0}, {"maxAge": 1, "endDate": "2020-06-30", "netIncome": 199340000, "changeToLiabilities": 0}, {"maxAge": 1, "endDate": "2020-03-31", "netIncome": 543240000, "changeToLiabilities": 0}], "maxAge": 86400}, "earnings": {"maxAge": 86400, "earningsChart": {"quarterly": [], "earningsDate": ["2021-01-27 05:30:S"]}, "financialsChart": {"yearly": [{"date": 2017, "revenue": 10560280000, "earnings": 534170000}, {"date": 2018, "revenue": 13927250000, "earnings": 842640000}, {"date": 2019, "revenue": 20168350000, "earnings": 1273430000}, {"date": 2020, "revenue": 22244960000, "earnings": 1666110000}], "quarterly": [{"date": "1Q2020", "revenue": 6297300000, "earnings": 543240000}, {"date": "2Q2020", "revenue": 3145250000, "earnings": 199340000}, {"date": "3Q2020", "revenue": 4848360000, "earnings": 378460000}, {"date": "4Q2020", "revenue": 7541820000, "earnings": 677620000}]}, "financialCurrency": "INR"}, "financialData": {"maxAge": 86400, "currentPrice": 277.1, "targetHighPrice": 399.0, "targetLowPrice": 274.0, "targetMeanPrice": 331.5, "targetMedianPrice": 326.5, "recommendationKey": "none", "numberOfAnalystOpinions": 4, "totalCash": 4983710208, "totalCashPerShare": 76.489, "ebitda": 3835660032, "totalDebt": 5944759808, "totalRevenue": 21832730624, "debtToEquity": 67.222, "revenuePerShare": 334.955, "grossProfits": 5641000000, "earningsGrowth": 1.023, "revenueGrowth": 0.311, "grossMargins": 0.26973, "ebitdaMargins": 0.17568001, "operatingMargins": 0.14324, "profitMargins": 0.08238, "financialCurrency": "INR"}}}