{"HIGHENE.BO": {"cashflowStatementHistory": {"cashflowStatements": [{"maxAge": 1, "endDate": "2020-03-31", "netIncome": 56019000, "depreciation": 11598000, "changeToNetincome": 85551000, "changeToAccountReceivables": 74392000, "changeToLiabilities": -85238000, "changeToInventory": -35871000, "changeToOperatingActivities": 5609000, "totalCashFromOperatingActivities": 112060000, "capitalExpenditures": -4573000, "otherCashflowsFromInvestingActivities": 1100000, "totalCashflowsFromInvestingActivities": -3473000, "netBorrowings": -57350000, "otherCashflowsFromFinancingActivities": -57134000, "totalCashFromFinancingActivities": -114484000, "changeInCash": -5897000}, {"maxAge": 1, "endDate": "2019-03-31", "netIncome": 4363000, "depreciation": 12363000, "changeToNetincome": 56165000, "changeToAccountReceivables": -19800000, "changeToLiabilities": 58110000, "changeToInventory": 9098000, "changeToOperatingActivities": -68398000, "totalCashFromOperatingActivities": 51901000, "capitalExpenditures": -1616000, "otherCashflowsFromInvestingActivities": 1328000, "totalCashflowsFromInvestingActivities": -288000, "netBorrowings": -17660000, "otherCashflowsFromFinancingActivities": -55759000, "totalCashFromFinancingActivities": -73419000, "changeInCash": -21806000}, {"maxAge": 1, "endDate": "2018-03-31", "netIncome": 32846000, "depreciation": 12864000, "changeToNetincome": 59905000, "changeToAccountReceivables": -6687000, "changeToLiabilities": -53337000, "changeToInventory": -17729000, "changeToOperatingActivities": -1829000, "totalCashFromOperatingActivities": 26033000, "capitalExpenditures": -4329000, "otherCashflowsFromInvestingActivities": 861000, "totalCashflowsFromInvestingActivities": -3468000, "netBorrowings": 54847000, "otherCashflowsFromFinancingActivities": -49605000, "totalCashFromFinancingActivities": 5242000, "changeInCash": 27807000}, {"maxAge": 1, "endDate": "2017-03-31", "netIncome": -8605000, "depreciation": 13201000, "changeToNetincome": 65422000, "changeToAccountReceivables": -95179000, "changeToLiabilities": 53062000, "changeToInventory": -66214000, "changeToOperatingActivities": 8010000, "totalCashFromOperatingActivities": -30303000, "capitalExpenditures": -1272000, "otherCashflowsFromInvestingActivities": 615000, "totalCashflowsFromInvestingActivities": -657000, "netBorrowings": 64905000, "otherCashflowsFromFinancingActivities": -41740000, "totalCashFromFinancingActivities": 23165000, "changeInCash": -7795000}], "maxAge": 86400}, "institutionOwnership": {"maxAge": 1, "ownershipList": []}, "balanceSheetHistoryQuarterly": {"balanceSheetStatements": [{"maxAge": 1, "endDate": "2020-06-30", "totalStockholderEquity": 237568000, "netTangibleAssets": 236148000}, {"maxAge": 1, "endDate": "2020-03-31", "cash": 282000, "netReceivables": 100453000, "inventory": 285164000, "otherCurrentAssets": 23331000, "totalCurrentAssets": 423826000, "longTermInvestments": 5871000, "propertyPlantEquipment": 310395000, "intangibleAssets": 1420000, "otherAssets": 6373000, "totalAssets": 747885000, "accountsPayable": 71900000, "shortLongTermDebt": 1806000, "otherCurrentLiab": 76905000, "longTermDebt": 103352000, "otherLiab": 23130000, "totalCurrentLiabilities": 383835000, "totalLiab": 510317000, "commonStock": 17928000, "retainedEarnings": 135726000, "treasuryStock": 5579000, "capitalSurplus": 78335000, "otherStockholderEquity": 5579000, "totalStockholderEquity": 237568000, "netTangibleAssets": 236148000}, {"maxAge": 1, "endDate": "2019-12-31", "totalStockholderEquity": 221387000, "netTangibleAssets": 221387000}, {"maxAge": 1, "endDate": "2019-09-30", "cash": 9252000, "netReceivables": 244439000, "inventory": 276926000, "otherCurrentAssets": 25994000, "totalCurrentAssets": 556611000, "longTermInvestments": 11206000, "propertyPlantEquipment": 313371000, "otherAssets": 8750000, "deferredLongTermAssetCharges": 3786000, "totalAssets": 889938000, "accountsPayable": 133665000, "otherCurrentLiab": 100133000, "longTermDebt": 99698000, "otherLiab": 22284000, "totalCurrentLiabilities": 546569000, "totalLiab": 668551000, "commonStock": 17928000, "treasuryStock": 203459000, "otherStockholderEquity": 203459000, "totalStockholderEquity": 221387000, "netTangibleAssets": 221387000}], "maxAge": 86400}, "indexTrend": {"maxAge": 1, "symbol": "SP5", "peRatio": 19.7411, "pegRatio": 1.34172, "estimates": [{"period": "0q", "growth": 0.549}, {"period": "+1q", "growth": 0.431}, {"period": "0y", "growth": 0.305}, {"period": "+1y", "growth": 0.109}, {"period": "+5y", "growth": 0.120859005}, {"period": "-5y"}]}, "insiderTransactions": {"transactions": [{"maxAge": 1, "shares": 39869, "filerUrl": "", "transactionText": "", "filerName": "Life Insurance Corporation of India", "filerRelation": "Institution- Corporation", "moneyText": "", "startDate": "2020-08-13", "ownership": "D"}], "maxAge": 1}, "quoteType": {"exchange": "BSE", "quoteType": "EQUITY", "symbol": "HIGHENE.BO", "underlyingSymbol": "HIGHENE.BO", "shortName": "HIGH ENERGY BATTERIES (INDIA)", "longName": "High Energy Batteries (India) Limited", "firstTradeDateEpochUtc": "2000-01-06 09:15:00", "timeZoneFullName": "Asia/Kolkata", "timeZoneShortName": "IST", "uuid": "6010204a-9653-344d-a994-233b1a577de6", "messageBoardId": null, "gmtOffSetMilliseconds": 19800000, "maxAge": 1}, "incomeStatementHistory": {"incomeStatementHistory": [{"maxAge": 1, "endDate": "2020-03-31", "totalRevenue": 614922000, "costOfRevenue": 260850000, "grossProfit": 354072000, "researchDevelopment": {}, "sellingGeneralAdministrative": 112822000, "nonRecurring": {}, "otherOperatingExpenses": 35940000, "totalOperatingExpenses": 471858000, "operatingIncome": 143064000, "totalOtherIncomeExpenseNet": -54955000, "ebit": 143064000, "interestExpense": -46996000, "incomeBeforeTax": 88109000, "incomeTaxExpense": 32090000, "minorityInterest": {}, "netIncomeFromContinuingOps": 56019000, "discontinuedOperations": {}, "extraordinaryItems": {}, "effectOfAccountingCharges": {}, "otherItems": {}, "netIncome": 56019000, "netIncomeApplicableToCommonShares": 56019000}, {"maxAge": 1, "endDate": "2019-03-31", "totalRevenue": 466169000, "costOfRevenue": 215108000, "grossProfit": 251061000, "researchDevelopment": {}, "sellingGeneralAdministrative": 102754000, "nonRecurring": {}, "otherOperatingExpenses": 76066000, "totalOperatingExpenses": 406291000, "operatingIncome": 59878000, "totalOtherIncomeExpenseNet": -54222000, "ebit": 59878000, "interestExpense": -46229000, "incomeBeforeTax": 5656000, "incomeTaxExpense": 1293000, "minorityInterest": {}, "netIncomeFromContinuingOps": 4363000, "discontinuedOperations": {}, "extraordinaryItems": {}, "effectOfAccountingCharges": {}, "otherItems": {}, "netIncome": 4363000, "netIncomeApplicableToCommonShares": 4363000}, {"maxAge": 1, "endDate": "2018-03-31", "totalRevenue": 593761000, "costOfRevenue": 287015000, "grossProfit": 306746000, "researchDevelopment": {}, "sellingGeneralAdministrative": 95208000, "nonRecurring": {}, "otherOperatingExpenses": 94668000, "totalOperatingExpenses": 489755000, "operatingIncome": 104006000, "totalOtherIncomeExpenseNet": -57703000, "ebit": 104006000, "interestExpense": -49090000, "incomeBeforeTax": 46303000, "incomeTaxExpense": 13457000, "minorityInterest": {}, "netIncomeFromContinuingOps": 32846000, "discontinuedOperations": {}, "extraordinaryItems": {}, "effectOfAccountingCharges": {}, "otherItems": {}, "netIncome": 32846000, "netIncomeApplicableToCommonShares": 32846000}, {"maxAge": 1, "endDate": "2017-03-31", "totalRevenue": 471899000, "costOfRevenue": 243089000, "grossProfit": 228810000, "researchDevelopment": {}, "sellingGeneralAdministrative": 76892000, "nonRecurring": {}, "otherOperatingExpenses": 87138000, "totalOperatingExpenses": 420320000, "operatingIncome": 51579000, "totalOtherIncomeExpenseNet": -40152000, "ebit": 51579000, "interestExpense": -41740000, "incomeBeforeTax": 11427000, "incomeTaxExpense": 20032000, "minorityInterest": {}, "netIncomeFromContinuingOps": -8605000, "discontinuedOperations": {}, "extraordinaryItems": {}, "effectOfAccountingCharges": {}, "otherItems": {}, "netIncome": -8605000, "netIncomeApplicableToCommonShares": -8605000}], "maxAge": 86400}, "fundOwnership": {"maxAge": 1, "ownershipList": []}, "summaryDetail": {"maxAge": 1, "priceHint": 2, "previousClose": 773.0, "open": 751.25, "dayLow": 751.25, "dayHigh": 799.9, "regularMarketPreviousClose": 773.0, "regularMarketOpen": 751.25, "regularMarketDayLow": 751.25, "regularMarketDayHigh": 799.9, "trailingPE": 53.544518, "volume": 1073, "regularMarketVolume": 1073, "averageVolume": 3475, "averageVolume10days": 5245, "averageDailyVolume10Day": 5245, "bid": 775.0, "ask": 784.0, "bidSize": 0, "askSize": 0, "marketCap": 1401497984, "fiftyTwoWeekLow": 165.0, "fiftyTwoWeekHigh": 1039.35, "fiftyDayAverage": 716.2728, "twoHundredDayAverage": 496.1635, "currency": "INR", "fromCurrency": null, "toCurrency": null, "lastMarket": null, "algorithm": null, "tradeable": false}, "incomeStatementHistoryQuarterly": {"incomeStatementHistory": [{"maxAge": 1, "endDate": "2020-06-30", "totalRevenue": 38826000, "costOfRevenue": 12307000, "grossProfit": 26519000, "researchDevelopment": {}, "sellingGeneralAdministrative": 24697000, "nonRecurring": {}, "otherOperatingExpenses": 8553000, "totalOperatingExpenses": 48330000, "operatingIncome": -9504000, "totalOtherIncomeExpenseNet": -11383000, "ebit": -9504000, "interestExpense": -11676000, "incomeBeforeTax": -20887000, "incomeTaxExpense": -5013000, "minorityInterest": {}, "netIncomeFromContinuingOps": -15874000, "discontinuedOperations": {}, "extraordinaryItems": {}, "effectOfAccountingCharges": {}, "otherItems": {}, "netIncome": -15874000, "netIncomeApplicableToCommonShares": -15874000}, {"maxAge": 1, "endDate": "2020-03-31", "totalRevenue": 97612000, "costOfRevenue": 24817000, "grossProfit": 72795000, "researchDevelopment": {}, "sellingGeneralAdministrative": 23450000, "nonRecurring": {}, "otherOperatingExpenses": -16546000, "totalOperatingExpenses": 85527000, "operatingIncome": 12085000, "totalOtherIncomeExpenseNet": -13107000, "ebit": 12085000, "interestExpense": -3851000, "incomeBeforeTax": -1022000, "incomeTaxExpense": 1047000, "minorityInterest": {}, "netIncomeFromContinuingOps": -2069000, "discontinuedOperations": {}, "extraordinaryItems": {}, "effectOfAccountingCharges": {}, "otherItems": {}, "netIncome": -2069000, "netIncomeApplicableToCommonShares": -2069000}, {"maxAge": 1, "endDate": "2019-12-31", "totalRevenue": 176840000, "costOfRevenue": 74511000, "grossProfit": 102329000, "researchDevelopment": {}, "sellingGeneralAdministrative": 33060000, "nonRecurring": {}, "otherOperatingExpenses": 20221000, "totalOperatingExpenses": 130634000, "operatingIncome": 46206000, "totalOtherIncomeExpenseNet": -14508000, "ebit": 46206000, "interestExpense": -14618000, "incomeBeforeTax": 31698000, "incomeTaxExpense": 7760000, "minorityInterest": {}, "netIncomeFromContinuingOps": 23938000, "discontinuedOperations": {}, "extraordinaryItems": {}, "effectOfAccountingCharges": {}, "otherItems": {}, "netIncome": 23938000, "netIncomeApplicableToCommonShares": 23938000}, {"maxAge": 1, "endDate": "2019-09-30", "totalRevenue": 178560000, "costOfRevenue": 79785000, "grossProfit": 98775000, "researchDevelopment": {}, "sellingGeneralAdministrative": 28392000, "nonRecurring": {}, "otherOperatingExpenses": 15238000, "totalOperatingExpenses": 126272000, "operatingIncome": 52288000, "totalOtherIncomeExpenseNet": -13729000, "ebit": 52288000, "interestExpense": -14702000, "incomeBeforeTax": 38559000, "incomeTaxExpense": 18376000, "minorityInterest": {}, "netIncomeFromContinuingOps": 20183000, "discontinuedOperations": {}, "extraordinaryItems": {}, "effectOfAccountingCharges": {}, "otherItems": {}, "netIncome": 20183000, "netIncomeApplicableToCommonShares": 20183000}], "maxAge": 86400}, "cashflowStatementHistoryQuarterly": {"cashflowStatements": [{"maxAge": 1, "endDate": "2020-06-30", "netIncome": -15874000, "changeToLiabilities": 0}, {"maxAge": 1, "endDate": "2020-03-31", "netIncome": -2069000, "changeToLiabilities": 0}, {"maxAge": 1, "endDate": "2019-12-31", "netIncome": 23938000, "changeToLiabilities": 0}, {"maxAge": 1, "endDate": "2019-09-30", "netIncome": 20183000, "changeToLiabilities": 0}], "maxAge": 86400}, "insiderHolders": {"holders": [{"maxAge": 1, "name": "Life Insurance Corporation of India", "relation": "Institution- Corporation", "url": "", "transactionDescription": "Sale", "latestTransDate": "2020-08-13", "positionDirect": 163110, "positionDirectDate": "2020-08-13"}], "maxAge": 1}, "calendarEvents": {"maxAge": 1, "earnings": {"earningsDate": ["2020-08-28 05:30:S"]}}, "price": {"maxAge": 1, "regularMarketChangePercent": 0.011319534, "regularMarketChange": 8.75, "regularMarketTime": "2021-04-30 15:21:39", "priceHint": 2, "regularMarketPrice": 781.75, "regularMarketDayHigh": 799.9, "regularMarketDayLow": 751.25, "regularMarketVolume": 1073, "averageDailyVolume10Day": 5245, "averageDailyVolume3Month": 3475, "regularMarketPreviousClose": 773.0, "regularMarketSource": "FREE_REALTIME", "regularMarketOpen": 751.25, "exchange": "BSE", "exchangeName": "BSE", "exchangeDataDelayedBy": 0, "marketState": "CLOSED", "quoteType": "EQUITY", "symbol": "HIGHENE.BO", "underlyingSymbol": null, "shortName": "HIGH ENERGY BATTERIES (INDIA)", "longName": "High Energy Batteries (India) Limited", "currency": "INR", "quoteSourceName": "Delayed Quote", "currencySymbol": "\u20b9", "fromCurrency": null, "toCurrency": null, "lastMarket": null, "marketCap": 1401497984}, "balanceSheetHistory": {"balanceSheetStatements": [{"maxAge": 1, "endDate": "2020-03-31", "cash": 282000, "netReceivables": 100453000, "inventory": 285164000, "otherCurrentAssets": 23331000, "totalCurrentAssets": 423826000, "longTermInvestments": 5871000, "propertyPlantEquipment": 310395000, "intangibleAssets": 1420000, "otherAssets": 6373000, "totalAssets": 747885000, "accountsPayable": 71900000, "shortLongTermDebt": 1806000, "otherCurrentLiab": 76905000, "longTermDebt": 103352000, "otherLiab": 23130000, "totalCurrentLiabilities": 383835000, "totalLiab": 510317000, "commonStock": 17928000, "retainedEarnings": 135726000, "treasuryStock": 5579000, "capitalSurplus": 78335000, "otherStockholderEquity": 5579000, "totalStockholderEquity": 237568000, "netTangibleAssets": 236148000}, {"maxAge": 1, "endDate": "2019-03-31", "cash": 6179000, "shortTermInvestments": 8570000, "netReceivables": 181481000, "inventory": 249292000, "otherCurrentAssets": 13728000, "totalCurrentAssets": 467601000, "longTermInvestments": 10129000, "propertyPlantEquipment": 317420000, "intangibleAssets": 1420000, "otherAssets": 33434000, "deferredLongTermAssetCharges": 27106000, "totalAssets": 830004000, "accountsPayable": 140793000, "shortLongTermDebt": 9579000, "otherCurrentLiab": 69796000, "longTermDebt": 94769000, "otherLiab": 20177000, "totalCurrentLiabilities": 528860000, "totalLiab": 643806000, "commonStock": 17928000, "retainedEarnings": 80098000, "treasuryStock": 9837000, "capitalSurplus": 78335000, "otherStockholderEquity": 9837000, "totalStockholderEquity": 186198000, "netTangibleAssets": 184778000}, {"maxAge": 1, "endDate": "2018-03-31", "cash": 27985000, "netReceivables": 148312000, "inventory": 258391000, "otherCurrentAssets": 29911000, "totalCurrentAssets": 464599000, "longTermInvestments": 9397000, "propertyPlantEquipment": 328167000, "otherAssets": 35037000, "deferredLongTermAssetCharges": 27888000, "totalAssets": 837200000, "accountsPayable": 143835000, "otherCurrentLiab": 17753000, "longTermDebt": 87515000, "otherLiab": 70757000, "totalCurrentLiabilities": 496389000, "totalLiab": 654661000, "commonStock": 17928000, "retainedEarnings": 77186000, "treasuryStock": 9090000, "capitalSurplus": 78335000, "otherStockholderEquity": 9090000, "totalStockholderEquity": 182539000, "netTangibleAssets": 182539000}, {"maxAge": 1, "endDate": "2017-03-31", "cash": 179000, "shortTermInvestments": 7553000, "netReceivables": 143693000, "inventory": 240662000, "otherCurrentAssets": 26456000, "totalCurrentAssets": 418543000, "longTermInvestments": 8612000, "propertyPlantEquipment": 338123000, "otherAssets": 39424000, "deferredLongTermAssetCharges": 38168000, "totalAssets": 804702000, "accountsPayable": 155445000, "otherCurrentLiab": 58153000, "longTermDebt": 72884000, "otherLiab": 68593000, "totalCurrentLiabilities": 514802000, "totalLiab": 656279000, "commonStock": 17928000, "retainedEarnings": 43856000, "treasuryStock": 8304000, "capitalSurplus": 78335000, "otherStockholderEquity": 8304000, "totalStockholderEquity": 148423000, "netTangibleAssets": 148423000}], "maxAge": 86400}, "financialData": {"maxAge": 86400, "currentPrice": 781.75, "recommendationKey": "none", "grossProfits": 354072000, "financialCurrency": "INR"}}}