{"HIKAL.NS": {"assetProfile": {"address1": "Great Eastern Chambers", "address2": "Sector 11 CBD-Belapur", "city": "Navi Mumbai", "zip": "400614", "country": "India", "phone": "91 22 3097 3100", "fax": "91 22 2757 4277", "website": "http://www.hikal.com", "industry": "Drug Manufacturers\u2014Specialty & Generic", "sector": "Healthcare", "longBusinessSummary": "Hikal Limited, together with its subsidiaries, manufactures and sells various chemical intermediates, specialty chemicals, and active pharma ingredients to pharmaceutical, food, animal healthcare, biotech, crop protection, and specialty chemicals and biocides companies. It operates in two segments, Pharmaceuticals and Crop Protection. The Pharmaceuticals segment produces active pharmaceutical ingredient (APIs). The Crop Protection segment manufactures pesticides and herbicides. The company collaborates with other companies and offer solutions in contract research, custom synthesis, and custom manufacturing of intermediates and APIs. It also provides specialty biocides and antimicrobial actives, as well as additives for leather, paint coatings, paper, water treatment, personal care, building materials, and textile industries. The company was founded in 1988 and is headquartered in Navi Mumbai, India.", "fullTimeEmployees": 1629, "companyOfficers": [{"maxAge": 1, "name": "Mr. Sameer  Hiremath", "age": 46, "title": "Joint MD, CEO & Whole Time Director", "yearBorn": 1974, "fiscalYear": 2020, "totalPay": 35000000, "exercisedValue": 0, "unexercisedValue": 0}, {"maxAge": 1, "name": "Mr. Kuldeep  Jain", "title": "Chief Fin. Officer", "exercisedValue": 0, "unexercisedValue": 0}, {"maxAge": 1, "name": "Mr. Rajasekhar  Reddy", "title": "Whole-Time Company Sec. & Compliance Officer", "exercisedValue": 0, "unexercisedValue": 0}, {"maxAge": 1, "name": "Mr. Kumaar  Priyaranjan", "title": "Pres of Human Capital & CSR", "exercisedValue": 0, "unexercisedValue": 0}, {"maxAge": 1, "name": "Mr. Anish Dilip Swadi", "title": "Pres of Strategy & Bus. Devel.", "exercisedValue": 0, "unexercisedValue": 0}, {"maxAge": 1, "name": "Mr. Manoj  Mehrotra", "age": 58, "title": "Pres of Pharmaceuticals Bus.", "yearBorn": 1962, "exercisedValue": 0, "unexercisedValue": 0}, {"maxAge": 1, "name": "Dr. T.  Devanathan", "title": "Head of IP & Quality, Pharmaceuticals", "exercisedValue": 0, "unexercisedValue": 0}, {"maxAge": 1, "name": "Mr. Kumar  Inamdar", "title": "Pres of Crop Protection Bus.", "exercisedValue": 0, "unexercisedValue": 0}], "compensationAsOfEpochDate": "2020-12-31 05:30:00", "maxAge": 86400}, "recommendationTrend": {"trend": [{"period": "0m", "strongBuy": 0, "buy": 0, "hold": 0, "sell": 0, "strongSell": 0}, {"period": "-1m", "strongBuy": 0, "buy": 1, "hold": 0, "sell": 0, "strongSell": 0}, {"period": "-2m", "strongBuy": 0, "buy": 1, "hold": 0, "sell": 0, "strongSell": 0}, {"period": "-3m", "strongBuy": 0, "buy": 1, "hold": 0, "sell": 0, "strongSell": 0}], "maxAge": 86400}, "cashflowStatementHistory": {"cashflowStatements": [{"maxAge": 1, "endDate": "2020-03-31", "netIncome": 844350000, "depreciation": 815880000, "changeToNetincome": 715450000, "changeToAccountReceivables": 139870000, "changeToLiabilities": 372590000, "changeToInventory": 505910000, "changeToOperatingActivities": -553490000, "totalCashFromOperatingActivities": 2849300000, "capitalExpenditures": -1580320000, "investments": -83190000, "otherCashflowsFromInvestingActivities": 25180000, "totalCashflowsFromInvestingActivities": -1637970000, "dividendsPaid": -197280000, "netBorrowings": -250150000, "otherCashflowsFromFinancingActivities": -561210000, "totalCashFromFinancingActivities": -1008640000, "changeInCash": 202690000}, {"maxAge": 1, "endDate": "2019-03-31", "netIncome": 1030750000, "depreciation": 920560000, "changeToNetincome": 793240000, "changeToAccountReceivables": -690760000, "changeToLiabilities": -30050000, "changeToInventory": -611780000, "changeToOperatingActivities": 435670000, "totalCashFromOperatingActivities": 1855860000, "capitalExpenditures": -1284270000, "investments": 10730000, "otherCashflowsFromInvestingActivities": 24560000, "totalCashflowsFromInvestingActivities": -1245920000, "dividendsPaid": -135630000, "netBorrowings": 193340000, "otherCashflowsFromFinancingActivities": -611730000, "totalCashFromFinancingActivities": -554020000, "changeInCash": 55920000}, {"maxAge": 1, "endDate": "2018-03-31", "netIncome": 772270000, "depreciation": 852840000, "changeToNetincome": 631530000, "changeToAccountReceivables": -295210000, "changeToLiabilities": 265910000, "changeToInventory": -394720000, "changeToOperatingActivities": -447570000, "totalCashFromOperatingActivities": 1388140000, "capitalExpenditures": -1059810000, "investments": -68610000, "otherCashflowsFromInvestingActivities": 27190000, "totalCashflowsFromInvestingActivities": -1101230000, "dividendsPaid": -106860000, "netBorrowings": 377260000, "otherCashflowsFromFinancingActivities": -518340000, "totalCashFromFinancingActivities": -247940000, "changeInCash": 38970000}, {"maxAge": 1, "endDate": "2017-03-31", "netIncome": 677160000, "depreciation": 689590000, "changeToNetincome": 505600000, "changeToAccountReceivables": -534680000, "changeToLiabilities": 40810000, "changeToInventory": 275320000, "changeToOperatingActivities": -20780000, "totalCashFromOperatingActivities": 1634840000, "capitalExpenditures": -1221050000, "investments": 7450000, "otherCashflowsFromInvestingActivities": 23380000, "totalCashflowsFromInvestingActivities": -1021680000, "dividendsPaid": -131530000, "netBorrowings": 56480000, "otherCashflowsFromFinancingActivities": -557750000, "totalCashFromFinancingActivities": -632800000, "changeInCash": -19640000}], "maxAge": 86400}, "indexTrend": {"maxAge": 1, "symbol": "SP5", "peRatio": 19.7411, "pegRatio": 1.34172, "estimates": [{"period": "0q", "growth": 0.549}, {"period": "+1q", "growth": 0.431}, {"period": "0y", "growth": 0.305}, {"period": "+1y", "growth": 0.109}, {"period": "+5y", "growth": 0.120865}, {"period": "-5y"}]}, "defaultKeyStatistics": {"maxAge": 1, "priceHint": 2, "enterpriseValue": 36718456832, "profitMargins": 0.0681, "floatShares": 34537328, "sharesOutstanding": 123301000, "heldPercentInsiders": 0.68969, "heldPercentInstitutions": 0.055, "beta": 1.096847, "category": null, "bookValue": 69.245, "priceToBook": 3.829157, "fundFamily": null, "legalType": null, "lastFiscalYearEnd": "2020-03-31 05:30:00", "nextFiscalYearEnd": "2022-03-31 05:30:00", "mostRecentQuarter": "2020-12-31 05:30:00", "earningsQuarterlyGrowth": 0.42, "netIncomeToCommon": 1067049984, "trailingEps": 8.659, "forwardEps": 9.38, "lastSplitFactor": "3:2", "lastSplitDate": "2018-06-22 05:30:00", "enterpriseToRevenue": 2.343, "enterpriseToEbitda": 13.535}, "industryTrend": {"maxAge": 1, "symbol": null, "estimates": []}, "quoteType": {"exchange": "NSI", "quoteType": "EQUITY", "symbol": "HIKAL.NS", "underlyingSymbol": "HIKAL.NS", "shortName": "HIKAL LTD", "longName": "Hikal Limited", "firstTradeDateEpochUtc": "2002-07-01 09:15:00", "timeZoneFullName": "Asia/Kolkata", "timeZoneShortName": "IST", "uuid": "a6b97abd-3948-3971-a8ec-65a13b08059c", "gmtOffSetMilliseconds": 19800000, "maxAge": 1}, "incomeStatementHistory": {"incomeStatementHistory": [{"maxAge": 1, "endDate": "2020-03-31", "totalRevenue": 15072630000, "costOfRevenue": 8217330000, "grossProfit": 6855300000, "researchDevelopment": {}, "sellingGeneralAdministrative": 1603720000, "nonRecurring": {}, "otherOperatingExpenses": 2518670000, "totalOperatingExpenses": 13164340000, "operatingIncome": 1908290000, "totalOtherIncomeExpenseNet": -642510000, "ebit": 1908290000, "interestExpense": -492470000, "incomeBeforeTax": 1265780000, "incomeTaxExpense": 421430000, "minorityInterest": {}, "netIncomeFromContinuingOps": 844350000, "discontinuedOperations": {}, "extraordinaryItems": {}, "effectOfAccountingCharges": {}, "otherItems": {}, "netIncome": 844350000, "netIncomeApplicableToCommonShares": 844350000}, {"maxAge": 1, "endDate": "2019-03-31", "totalRevenue": 15896090000, "costOfRevenue": 8955640000, "grossProfit": 6940450000, "researchDevelopment": {}, "sellingGeneralAdministrative": 1388370000, "nonRecurring": {}, "otherOperatingExpenses": 2519880000, "totalOperatingExpenses": 13792680000, "operatingIncome": 2103410000, "totalOtherIncomeExpenseNet": -612580000, "ebit": 2103410000, "interestExpense": -548690000, "incomeBeforeTax": 1490830000, "incomeTaxExpense": 460080000, "minorityInterest": {}, "netIncomeFromContinuingOps": 1030750000, "discontinuedOperations": {}, "extraordinaryItems": {}, "effectOfAccountingCharges": {}, "otherItems": {}, "netIncome": 1030750000, "netIncomeApplicableToCommonShares": 1030750000}, {"maxAge": 1, "endDate": "2018-03-31", "totalRevenue": 12960920000, "costOfRevenue": 7281810000, "grossProfit": 5679110000, "researchDevelopment": {}, "sellingGeneralAdministrative": 1300360000, "nonRecurring": {}, "otherOperatingExpenses": 1914950000, "totalOperatingExpenses": 11353050000, "operatingIncome": 1607870000, "totalOtherIncomeExpenseNet": -492930000, "ebit": 1607870000, "interestExpense": -463330000, "incomeBeforeTax": 1114940000, "incomeTaxExpense": 342670000, "minorityInterest": {}, "netIncomeFromContinuingOps": 772270000, "discontinuedOperations": {}, "extraordinaryItems": {}, "effectOfAccountingCharges": {}, "otherItems": {}, "netIncome": 772270000, "netIncomeApplicableToCommonShares": 772270000}, {"maxAge": 1, "endDate": "2017-03-31", "totalRevenue": 10139360000, "costOfRevenue": 5295130000, "grossProfit": 4844230000, "researchDevelopment": {}, "sellingGeneralAdministrative": 1188970000, "nonRecurring": {}, "otherOperatingExpenses": 1639110000, "totalOperatingExpenses": 8814620000, "operatingIncome": 1324740000, "totalOtherIncomeExpenseNet": -522090000, "ebit": 1324740000, "interestExpense": -479210000, "incomeBeforeTax": 802650000, "incomeTaxExpense": 125490000, "minorityInterest": {}, "netIncomeFromContinuingOps": 677160000, "discontinuedOperations": {}, "extraordinaryItems": {}, "effectOfAccountingCharges": {}, "otherItems": {}, "netIncome": 677160000, "netIncomeApplicableToCommonShares": 677160000}], "maxAge": 86400}, "fundOwnership": {"ownershipList": [{"maxAge": 1, "reportDate": "2021-01-31", "organization": "DFA Emerging Markets Core Equity Portfolio", "pctHeld": 0.0029, "position": 360924, "value": 61483403}, {"maxAge": 1, "reportDate": "2021-01-31", "organization": "DFA Investment Dimensions-DFA Emerging Mkts Value", "pctHeld": 0.0025, "position": 308027, "value": 52472399}, {"maxAge": 1, "reportDate": "2021-01-31", "organization": "DFA Emerging Markets Small Cap Series", "pctHeld": 0.0019, "position": 239735, "value": 40838857}, {"maxAge": 1, "reportDate": "2021-01-31", "organization": "DFA Investment Dimensions-World Ex U.S. Core Equity Port", "pctHeld": 0.0002, "position": 22547, "value": 3840881}, {"maxAge": 1, "reportDate": "2021-01-31", "organization": "DFA T.A. World Ex U.S. Core Equity Portfolio", "pctHeld": 0.0002, "position": 21706, "value": 3697617}, {"maxAge": 1, "reportDate": "2021-01-31", "organization": "DFA Investment Dimensions-Emerging Markets Social Core Equity", "pctHeld": 0.0002, "position": 20117, "value": 3426930}, {"maxAge": 1, "reportDate": "2021-03-31", "organization": "Avantis Emerging Markets Equity Fund", "pctHeld": 0.0001, "position": 9706, "value": 1393296}, {"maxAge": 1, "reportDate": "2021-02-28", "organization": "Avantis Emerging Markets Equity ETF", "pctHeld": 0.0001, "position": 9706, "value": 1543739}, {"maxAge": 1, "reportDate": "2021-01-31", "organization": "DFA Investment Dimensions-DFA World Ex U.S. Targeted Value Port", "pctHeld": 0.0001, "position": 9005, "value": 1534001}], "maxAge": 1}, "summaryDetail": {"maxAge": 1, "priceHint": 2, "previousClose": 256.65, "open": 253.0, "dayLow": 252.1, "dayHigh": 272.0, "regularMarketPreviousClose": 256.65, "regularMarketOpen": 253.0, "regularMarketDayLow": 252.1, "regularMarketDayHigh": 272.0, "dividendRate": 1.2, "dividendYield": 0.0047, "exDividendDate": "2021-02-15 05:30:00", "payoutRatio": 0.13859999, "fiveYearAvgDividendYield": 0.72, "beta": 1.096847, "trailingPE": 30.621317, "forwardPE": 28.26759, "volume": 1455347, "regularMarketVolume": 1455347, "averageVolume": 535260, "averageVolume10days": 1124662, "averageDailyVolume10Day": 1124662, "bid": 0.0, "ask": 0.0, "bidSize": 0, "askSize": 0, "marketCap": 32642351104, "fiftyTwoWeekLow": 77.5, "fiftyTwoWeekHigh": 272.0, "priceToSalesTrailing12Months": 2.083147, "fiftyDayAverage": 156.31029, "twoHundredDayAverage": 169.111, "trailingAnnualDividendRate": 1.2, "trailingAnnualDividendYield": 0.0046756286, "currency": "INR", "fromCurrency": null, "lastMarket": null, "algorithm": null, "tradeable": false}, "insiderHolders": {"holders": [{"maxAge": 1, "name": "Gayatri Trust", "relation": "Promoter", "url": "", "transactionDescription": "Sale", "latestTransDate": "2014-05-21", "positionDirect": 0, "positionDirectDate": "2014-05-21"}, {"maxAge": 1, "name": "Hiremath (Sameer)", "relation": "Director", "url": "", "transactionDescription": "Acquisition", "latestTransDate": "2011-03-21", "positionDirect": 50800, "positionDirectDate": "2011-03-21"}, {"maxAge": 1, "name": "Hiremath (Sugandha)", "relation": "Director (Non-Executive)", "url": "", "transactionDescription": "Sale", "latestTransDate": "2013-02-25", "positionDirect": 1289000, "positionDirectDate": "2013-02-25"}, {"maxAge": 1, "name": "Ishaan Trust", "relation": "Promoter", "url": "", "transactionDescription": "Sale", "latestTransDate": "2014-05-21", "positionDirect": 0, "positionDirectDate": "2014-05-21"}], "maxAge": 1}, "calendarEvents": {"maxAge": 1, "earnings": {"earningsDate": []}, "exDividendDate": "2021-02-15 05:30:00"}, "upgradeDowngradeHistory": {"history": [], "maxAge": 86400}, "price": {"maxAge": 1, "regularMarketChangePercent": 0.033119034, "regularMarketChange": 8.5, "regularMarketTime": "2021-04-30 15:30:01", "priceHint": 2, "regularMarketPrice": 265.15, "regularMarketDayHigh": 272.0, "regularMarketDayLow": 252.1, "regularMarketVolume": 1455347, "averageDailyVolume10Day": 1124662, "averageDailyVolume3Month": 535260, "regularMarketPreviousClose": 256.65, "regularMarketSource": "FREE_REALTIME", "regularMarketOpen": 253.0, "exchange": "NSI", "exchangeName": "NSE", "exchangeDataDelayedBy": 15, "marketState": "CLOSED", "quoteType": "EQUITY", "symbol": "HIKAL.NS", "underlyingSymbol": null, "shortName": "HIKAL LTD", "longName": "Hikal Limited", "currency": "INR", "quoteSourceName": "Delayed Quote", "currencySymbol": "\u20b9", "fromCurrency": null, "lastMarket": null, "marketCap": 32642351104}, "balanceSheetHistory": {"balanceSheetStatements": [{"maxAge": 1, "endDate": "2020-03-31", "cash": 316830000, "shortTermInvestments": 316740000, "netReceivables": 3436470000, "inventory": 3124640000, "otherCurrentAssets": 476530000, "totalCurrentAssets": 7747630000, "longTermInvestments": 6800000, "propertyPlantEquipment": 8851840000, "intangibleAssets": 108530000, "otherAssets": 965030000, "totalAssets": 17679830000, "accountsPayable": 2011610000, "shortLongTermDebt": 837780000, "otherCurrentLiab": 299700000, "longTermDebt": 3033990000, "otherLiab": 508470000, "totalCurrentLiabilities": 5963210000, "totalLiab": 9514810000, "commonStock": 246600000, "retainedEarnings": 7024150000, "treasuryStock": 513040000, "capitalSurplus": 381230000, "otherStockholderEquity": 513040000, "totalStockholderEquity": 8165020000, "netTangibleAssets": 8056490000}, {"maxAge": 1, "endDate": "2019-03-31", "cash": 114140000, "shortTermInvestments": 201040000, "netReceivables": 3548030000, "inventory": 3642310000, "otherCurrentAssets": 756350000, "totalCurrentAssets": 8300230000, "longTermInvestments": 10240000, "propertyPlantEquipment": 7834000000, "intangibleAssets": 82490000, "otherAssets": 628020000, "totalAssets": 16854980000, "accountsPayable": 1600070000, "shortLongTermDebt": 611940000, "otherCurrentLiab": 547530000, "longTermDebt": 2978370000, "otherLiab": 288790000, "totalCurrentLiabilities": 6025710000, "totalLiab": 9292870000, "commonStock": 246600000, "retainedEarnings": 6419000000, "treasuryStock": 515280000, "capitalSurplus": 381230000, "otherStockholderEquity": 515280000, "totalStockholderEquity": 7562110000, "netTangibleAssets": 7479620000}, {"maxAge": 1, "endDate": "2018-03-31", "cash": 58220000, "shortTermInvestments": 211650000, "netReceivables": 2982490000, "inventory": 3030530000, "otherCurrentAssets": 576870000, "totalCurrentAssets": 6899560000, "longTermInvestments": 26010000, "propertyPlantEquipment": 7456360000, "intangibleAssets": 58370000, "otherAssets": 976780000, "deferredLongTermAssetCharges": 4590000, "totalAssets": 15417080000, "accountsPayable": 1645460000, "shortLongTermDebt": 612990000, "otherCurrentLiab": 340400000, "longTermDebt": 2966310000, "otherLiab": 156470000, "totalCurrentLiabilities": 5600450000, "totalLiab": 8723230000, "commonStock": 164400000, "retainedEarnings": 5550260000, "treasuryStock": 515760000, "capitalSurplus": 463430000, "otherStockholderEquity": 515760000, "totalStockholderEquity": 6693850000, "netTangibleAssets": 6635480000}, {"maxAge": 1, "endDate": "2017-03-31", "cash": 19250000, "shortTermInvestments": 143070000, "netReceivables": 2640680000, "inventory": 2635810000, "otherCurrentAssets": 292180000, "totalCurrentAssets": 5765410000, "longTermInvestments": 36160000, "propertyPlantEquipment": 7295490000, "intangibleAssets": 15360000, "otherAssets": 682230000, "deferredLongTermAssetCharges": 102190000, "totalAssets": 13794650000, "accountsPayable": 1304310000, "shortLongTermDebt": 474590000, "otherCurrentLiab": 170960000, "longTermDebt": 3201520000, "otherLiab": 142970000, "totalCurrentLiabilities": 4400350000, "totalLiab": 7744840000, "commonStock": 164400000, "retainedEarnings": 4906220000, "treasuryStock": 515760000, "capitalSurplus": 463430000, "otherStockholderEquity": 515760000, "totalStockholderEquity": 6049810000, "netTangibleAssets": 6034450000}], "maxAge": 86400}, "earningsTrend": {"trend": [{"maxAge": 1, "period": "0q", "endDate": null, "growth": {}, "earningsEstimate": {"avg": 0.0, "low": 0.0, "high": 0.0, "yearAgoEps": {}, "numberOfAnalysts": 0, "growth": {}}, "revenueEstimate": {"avg": 0, "low": 0, "high": 0, "numberOfAnalysts": 0, "yearAgoRevenue": {}, "growth": {}}, "epsTrend": {"current": 0.0, "7daysAgo": 0.0, "30daysAgo": 0.0, "60daysAgo": 0.0, "90daysAgo": 0.0}, "epsRevisions": {"upLast7days": 0, "upLast30days": 0, "downLast30days": 0, "downLast90days": {}}}, {"maxAge": 1, "period": "+1q", "endDate": null, "growth": {}, "earningsEstimate": {"avg": 0.0, "low": 0.0, "high": 0.0, "yearAgoEps": {}, "numberOfAnalysts": 0, "growth": {}}, "revenueEstimate": {"avg": 0, "low": 0, "high": 0, "numberOfAnalysts": 0, "yearAgoRevenue": {}, "growth": {}}, "epsTrend": {"current": 0.0, "7daysAgo": 0.0, "30daysAgo": 0.0, "60daysAgo": 0.0, "90daysAgo": 0.0}, "epsRevisions": {"upLast7days": 0, "upLast30days": 0, "downLast30days": 0, "downLast90days": {}}}, {"maxAge": 1, "period": "0y", "endDate": null, "growth": {}, "earningsEstimate": {"avg": 0.0, "low": 0.0, "high": 0.0, "yearAgoEps": {}, "numberOfAnalysts": 0, "growth": {}}, "revenueEstimate": {"avg": 0, "low": 0, "high": 0, "numberOfAnalysts": 0, "yearAgoRevenue": {}, "growth": {}}, "epsTrend": {"current": 0.0, "7daysAgo": 0.0, "30daysAgo": 0.0, "60daysAgo": 0.0, "90daysAgo": 0.0}, "epsRevisions": {"upLast7days": 0, "upLast30days": 0, "downLast30days": 0, "downLast90days": {}}}, {"maxAge": 1, "period": "+1y", "endDate": null, "growth": {}, "earningsEstimate": {"avg": 0.0, "low": 0.0, "high": 0.0, "yearAgoEps": {}, "numberOfAnalysts": 0, "growth": {}}, "revenueEstimate": {"avg": 0, "low": 0, "high": 0, "numberOfAnalysts": 0, "yearAgoRevenue": {}, "growth": {}}, "epsTrend": {"current": 0.0, "7daysAgo": 0.0, "30daysAgo": 0.0, "60daysAgo": 0.0, "90daysAgo": 0.0}, "epsRevisions": {"upLast7days": 0, "upLast30days": 0, "downLast30days": 0, "downLast90days": {}}}, {"maxAge": 1, "period": "+5y", "endDate": null, "growth": {}, "earningsEstimate": {"avg": {}, "low": {}, "high": {}, "yearAgoEps": {}, "numberOfAnalysts": {}, "growth": {}}, "revenueEstimate": {"avg": {}, "low": {}, "high": {}, "numberOfAnalysts": {}, "yearAgoRevenue": {}, "growth": {}}, "epsTrend": {"current": {}, "7daysAgo": {}, "30daysAgo": {}, "60daysAgo": {}, "90daysAgo": {}}, "epsRevisions": {"upLast7days": {}, "upLast30days": {}, "downLast30days": {}, "downLast90days": {}}}, {"maxAge": 1, "period": "-5y", "endDate": null, "growth": 0.08344, "earningsEstimate": {"avg": {}, "low": {}, "high": {}, "yearAgoEps": {}, "numberOfAnalysts": {}, "growth": {}}, "revenueEstimate": {"avg": {}, "low": {}, "high": {}, "numberOfAnalysts": {}, "yearAgoRevenue": {}, "growth": {}}, "epsTrend": {"current": {}, "7daysAgo": {}, "30daysAgo": {}, "60daysAgo": {}, "90daysAgo": {}}, "epsRevisions": {"upLast7days": {}, "upLast30days": {}, "downLast30days": {}, "downLast90days": {}}}], "maxAge": 1}, "institutionOwnership": {"ownershipList": [], "maxAge": 1}, "majorHoldersBreakdown": {"maxAge": 1, "insidersPercentHeld": 0.68969, "institutionsPercentHeld": 0.055, "institutionsFloatPercentHeld": 0.17723, "institutionsCount": 8}, "balanceSheetHistoryQuarterly": {"balanceSheetStatements": [{"maxAge": 1, "endDate": "2020-12-31", "totalStockholderEquity": 8560300000, "netTangibleAssets": 8454300000}, {"maxAge": 1, "endDate": "2020-09-30", "cash": 371800000, "netReceivables": 3856400000, "inventory": 3345000000, "otherCurrentAssets": 1002800000, "totalCurrentAssets": 8576000000, "longTermInvestments": 6700000, "propertyPlantEquipment": 8864900000, "intangibleAssets": 106000000, "otherAssets": 542300000, "totalAssets": 18095900000, "accountsPayable": 2049200000, "otherCurrentLiab": 1336300000, "longTermDebt": 3115300000, "otherLiab": 635700000, "totalCurrentLiabilities": 5777200000, "totalLiab": 9535600000, "commonStock": 246600000, "treasuryStock": 8313700000, "otherStockholderEquity": 8313700000, "totalStockholderEquity": 8560300000, "netTangibleAssets": 8454300000}, {"maxAge": 1, "endDate": "2020-06-30", "totalStockholderEquity": 8165000000, "netTangibleAssets": 8056500000}, {"maxAge": 1, "endDate": "2020-03-31", "cash": 316830000, "shortTermInvestments": 316740000, "netReceivables": 3436470000, "inventory": 3124640000, "otherCurrentAssets": 476530000, "totalCurrentAssets": 7747630000, "longTermInvestments": 6800000, "propertyPlantEquipment": 8851840000, "intangibleAssets": 108530000, "otherAssets": 965030000, "totalAssets": 17679830000, "accountsPayable": 2011610000, "shortLongTermDebt": 837780000, "otherCurrentLiab": 299700000, "longTermDebt": 3033990000, "otherLiab": 508470000, "totalCurrentLiabilities": 5963210000, "totalLiab": 9514810000, "commonStock": 246600000, "retainedEarnings": 7024150000, "treasuryStock": 513040000, "capitalSurplus": 381230000, "otherStockholderEquity": 513040000, "totalStockholderEquity": 8165020000, "netTangibleAssets": 8056490000}], "maxAge": 86400}, "earningsHistory": {"history": [{"maxAge": 1, "epsActual": {}, "epsEstimate": {}, "epsDifference": {}, "surprisePercent": {}, "quarter": {}, "period": "-4q"}, {"maxAge": 1, "epsActual": {}, "epsEstimate": {}, "epsDifference": {}, "surprisePercent": {}, "quarter": {}, "period": "-3q"}, {"maxAge": 1, "epsActual": {}, "epsEstimate": {}, "epsDifference": {}, "surprisePercent": {}, "quarter": {}, "period": "-2q"}, {"maxAge": 1, "epsActual": {}, "epsEstimate": {}, "epsDifference": {}, "surprisePercent": {}, "quarter": {}, "period": "-1q"}], "maxAge": 86400}, "summaryProfile": {"address1": "Great Eastern Chambers", "address2": "Sector 11 CBD-Belapur", "city": "Navi Mumbai", "zip": "400614", "country": "India", "phone": "91 22 3097 3100", "fax": "91 22 2757 4277", "website": "http://www.hikal.com", "industry": "Drug Manufacturers\u2014Specialty & Generic", "sector": "Healthcare", "longBusinessSummary": "Hikal Limited, together with its subsidiaries, manufactures and sells various chemical intermediates, specialty chemicals, and active pharma ingredients to pharmaceutical, food, animal healthcare, biotech, crop protection, and specialty chemicals and biocides companies. It operates in two segments, Pharmaceuticals and Crop Protection. The Pharmaceuticals segment produces active pharmaceutical ingredient (APIs). The Crop Protection segment manufactures pesticides and herbicides. The company collaborates with other companies and offer solutions in contract research, custom synthesis, and custom manufacturing of intermediates and APIs. It also provides specialty biocides and antimicrobial actives, as well as additives for leather, paint coatings, paper, water treatment, personal care, building materials, and textile industries. The company was founded in 1988 and is headquartered in Navi Mumbai, India.", "fullTimeEmployees": 1629, "companyOfficers": [], "maxAge": 86400}, "netSharePurchaseActivity": {"maxAge": 1, "period": "6m", "buyInfoCount": 0, "buyInfoShares": 0, "sellInfoCount": 0, "netInfoCount": 0, "netInfoShares": 0, "netPercentInsiderShares": 0.0, "totalInsiderShares": 84956312}, "insiderTransactions": {"transactions": [{"maxAge": 1, "shares": 5000, "filerUrl": "", "transactionText": "", "filerName": "Gayatri Trust", "filerRelation": "Promoter", "moneyText": "", "startDate": "2014-05-21", "ownership": "D"}, {"maxAge": 1, "shares": 5000, "filerUrl": "", "transactionText": "", "filerName": "Ishaan Trust", "filerRelation": "Promoter", "moneyText": "", "startDate": "2014-05-21", "ownership": "D"}, {"maxAge": 1, "shares": 20000, "filerUrl": "", "transactionText": "", "filerName": "Hiremath (Sugandha)", "filerRelation": "Director (Non-Executive)", "moneyText": "", "startDate": "2013-02-25", "ownership": "D"}, {"maxAge": 1, "shares": 11963, "filerUrl": "", "transactionText": "", "filerName": "Hiremath (Sugandha)", "filerRelation": "Director (Non-Executive)", "moneyText": "", "startDate": "2012-02-23", "ownership": "D"}, {"maxAge": 1, "shares": 12900, "filerUrl": "", "transactionText": "", "filerName": "Hiremath (Sameer)", "filerRelation": "Director", "moneyText": "", "startDate": "2011-03-21", "ownership": "D"}, {"maxAge": 1, "shares": 0, "filerUrl": "", "transactionText": "", "filerName": "Hiremath (Sameer)", "filerRelation": "Director", "moneyText": "", "startDate": "2011-03-21", "ownership": "I"}, {"maxAge": 1, "shares": 20000, "filerUrl": "", "transactionText": "", "filerName": "Hiremath (Sugandha)", "filerRelation": "Director (Non-Executive)", "moneyText": "", "startDate": "2009-09-30", "ownership": "D"}], "maxAge": 1}, "sectorTrend": {"maxAge": 1, "symbol": null, "estimates": []}, "incomeStatementHistoryQuarterly": {"incomeStatementHistory": [{"maxAge": 1, "endDate": "2020-12-31", "totalRevenue": 4632900000, "costOfRevenue": 2467500000, "grossProfit": 2165400000, "researchDevelopment": {}, "sellingGeneralAdministrative": 411000000, "nonRecurring": {}, "otherOperatingExpenses": 841200000, "totalOperatingExpenses": 3937800000, "operatingIncome": 695100000, "totalOtherIncomeExpenseNet": -75300000, "ebit": 695100000, "interestExpense": -80500000, "incomeBeforeTax": 619800000, "incomeTaxExpense": 217000000, "minorityInterest": {}, "netIncomeFromContinuingOps": 402800000, "discontinuedOperations": {}, "extraordinaryItems": {}, "effectOfAccountingCharges": {}, "otherItems": {}, "netIncome": 402800000, "netIncomeApplicableToCommonShares": 402800000}, {"maxAge": 1, "endDate": "2020-09-30", "totalRevenue": 3719200000, "costOfRevenue": 1885600000, "grossProfit": 1833600000, "researchDevelopment": {}, "sellingGeneralAdministrative": 389600000, "nonRecurring": {}, "otherOperatingExpenses": 746300000, "totalOperatingExpenses": 3233200000, "operatingIncome": 486000000, "totalOtherIncomeExpenseNet": -75500000, "ebit": 486000000, "interestExpense": -85000000, "incomeBeforeTax": 410500000, "incomeTaxExpense": 141000000, "minorityInterest": {}, "netIncomeFromContinuingOps": 269500000, "discontinuedOperations": {}, "extraordinaryItems": {}, "effectOfAccountingCharges": {}, "otherItems": {}, "netIncome": 269500000, "netIncomeApplicableToCommonShares": 269500000}, {"maxAge": 1, "endDate": "2020-06-30", "totalRevenue": 3527700000, "costOfRevenue": 1933300000, "grossProfit": 1594400000, "researchDevelopment": {}, "sellingGeneralAdministrative": 419800000, "nonRecurring": {}, "otherOperatingExpenses": 649200000, "totalOperatingExpenses": 3209400000, "operatingIncome": 318300000, "totalOtherIncomeExpenseNet": -90400000, "ebit": 318300000, "interestExpense": -96200000, "incomeBeforeTax": 227900000, "incomeTaxExpense": 77900000, "minorityInterest": {}, "netIncomeFromContinuingOps": 150000000, "discontinuedOperations": {}, "extraordinaryItems": {}, "effectOfAccountingCharges": {}, "otherItems": {}, "netIncome": 150000000, "netIncomeApplicableToCommonShares": 150000000}, {"maxAge": 1, "endDate": "2020-03-31", "totalRevenue": 3789930000, "costOfRevenue": 2396330000, "grossProfit": 1393600000, "researchDevelopment": {}, "sellingGeneralAdministrative": 325720000, "nonRecurring": {}, "otherOperatingExpenses": 360170000, "totalOperatingExpenses": 3291640000, "operatingIncome": 498290000, "totalOtherIncomeExpenseNet": -121010000, "ebit": 498290000, "interestExpense": -119470000, "incomeBeforeTax": 377280000, "incomeTaxExpense": 132530000, "minorityInterest": {}, "netIncomeFromContinuingOps": 244750000, "discontinuedOperations": {}, "extraordinaryItems": {}, "effectOfAccountingCharges": {}, "otherItems": {}, "netIncome": 244750000, "netIncomeApplicableToCommonShares": 244750000}], "maxAge": 86400}, "cashflowStatementHistoryQuarterly": {"cashflowStatements": [{"maxAge": 1, "endDate": "2020-12-31", "netIncome": 402800000, "changeToLiabilities": 0}, {"maxAge": 1, "endDate": "2020-09-30", "netIncome": 269500000, "changeToLiabilities": 0}, {"maxAge": 1, "endDate": "2020-06-30", "netIncome": 150000000, "changeToLiabilities": 0}, {"maxAge": 1, "endDate": "2020-03-31", "netIncome": 244750000, "changeToLiabilities": 0}], "maxAge": 86400}, "earnings": {"maxAge": 86400, "earningsChart": {"quarterly": [], "earningsDate": []}, "financialsChart": {"yearly": [{"date": 2017, "revenue": 10139360000, "earnings": 677160000}, {"date": 2018, "revenue": 12960920000, "earnings": 772270000}, {"date": 2019, "revenue": 15896090000, "earnings": 1030750000}, {"date": 2020, "revenue": 15072630000, "earnings": 844350000}], "quarterly": [{"date": "1Q2020", "revenue": 3789930000, "earnings": 244750000}, {"date": "2Q2020", "revenue": 3527700000, "earnings": 150000000}, {"date": "3Q2020", "revenue": 3719200000, "earnings": 269500000}, {"date": "4Q2020", "revenue": 4632900000, "earnings": 402800000}]}, "financialCurrency": "INR"}, "financialData": {"maxAge": 86400, "currentPrice": 265.15, "targetHighPrice": 131.0, "targetLowPrice": 131.0, "targetMeanPrice": 131.0, "targetMedianPrice": 131.0, "recommendationMean": 2.0, "recommendationKey": "buy", "numberOfAnalystOpinions": 1, "totalCash": 371800000, "totalCashPerShare": 3.018, "ebitda": 2712852480, "totalDebt": 5475999744, "totalRevenue": 15669730304, "debtToEquity": 63.97, "revenuePerShare": 127.156, "grossProfits": 6855300000, "earningsGrowth": 0.422, "revenueGrowth": 0.147, "grossMargins": 0.44589, "ebitdaMargins": 0.17312999, "operatingMargins": 0.12749, "profitMargins": 0.0681, "financialCurrency": "INR"}}}