{"HIKAL.BO": {"recommendationTrend": {"trend": [{"period": "0m", "strongBuy": 0, "buy": 0, "hold": 0, "sell": 0, "strongSell": 0}, {"period": "-1m", "strongBuy": 0, "buy": 0, "hold": 0, "sell": 0, "strongSell": 0}, {"period": "-2m", "strongBuy": 0, "buy": 0, "hold": 0, "sell": 0, "strongSell": 0}, {"period": "-3m", "strongBuy": 0, "buy": 0, "hold": 0, "sell": 0, "strongSell": 0}], "maxAge": 86400}, "cashflowStatementHistory": {"cashflowStatements": [{"maxAge": 1, "endDate": "2020-03-31", "netIncome": 844350000, "depreciation": 815880000, "changeToNetincome": 715450000, "changeToAccountReceivables": 139870000, "changeToLiabilities": 372590000, "changeToInventory": 505910000, "changeToOperatingActivities": -553490000, "totalCashFromOperatingActivities": 2849300000, "capitalExpenditures": -1580320000, "investments": -83190000, "otherCashflowsFromInvestingActivities": 25180000, "totalCashflowsFromInvestingActivities": -1637970000, "dividendsPaid": -197280000, "netBorrowings": -250150000, "otherCashflowsFromFinancingActivities": -561210000, "totalCashFromFinancingActivities": -1008640000, "changeInCash": 202690000}, {"maxAge": 1, "endDate": "2019-03-31", "netIncome": 1030750000, "depreciation": 920560000, "changeToNetincome": 793240000, "changeToAccountReceivables": -690760000, "changeToLiabilities": -30050000, "changeToInventory": -611780000, "changeToOperatingActivities": 435670000, "totalCashFromOperatingActivities": 1855860000, "capitalExpenditures": -1284270000, "investments": 10730000, "otherCashflowsFromInvestingActivities": 24560000, "totalCashflowsFromInvestingActivities": -1245920000, "dividendsPaid": -135630000, "netBorrowings": 193340000, "otherCashflowsFromFinancingActivities": -611730000, "totalCashFromFinancingActivities": -554020000, "changeInCash": 55920000}, {"maxAge": 1, "endDate": "2018-03-31", "netIncome": 772270000, "depreciation": 852840000, "changeToNetincome": 631530000, "changeToAccountReceivables": -295210000, "changeToLiabilities": 265910000, "changeToInventory": -394720000, "changeToOperatingActivities": -447570000, "totalCashFromOperatingActivities": 1388140000, "capitalExpenditures": -1059810000, "investments": -68610000, "otherCashflowsFromInvestingActivities": 27190000, "totalCashflowsFromInvestingActivities": -1101230000, "dividendsPaid": -106860000, "netBorrowings": 377260000, "otherCashflowsFromFinancingActivities": -518340000, "totalCashFromFinancingActivities": -247940000, "changeInCash": 38970000}, {"maxAge": 1, "endDate": "2017-03-31", "netIncome": 677160000, "depreciation": 689590000, "changeToNetincome": 505600000, "changeToAccountReceivables": -534680000, "changeToLiabilities": 40810000, "changeToInventory": 275320000, "changeToOperatingActivities": -20780000, "totalCashFromOperatingActivities": 1634840000, "capitalExpenditures": -1221050000, "investments": 7450000, "otherCashflowsFromInvestingActivities": 23380000, "totalCashflowsFromInvestingActivities": -1021680000, "dividendsPaid": -131530000, "netBorrowings": 56480000, "otherCashflowsFromFinancingActivities": -557750000, "totalCashFromFinancingActivities": -632800000, "changeInCash": -19640000}], "maxAge": 86400}, "institutionOwnership": {"ownershipList": [], "maxAge": 1}, "balanceSheetHistoryQuarterly": {"balanceSheetStatements": [{"maxAge": 1, "endDate": "2020-06-30", "totalStockholderEquity": 8165000000, "netTangibleAssets": 8056500000}, {"maxAge": 1, "endDate": "2020-03-31", "cash": 316830000, "shortTermInvestments": 316740000, "netReceivables": 3436470000, "inventory": 3124640000, "otherCurrentAssets": 476530000, "totalCurrentAssets": 7747630000, "longTermInvestments": 6800000, "propertyPlantEquipment": 8851840000, "intangibleAssets": 108530000, "otherAssets": 965030000, "totalAssets": 17679830000, "accountsPayable": 2011610000, "shortLongTermDebt": 837780000, "otherCurrentLiab": 299700000, "longTermDebt": 3033990000, "otherLiab": 508470000, "totalCurrentLiabilities": 5963210000, "totalLiab": 9514810000, "commonStock": 246600000, "retainedEarnings": 7024150000, "treasuryStock": 513040000, "capitalSurplus": 381230000, "otherStockholderEquity": 513040000, "totalStockholderEquity": 8165020000, "netTangibleAssets": 8056490000}, {"maxAge": 1, "endDate": "2019-12-31", "totalStockholderEquity": 7787100000, "netTangibleAssets": 7685000000}, {"maxAge": 1, "endDate": "2019-09-30", "cash": 357300000, "shortTermInvestments": 6400000, "netReceivables": 2748700000, "inventory": 3657100000, "otherCurrentAssets": 631700000, "totalCurrentAssets": 7401200000, "longTermInvestments": 9300000, "propertyPlantEquipment": 8389100000, "intangibleAssets": 102100000, "otherAssets": 866300000, "totalAssets": 16768000000, "accountsPayable": 1368400000, "otherCurrentLiab": 1124500000, "longTermDebt": 3023700000, "otherLiab": 361800000, "totalCurrentLiabilities": 5584600000, "totalLiab": 8980900000, "commonStock": 246600000, "treasuryStock": 7540500000, "otherStockholderEquity": 7540500000, "totalStockholderEquity": 7787100000, "netTangibleAssets": 7685000000}], "maxAge": 86400}, "earningsHistory": {"history": [{"maxAge": 1, "epsActual": {}, "epsEstimate": {}, "epsDifference": {}, "surprisePercent": {}, "quarter": {}, "period": "-4q"}, {"maxAge": 1, "epsActual": {}, "epsEstimate": {}, "epsDifference": {}, "surprisePercent": {}, "quarter": {}, "period": "-3q"}, {"maxAge": 1, "epsActual": 1.87, "epsEstimate": 1.39, "epsDifference": 0.48, "surprisePercent": 0.345, "quarter": "2017-12-31", "period": "-2q"}, {"maxAge": 1, "epsActual": 1.98, "epsEstimate": 1.69, "epsDifference": 0.29, "surprisePercent": 0.172, "quarter": "2018-09-30", "period": "-1q"}], "maxAge": 86400}, "indexTrend": {"maxAge": 1, "symbol": "SP5", "peRatio": 19.7411, "pegRatio": 1.34172, "estimates": [{"period": "0q", "growth": 0.549}, {"period": "+1q", "growth": 0.431}, {"period": "0y", "growth": 0.305}, {"period": "+1y", "growth": 0.109}, {"period": "+5y", "growth": 0.120865}, {"period": "-5y"}]}, "industryTrend": {"maxAge": 1, "symbol": null, "estimates": []}, "insiderTransactions": {"transactions": [{"maxAge": 1, "shares": 5000, "filerUrl": "", "transactionText": "", "filerName": "Gayatri Trust", "filerRelation": "Promoter", "moneyText": "", "startDate": "2014-05-21", "ownership": "D"}, {"maxAge": 1, "shares": 5000, "filerUrl": "", "transactionText": "", "filerName": "Ishaan Trust", "filerRelation": "Promoter", "moneyText": "", "startDate": "2014-05-21", "ownership": "D"}, {"maxAge": 1, "shares": 20000, "filerUrl": "", "transactionText": "", "filerName": "Hiremath (Sugandha)", "filerRelation": "Director (Non-Executive)", "moneyText": "", "startDate": "2013-02-25", "ownership": "D"}, {"maxAge": 1, "shares": 11963, "filerUrl": "", "transactionText": "", "filerName": "Hiremath (Sugandha)", "filerRelation": "Director (Non-Executive)", "moneyText": "", "startDate": "2012-02-23", "ownership": "D"}, {"maxAge": 1, "shares": 12900, "filerUrl": "", "transactionText": "", "filerName": "Hiremath (Sameer)", "filerRelation": "Director", "moneyText": "", "startDate": "2011-03-21", "ownership": "D"}, {"maxAge": 1, "shares": 0, "filerUrl": "", "transactionText": "", "filerName": "Hiremath (Sameer)", "filerRelation": "Director", "moneyText": "", "startDate": "2011-03-21", "ownership": "I"}, {"maxAge": 1, "shares": 20000, "filerUrl": "", "transactionText": "", "filerName": "Hiremath (Sugandha)", "filerRelation": "Director (Non-Executive)", "moneyText": "", "startDate": "2009-09-30", "ownership": "D"}], "maxAge": 1}, "quoteType": {"exchange": "BSE", "quoteType": "EQUITY", "symbol": "HIKAL.BO", "underlyingSymbol": "HIKAL.BO", "shortName": "HIKAL LTD.", "longName": "Hikal Limited", "firstTradeDateEpochUtc": "2000-08-08 09:15:00", "timeZoneFullName": "Asia/Kolkata", "timeZoneShortName": "IST", "uuid": "bc9327e0-164a-367e-a370-280bf091a9f7", "gmtOffSetMilliseconds": 19800000, "maxAge": 1}, "incomeStatementHistory": {"incomeStatementHistory": [{"maxAge": 1, "endDate": "2020-03-31", "totalRevenue": 15072630000, "costOfRevenue": 8217330000, "grossProfit": 6855300000, "researchDevelopment": {}, "sellingGeneralAdministrative": 1603720000, "nonRecurring": {}, "otherOperatingExpenses": 2518670000, "totalOperatingExpenses": 13164340000, "operatingIncome": 1908290000, "totalOtherIncomeExpenseNet": -642510000, "ebit": 1908290000, "interestExpense": -492470000, "incomeBeforeTax": 1265780000, "incomeTaxExpense": 421430000, "minorityInterest": {}, "netIncomeFromContinuingOps": 844350000, "discontinuedOperations": {}, "extraordinaryItems": {}, "effectOfAccountingCharges": {}, "otherItems": {}, "netIncome": 844350000, "netIncomeApplicableToCommonShares": 844350000}, {"maxAge": 1, "endDate": "2019-03-31", "totalRevenue": 15896090000, "costOfRevenue": 8955640000, "grossProfit": 6940450000, "researchDevelopment": {}, "sellingGeneralAdministrative": 1388370000, "nonRecurring": {}, "otherOperatingExpenses": 2519880000, "totalOperatingExpenses": 13792680000, "operatingIncome": 2103410000, "totalOtherIncomeExpenseNet": -612580000, "ebit": 2103410000, "interestExpense": -548690000, "incomeBeforeTax": 1490830000, "incomeTaxExpense": 460080000, "minorityInterest": {}, "netIncomeFromContinuingOps": 1030750000, "discontinuedOperations": {}, "extraordinaryItems": {}, "effectOfAccountingCharges": {}, "otherItems": {}, "netIncome": 1030750000, "netIncomeApplicableToCommonShares": 1030750000}, {"maxAge": 1, "endDate": "2018-03-31", "totalRevenue": 12960920000, "costOfRevenue": 7281810000, "grossProfit": 5679110000, "researchDevelopment": {}, "sellingGeneralAdministrative": 1300360000, "nonRecurring": {}, "otherOperatingExpenses": 1914950000, "totalOperatingExpenses": 11353050000, "operatingIncome": 1607870000, "totalOtherIncomeExpenseNet": -492930000, "ebit": 1607870000, "interestExpense": -463330000, "incomeBeforeTax": 1114940000, "incomeTaxExpense": 342670000, "minorityInterest": {}, "netIncomeFromContinuingOps": 772270000, "discontinuedOperations": {}, "extraordinaryItems": {}, "effectOfAccountingCharges": {}, "otherItems": {}, "netIncome": 772270000, "netIncomeApplicableToCommonShares": 772270000}, {"maxAge": 1, "endDate": "2017-03-31", "totalRevenue": 10139360000, "costOfRevenue": 5295130000, "grossProfit": 4844230000, "researchDevelopment": {}, "sellingGeneralAdministrative": 1188970000, "nonRecurring": {}, "otherOperatingExpenses": 1639110000, "totalOperatingExpenses": 8814620000, "operatingIncome": 1324740000, "totalOtherIncomeExpenseNet": -522090000, "ebit": 1324740000, "interestExpense": -479210000, "incomeBeforeTax": 802650000, "incomeTaxExpense": 125490000, "minorityInterest": {}, "netIncomeFromContinuingOps": 677160000, "discontinuedOperations": {}, "extraordinaryItems": {}, "effectOfAccountingCharges": {}, "otherItems": {}, "netIncome": 677160000, "netIncomeApplicableToCommonShares": 677160000}], "maxAge": 86400}, "fundOwnership": {"ownershipList": [{"maxAge": 1, "reportDate": "2020-07-31", "organization": "DFA Emerging Markets Core Equity Portfolio", "pctHeld": 0.0029, "position": 360924, "value": 56213913}, {"maxAge": 1, "reportDate": "2020-07-31", "organization": "DFA Investment Dimensions-DFA Emerging Mkts Value", "pctHeld": 0.0025, "position": 308027, "value": 47975205}, {"maxAge": 1, "reportDate": "2020-07-31", "organization": "DFA Emerging Markets Small Cap Series", "pctHeld": 0.0023, "position": 287602, "value": 44794011}, {"maxAge": 1, "reportDate": "2020-07-31", "organization": "DFA Investment Dimensions-World Ex U.S. Core Equity Port", "pctHeld": 0.0002, "position": 22547, "value": 3511695}, {"maxAge": 1, "reportDate": "2020-07-31", "organization": "DFA T.A. World Ex U.S. Core Equity Portfolio", "pctHeld": 0.0002, "position": 21706, "value": 3380709}, {"maxAge": 1, "reportDate": "2020-07-31", "organization": "DFA Investment Dimensions-Emerging Markets Social Core Equity", "pctHeld": 0.0002, "position": 20117, "value": 3133222}, {"maxAge": 1, "reportDate": "2020-07-31", "organization": "DFA Investment Dimensions-DFA World Ex U.S. Targeted Value Port", "pctHeld": 0.0001, "position": 9005, "value": 1402528}], "maxAge": 1}, "summaryDetail": {"maxAge": 1, "priceHint": 2, "previousClose": 256.25, "open": 256.25, "dayLow": 253.0, "dayHigh": 272.0, "regularMarketPreviousClose": 256.25, "regularMarketOpen": 256.25, "regularMarketDayLow": 253.0, "regularMarketDayHigh": 272.0, "trailingPE": 44.071735, "forwardPE": 28.294243, "volume": 117379, "regularMarketVolume": 117379, "averageVolume": 51544, "averageVolume10days": 32897, "averageDailyVolume10Day": 32897, "bid": 0.0, "ask": 266.15, "bidSize": 0, "askSize": 0, "marketCap": 32724084736, "fiftyTwoWeekLow": 57.0, "fiftyTwoWeekHigh": 272.0, "fiftyDayAverage": 170.27576, "twoHundredDayAverage": 165.63567, "trailingAnnualDividendRate": 1.2, "trailingAnnualDividendYield": 0.004682927, "currency": "INR", "fromCurrency": null, "lastMarket": null, "algorithm": null, "tradeable": false}, "sectorTrend": {"maxAge": 1, "symbol": null, "estimates": []}, "incomeStatementHistoryQuarterly": {"incomeStatementHistory": [{"maxAge": 1, "endDate": "2020-06-30", "totalRevenue": 3527700000, "costOfRevenue": 1933300000, "grossProfit": 1594400000, "researchDevelopment": {}, "sellingGeneralAdministrative": 419800000, "nonRecurring": {}, "otherOperatingExpenses": 649200000, "totalOperatingExpenses": 3209400000, "operatingIncome": 318300000, "totalOtherIncomeExpenseNet": -90400000, "ebit": 318300000, "interestExpense": -96200000, "incomeBeforeTax": 227900000, "incomeTaxExpense": 77900000, "minorityInterest": {}, "netIncomeFromContinuingOps": 150000000, "discontinuedOperations": {}, "extraordinaryItems": {}, "effectOfAccountingCharges": {}, "otherItems": {}, "netIncome": 150000000, "netIncomeApplicableToCommonShares": 150000000}, {"maxAge": 1, "endDate": "2020-03-31", "totalRevenue": 3789930000, "costOfRevenue": 2396330000, "grossProfit": 1393600000, "researchDevelopment": {}, "sellingGeneralAdministrative": 325720000, "nonRecurring": {}, "otherOperatingExpenses": 360170000, "totalOperatingExpenses": 3291640000, "operatingIncome": 498290000, "totalOtherIncomeExpenseNet": -121010000, "ebit": 498290000, "interestExpense": -119470000, "incomeBeforeTax": 377280000, "incomeTaxExpense": 132530000, "minorityInterest": {}, "netIncomeFromContinuingOps": 244750000, "discontinuedOperations": {}, "extraordinaryItems": {}, "effectOfAccountingCharges": {}, "otherItems": {}, "netIncome": 244750000, "netIncomeApplicableToCommonShares": 244750000}, {"maxAge": 1, "endDate": "2019-12-31", "totalRevenue": 4040600000, "costOfRevenue": 2088600000, "grossProfit": 1952000000, "researchDevelopment": {}, "sellingGeneralAdministrative": 418800000, "nonRecurring": {}, "otherOperatingExpenses": 776700000, "totalOperatingExpenses": 3491000000, "operatingIncome": 549600000, "totalOtherIncomeExpenseNet": -126200000, "ebit": 549600000, "interestExpense": -125900000, "incomeBeforeTax": 423400000, "incomeTaxExpense": 139800000, "minorityInterest": {}, "netIncomeFromContinuingOps": 283600000, "discontinuedOperations": {}, "extraordinaryItems": {}, "effectOfAccountingCharges": {}, "otherItems": {}, "netIncome": 283600000, "netIncomeApplicableToCommonShares": 283600000}, {"maxAge": 1, "endDate": "2019-09-30", "totalRevenue": 3210500000, "costOfRevenue": 1449700000, "grossProfit": 1760800000, "researchDevelopment": {}, "sellingGeneralAdministrative": 437600000, "nonRecurring": {}, "otherOperatingExpenses": 739600000, "totalOperatingExpenses": 2832000000, "operatingIncome": 378500000, "totalOtherIncomeExpenseNet": -281600000, "ebit": 378500000, "interestExpense": -126600000, "incomeBeforeTax": 96900000, "incomeTaxExpense": 33200000, "minorityInterest": {}, "netIncomeFromContinuingOps": 63700000, "discontinuedOperations": {}, "extraordinaryItems": {}, "effectOfAccountingCharges": {}, "otherItems": {}, "netIncome": 63700000, "netIncomeApplicableToCommonShares": 63700000}], "maxAge": 86400}, "cashflowStatementHistoryQuarterly": {"cashflowStatements": [{"maxAge": 1, "endDate": "2020-06-30", "netIncome": 150000000, "changeToLiabilities": 0}, {"maxAge": 1, "endDate": "2020-03-31", "netIncome": 244750000, "changeToLiabilities": 0}, {"maxAge": 1, "endDate": "2019-12-31", "netIncome": 283600000, "changeToLiabilities": 0}, {"maxAge": 1, "endDate": "2019-09-30", "netIncome": 63700000, "changeToLiabilities": 0}], "maxAge": 86400}, "insiderHolders": {"holders": [{"maxAge": 1, "name": "Gayatri Trust", "relation": "Promoter", "url": "", "transactionDescription": "Sale", "latestTransDate": "2014-05-21", "positionDirect": 0, "positionDirectDate": "2014-05-21"}, {"maxAge": 1, "name": "Hiremath (Sameer)", "relation": "Director", "url": "", "transactionDescription": "Acquisition", "latestTransDate": "2011-03-21", "positionDirect": 50800, "positionDirectDate": "2011-03-21"}, {"maxAge": 1, "name": "Hiremath (Sugandha)", "relation": "Director (Non-Executive)", "url": "", "transactionDescription": "Sale", "latestTransDate": "2013-02-25", "positionDirect": 1289000, "positionDirectDate": "2013-02-25"}, {"maxAge": 1, "name": "Ishaan Trust", "relation": "Promoter", "url": "", "transactionDescription": "Sale", "latestTransDate": "2014-05-21", "positionDirect": 0, "positionDirectDate": "2014-05-21"}], "maxAge": 1}, "earnings": {"maxAge": 86400, "earningsChart": {"quarterly": [{"date": "4Q2017", "actual": 1.87, "estimate": 1.39}, {"date": "3Q2018", "actual": 1.98, "estimate": 1.69}], "currentQuarterEstimateDate": "4Q", "currentQuarterEstimateYear": 2018, "earningsDate": ["2020-08-04 05:30:S"]}, "financialsChart": {"yearly": [{"date": 2017, "revenue": 10139360000, "earnings": 677160000}, {"date": 2018, "revenue": 12960920000, "earnings": 772270000}, {"date": 2019, "revenue": 15896090000, "earnings": 1030750000}, {"date": 2020, "revenue": 15072630000, "earnings": 844350000}], "quarterly": [{"date": "3Q2019", "revenue": 3210500000, "earnings": 63700000}, {"date": "4Q2019", "revenue": 4040600000, "earnings": 283600000}, {"date": "1Q2020", "revenue": 3789930000, "earnings": 244750000}, {"date": "2Q2020", "revenue": 3527700000, "earnings": 150000000}]}, "financialCurrency": "INR"}, "calendarEvents": {"maxAge": 1, "earnings": {"earningsDate": ["2020-08-04 05:30:S"]}}, "upgradeDowngradeHistory": {"history": [], "maxAge": 86400}, "price": {"maxAge": 1, "regularMarketChangePercent": 0.035707295, "regularMarketChange": 9.149994, "regularMarketTime": "2021-04-30 15:44:08", "priceHint": 2, "regularMarketPrice": 265.4, "regularMarketDayHigh": 272.0, "regularMarketDayLow": 253.0, "regularMarketVolume": 117379, "averageDailyVolume10Day": 32897, "averageDailyVolume3Month": 51544, "regularMarketPreviousClose": 256.25, "regularMarketSource": "FREE_REALTIME", "regularMarketOpen": 256.25, "exchange": "BSE", "exchangeName": "BSE", "exchangeDataDelayedBy": 0, "marketState": "CLOSED", "quoteType": "EQUITY", "symbol": "HIKAL.BO", "underlyingSymbol": null, "shortName": "HIKAL LTD.", "longName": "Hikal Limited", "currency": "INR", "quoteSourceName": "Delayed Quote", "currencySymbol": "\u20b9", "fromCurrency": null, "lastMarket": null, "marketCap": 32724084736}, "balanceSheetHistory": {"balanceSheetStatements": [{"maxAge": 1, "endDate": "2020-03-31", "cash": 316830000, "shortTermInvestments": 316740000, "netReceivables": 3436470000, "inventory": 3124640000, "otherCurrentAssets": 476530000, "totalCurrentAssets": 7747630000, "longTermInvestments": 6800000, "propertyPlantEquipment": 8851840000, "intangibleAssets": 108530000, "otherAssets": 965030000, "totalAssets": 17679830000, "accountsPayable": 2011610000, "shortLongTermDebt": 837780000, "otherCurrentLiab": 299700000, "longTermDebt": 3033990000, "otherLiab": 508470000, "totalCurrentLiabilities": 5963210000, "totalLiab": 9514810000, "commonStock": 246600000, "retainedEarnings": 7024150000, "treasuryStock": 513040000, "capitalSurplus": 381230000, "otherStockholderEquity": 513040000, "totalStockholderEquity": 8165020000, "netTangibleAssets": 8056490000}, {"maxAge": 1, "endDate": "2019-03-31", "cash": 114140000, "shortTermInvestments": 201040000, "netReceivables": 3548030000, "inventory": 3642310000, "otherCurrentAssets": 756350000, "totalCurrentAssets": 8300230000, "longTermInvestments": 10240000, "propertyPlantEquipment": 7834000000, "intangibleAssets": 82490000, "otherAssets": 628020000, "totalAssets": 16854980000, "accountsPayable": 1600070000, "shortLongTermDebt": 611940000, "otherCurrentLiab": 547530000, "longTermDebt": 2978370000, "otherLiab": 288790000, "totalCurrentLiabilities": 6025710000, "totalLiab": 9292870000, "commonStock": 246600000, "retainedEarnings": 6419000000, "treasuryStock": 515280000, "capitalSurplus": 381230000, "otherStockholderEquity": 515280000, "totalStockholderEquity": 7562110000, "netTangibleAssets": 7479620000}, {"maxAge": 1, "endDate": "2018-03-31", "cash": 58220000, "shortTermInvestments": 211650000, "netReceivables": 2982490000, "inventory": 3030530000, "otherCurrentAssets": 576870000, "totalCurrentAssets": 6899560000, "longTermInvestments": 26010000, "propertyPlantEquipment": 7456360000, "intangibleAssets": 58370000, "otherAssets": 976780000, "deferredLongTermAssetCharges": 4590000, "totalAssets": 15417080000, "accountsPayable": 1645460000, "shortLongTermDebt": 612990000, "otherCurrentLiab": 340400000, "longTermDebt": 2966310000, "otherLiab": 156470000, "totalCurrentLiabilities": 5600450000, "totalLiab": 8723230000, "commonStock": 164400000, "retainedEarnings": 5550260000, "treasuryStock": 515760000, "capitalSurplus": 463430000, "otherStockholderEquity": 515760000, "totalStockholderEquity": 6693850000, "netTangibleAssets": 6635480000}, {"maxAge": 1, "endDate": "2017-03-31", "cash": 19250000, "shortTermInvestments": 143070000, "netReceivables": 2640680000, "inventory": 2635810000, "otherCurrentAssets": 292180000, "totalCurrentAssets": 5765410000, "longTermInvestments": 36160000, "propertyPlantEquipment": 7295490000, "intangibleAssets": 15360000, "otherAssets": 682230000, "deferredLongTermAssetCharges": 102190000, "totalAssets": 13794650000, "accountsPayable": 1304310000, "shortLongTermDebt": 474590000, "otherCurrentLiab": 170960000, "longTermDebt": 3201520000, "otherLiab": 142970000, "totalCurrentLiabilities": 4400350000, "totalLiab": 7744840000, "commonStock": 164400000, "retainedEarnings": 4906220000, "treasuryStock": 515760000, "capitalSurplus": 463430000, "otherStockholderEquity": 515760000, "totalStockholderEquity": 6049810000, "netTangibleAssets": 6034450000}], "maxAge": 86400}, "earningsTrend": {"trend": [{"maxAge": 1, "period": "0q", "endDate": "2018-12-31", "growth": {}, "earningsEstimate": {"avg": 0.0, "low": 0.0, "high": 0.0, "yearAgoEps": {}, "numberOfAnalysts": 0, "growth": {}}, "revenueEstimate": {"avg": 0, "low": 0, "high": 0, "numberOfAnalysts": 0, "yearAgoRevenue": {}, "growth": {}}, "epsTrend": {"current": 0.0, "7daysAgo": 0.0, "30daysAgo": 0.0, "60daysAgo": 0.0, "90daysAgo": 0.0}, "epsRevisions": {"upLast7days": 0, "upLast30days": 0, "downLast30days": 0, "downLast90days": {}}}, {"maxAge": 1, "period": "+1q", "endDate": "2019-03-31", "growth": {}, "earningsEstimate": {"avg": 0.0, "low": 0.0, "high": 0.0, "yearAgoEps": {}, "numberOfAnalysts": 0, "growth": {}}, "revenueEstimate": {"avg": 0, "low": 0, "high": 0, "numberOfAnalysts": 0, "yearAgoRevenue": {}, "growth": {}}, "epsTrend": {"current": 0.0, "7daysAgo": 0.0, "30daysAgo": 0.0, "60daysAgo": 0.0, "90daysAgo": 0.0}, "epsRevisions": {"upLast7days": 0, "upLast30days": 0, "downLast30days": 0, "downLast90days": {}}}, {"maxAge": 1, "period": "0y", "endDate": "2019-03-31", "growth": {}, "earningsEstimate": {"avg": 0.0, "low": 0.0, "high": 0.0, "yearAgoEps": {}, "numberOfAnalysts": 0, "growth": {}}, "revenueEstimate": {"avg": 15301500000, "low": 15211000000, "high": 15392000000, "numberOfAnalysts": 2, "yearAgoRevenue": 12783500000, "growth": 0.19700001}, "epsTrend": {"current": 0.0, "7daysAgo": 7.82, "30daysAgo": 7.82, "60daysAgo": 7.82, "90daysAgo": 7.82}, "epsRevisions": {"upLast7days": 0, "upLast30days": 0, "downLast30days": 0, "downLast90days": {}}}, {"maxAge": 1, "period": "+1y", "endDate": "2020-03-31", "growth": {}, "earningsEstimate": {"avg": 0.0, "low": 0.0, "high": 0.0, "yearAgoEps": {}, "numberOfAnalysts": 0, "growth": {}}, "revenueEstimate": {"avg": 17696800000, "low": 17416700000, "high": 17977000000, "numberOfAnalysts": 2, "yearAgoRevenue": 15301500000, "growth": 0.157}, "epsTrend": {"current": 0.0, "7daysAgo": 9.44, "30daysAgo": 9.44, "60daysAgo": 9.44, "90daysAgo": 9.44}, "epsRevisions": {"upLast7days": 0, "upLast30days": 0, "downLast30days": 0, "downLast90days": {}}}, {"maxAge": 1, "period": "+5y", "endDate": null, "growth": {}, "earningsEstimate": {"avg": {}, "low": {}, "high": {}, "yearAgoEps": {}, "numberOfAnalysts": {}, "growth": {}}, "revenueEstimate": {"avg": {}, "low": {}, "high": {}, "numberOfAnalysts": {}, "yearAgoRevenue": {}, "growth": {}}, "epsTrend": {"current": {}, "7daysAgo": {}, "30daysAgo": {}, "60daysAgo": {}, "90daysAgo": {}}, "epsRevisions": {"upLast7days": {}, "upLast30days": {}, "downLast30days": {}, "downLast90days": {}}}, {"maxAge": 1, "period": "-5y", "endDate": null, "growth": {}, "earningsEstimate": {"avg": {}, "low": {}, "high": {}, "yearAgoEps": {}, "numberOfAnalysts": {}, "growth": {}}, "revenueEstimate": {"avg": {}, "low": {}, "high": {}, "numberOfAnalysts": {}, "yearAgoRevenue": {}, "growth": {}}, "epsTrend": {"current": {}, "7daysAgo": {}, "30daysAgo": {}, "60daysAgo": {}, "90daysAgo": {}}, "epsRevisions": {"upLast7days": {}, "upLast30days": {}, "downLast30days": {}, "downLast90days": {}}}], "maxAge": 1}, "financialData": {"maxAge": 86400, "currentPrice": 265.4, "targetHighPrice": 224.0, "targetLowPrice": 224.0, "targetMeanPrice": 224.0, "targetMedianPrice": 224.0, "recommendationKey": "none", "numberOfAnalystOpinions": 1, "grossProfits": 6855300000, "financialCurrency": "INR"}}}