{"HIL.BO": {"recommendationTrend": {"trend": [{"period": "0m", "strongBuy": 0, "buy": 0, "hold": 0, "sell": 0, "strongSell": 0}, {"period": "-1m", "strongBuy": 0, "buy": 0, "hold": 0, "sell": 0, "strongSell": 0}, {"period": "-2m", "strongBuy": 0, "buy": 0, "hold": 0, "sell": 0, "strongSell": 0}, {"period": "-3m", "strongBuy": 0, "buy": 0, "hold": 0, "sell": 0, "strongSell": 0}], "maxAge": 86400}, "cashflowStatementHistory": {"cashflowStatements": [{"maxAge": 1, "endDate": "2020-03-31", "netIncome": 1059537000, "depreciation": 948708000, "changeToNetincome": 21952000, "changeToAccountReceivables": 226482000, "changeToLiabilities": -73883000, "changeToInventory": -766681000, "changeToOperatingActivities": -144205000, "totalCashFromOperatingActivities": 1302068000, "capitalExpenditures": -1176820000, "investments": -155948000, "otherCashflowsFromInvestingActivities": 67754000, "totalCashflowsFromInvestingActivities": -1196075000, "dividendsPaid": -169189000, "netBorrowings": 667864000, "otherCashflowsFromFinancingActivities": -427758000, "totalCashFromFinancingActivities": 75233000, "effectOfExchangeRate": 39284000, "changeInCash": 220510000, "issuanceOfStock": 4316000}, {"maxAge": 1, "endDate": "2019-03-31", "netIncome": 1013980000, "depreciation": 663674000, "changeToNetincome": -104750000, "changeToAccountReceivables": 183084000, "changeToLiabilities": 272623000, "changeToInventory": 112171000, "changeToOperatingActivities": -816351000, "totalCashFromOperatingActivities": 1346369000, "capitalExpenditures": -763262000, "investments": 1246680000, "otherCashflowsFromInvestingActivities": 75374000, "totalCashflowsFromInvestingActivities": -3448050000, "dividendsPaid": -186653000, "netBorrowings": 3110068000, "otherCashflowsFromFinancingActivities": -269049000, "totalCashFromFinancingActivities": 2659810000, "effectOfExchangeRate": -25984000, "changeInCash": 532145000, "issuanceOfStock": 5444000}, {"maxAge": 1, "endDate": "2018-03-31", "netIncome": 807549000, "depreciation": 391134000, "changeToNetincome": -100322000, "changeToAccountReceivables": -125386000, "changeToLiabilities": 608695000, "changeToInventory": 211409000, "changeToOperatingActivities": 65325000, "totalCashFromOperatingActivities": 1873774000, "capitalExpenditures": -807026000, "investments": -1017567000, "otherCashflowsFromInvestingActivities": 73620000, "totalCashflowsFromInvestingActivities": -1652373000, "dividendsPaid": -149073000, "netBorrowings": 3158000, "otherCashflowsFromFinancingActivities": -56757000, "totalCashFromFinancingActivities": -202672000, "effectOfExchangeRate": -25984000, "changeInCash": 18729000, "issuanceOfStock": 5444000}, {"maxAge": 1, "endDate": "2017-03-31", "netIncome": 546214000, "depreciation": 397085000, "changeToNetincome": -119216000, "changeToAccountReceivables": 77813000, "changeToLiabilities": 212032000, "changeToInventory": 161841000, "changeToOperatingActivities": 217680000, "totalCashFromOperatingActivities": 1505881000, "capitalExpenditures": -355803000, "investments": -179257000, "otherCashflowsFromInvestingActivities": 74085000, "totalCashflowsFromInvestingActivities": -355072000, "dividendsPaid": -149393000, "netBorrowings": -857847000, "otherCashflowsFromFinancingActivities": -82317000, "totalCashFromFinancingActivities": -1089557000, "effectOfExchangeRate": -25984000, "changeInCash": 61252000, "issuanceOfStock": 5444000}], "maxAge": 86400}, "institutionOwnership": {"ownershipList": [], "maxAge": 1}, "balanceSheetHistoryQuarterly": {"balanceSheetStatements": [{"maxAge": 1, "endDate": "2020-06-30", "totalStockholderEquity": 7427231000, "netTangibleAssets": 5214821000}, {"maxAge": 1, "endDate": "2020-03-31", "cash": 862079000, "netReceivables": 1856306000, "inventory": 5684076000, "otherCurrentAssets": 790673000, "totalCurrentAssets": 9404864000, "longTermInvestments": 17755000, "propertyPlantEquipment": 9132276000, "goodWill": 1250533000, "intangibleAssets": 961877000, "otherAssets": 776726000, "totalAssets": 21544031000, "accountsPayable": 3205493000, "shortLongTermDebt": 1023848000, "otherCurrentLiab": 1605522000, "longTermDebt": 4419533000, "otherLiab": 1497453000, "totalCurrentLiabilities": 8051719000, "totalLiab": 14116800000, "commonStock": 74783000, "retainedEarnings": 7147185000, "treasuryStock": 127787000, "capitalSurplus": 77476000, "otherStockholderEquity": 127787000, "totalStockholderEquity": 7427231000, "netTangibleAssets": 5214821000}, {"maxAge": 1, "endDate": "2019-12-31", "totalStockholderEquity": 6955900000, "netTangibleAssets": 4868000000}, {"maxAge": 1, "endDate": "2019-09-30", "cash": 674600000, "shortTermInvestments": 377200000, "netReceivables": 1433700000, "inventory": 4703300000, "otherCurrentAssets": 634200000, "totalCurrentAssets": 7823000000, "longTermInvestments": 149000000, "propertyPlantEquipment": 8986400000, "goodWill": 1166900000, "intangibleAssets": 921000000, "otherAssets": 607400000, "totalAssets": 19653700000, "accountsPayable": 2602600000, "otherCurrentLiab": 2692800000, "longTermDebt": 4486300000, "otherLiab": 1467300000, "totalCurrentLiabilities": 6631300000, "totalLiab": 12697800000, "commonStock": 75100000, "treasuryStock": 6880800000, "otherStockholderEquity": 6880800000, "totalStockholderEquity": 6955900000, "netTangibleAssets": 4868000000}], "maxAge": 86400}, "earningsHistory": {"history": [{"maxAge": 1, "epsActual": {}, "epsEstimate": {}, "epsDifference": {}, "surprisePercent": {}, "quarter": {}, "period": "-4q"}, {"maxAge": 1, "epsActual": 12.64, "epsEstimate": 15.72, "epsDifference": -3.08, "surprisePercent": -0.19600001, "quarter": "2017-09-30", "period": "-3q"}, {"maxAge": 1, "epsActual": 19.14, "epsEstimate": 12.01, "epsDifference": 7.13, "surprisePercent": 0.59400004, "quarter": "2017-12-31", "period": "-2q"}, {"maxAge": 1, "epsActual": 26.94, "epsEstimate": 14.16, "epsDifference": 12.78, "surprisePercent": 0.90300006, "quarter": "2018-03-31", "period": "-1q"}], "maxAge": 86400}, "indexTrend": {"maxAge": 1, "symbol": "SP5", "peRatio": 19.7411, "pegRatio": 1.34172, "estimates": [{"period": "0q", "growth": 0.549}, {"period": "+1q", "growth": 0.431}, {"period": "0y", "growth": 0.305}, {"period": "+1y", "growth": 0.109}, {"period": "+5y", "growth": 0.120865}, {"period": "-5y"}]}, "industryTrend": {"maxAge": 1, "symbol": null, "estimates": []}, "insiderTransactions": {"transactions": [{"maxAge": 1, "shares": 14240, "value": 117863, "filerUrl": "", "transactionText": "Other at price 8.28 per share.", "filerName": "Choudhary (Dhirup Roy)", "filerRelation": "Director", "moneyText": "", "startDate": "2020-07-28", "ownership": "D"}, {"maxAge": 1, "shares": 5000, "filerUrl": "", "transactionText": "", "filerName": "Patel (Ruchit B)", "filerRelation": "UNREPORTED", "moneyText": "", "startDate": "2015-06-08", "ownership": "D"}, {"maxAge": 1, "shares": 61010, "filerUrl": "", "transactionText": "", "filerName": "ICICI Prudential Discovery Fund", "filerRelation": "Institution- Corporation", "moneyText": "", "startDate": "2010-01-25", "ownership": "D"}], "maxAge": 1}, "quoteType": {"exchange": "BSE", "quoteType": "EQUITY", "symbol": "HIL.BO", "underlyingSymbol": "HIL.BO", "shortName": "HIL LTD.", "longName": "HIL Limited", "firstTradeDateEpochUtc": "1991-04-11 09:15:00", "timeZoneFullName": "Asia/Kolkata", "timeZoneShortName": "IST", "uuid": "4ff32e28-1bd6-38cd-b5fa-635b14d5cafb", "gmtOffSetMilliseconds": 19800000, "maxAge": 1}, "incomeStatementHistory": {"incomeStatementHistory": [{"maxAge": 1, "endDate": "2020-03-31", "totalRevenue": 25549062000, "costOfRevenue": 13593344000, "grossProfit": 11955718000, "researchDevelopment": {}, "sellingGeneralAdministrative": 4262329000, "nonRecurring": {}, "otherOperatingExpenses": 5224671000, "totalOperatingExpenses": 24067830000, "operatingIncome": 1481232000, "totalOtherIncomeExpenseNet": -212160000, "ebit": 1481232000, "interestExpense": -385162000, "incomeBeforeTax": 1269072000, "incomeTaxExpense": 279328000, "minorityInterest": {}, "netIncomeFromContinuingOps": 989744000, "discontinuedOperations": 69793000, "extraordinaryItems": {}, "effectOfAccountingCharges": {}, "otherItems": {}, "netIncome": 1059537000, "netIncomeApplicableToCommonShares": 1059537000}, {"maxAge": 1, "endDate": "2019-03-31", "totalRevenue": 21687893000, "costOfRevenue": 11331643000, "grossProfit": 10356250000, "researchDevelopment": {}, "sellingGeneralAdministrative": 3156284000, "nonRecurring": {}, "otherOperatingExpenses": 4617644000, "totalOperatingExpenses": 19796919000, "operatingIncome": 1890974000, "totalOtherIncomeExpenseNet": -325236000, "ebit": 1890974000, "interestExpense": -251540000, "incomeBeforeTax": 1565738000, "incomeTaxExpense": 614891000, "minorityInterest": {}, "netIncomeFromContinuingOps": 950847000, "discontinuedOperations": 63133000, "extraordinaryItems": {}, "effectOfAccountingCharges": {}, "otherItems": {}, "netIncome": 1013980000, "netIncomeApplicableToCommonShares": 1013980000}, {"maxAge": 1, "endDate": "2018-03-31", "totalRevenue": 12797319000, "costOfRevenue": 6589258000, "grossProfit": 6208061000, "researchDevelopment": {}, "sellingGeneralAdministrative": 1469649000, "nonRecurring": {}, "otherOperatingExpenses": 3173220000, "totalOperatingExpenses": 11638986000, "operatingIncome": 1158333000, "totalOtherIncomeExpenseNet": 40734000, "ebit": 1158333000, "interestExpense": -38671000, "incomeBeforeTax": 1199067000, "incomeTaxExpense": 391518000, "minorityInterest": {}, "netIncomeFromContinuingOps": 807549000, "discontinuedOperations": 63133000, "extraordinaryItems": {}, "effectOfAccountingCharges": {}, "otherItems": {}, "netIncome": 807549000, "netIncomeApplicableToCommonShares": 807549000}, {"maxAge": 1, "endDate": "2017-03-31", "totalRevenue": 11191331000, "costOfRevenue": 5685879000, "grossProfit": 5505452000, "researchDevelopment": {}, "sellingGeneralAdministrative": 1354232000, "nonRecurring": {}, "otherOperatingExpenses": 3053014000, "totalOperatingExpenses": 10501485000, "operatingIncome": 689846000, "totalOtherIncomeExpenseNet": 45283000, "ebit": 689846000, "interestExpense": -51819000, "incomeBeforeTax": 735129000, "incomeTaxExpense": 188915000, "minorityInterest": {}, "netIncomeFromContinuingOps": 546214000, "discontinuedOperations": 63133000, "extraordinaryItems": {}, "effectOfAccountingCharges": {}, "otherItems": {}, "netIncome": 546214000, "netIncomeApplicableToCommonShares": 546214000}], "maxAge": 86400}, "fundOwnership": {"ownershipList": [{"maxAge": 1, "reportDate": "2020-07-31", "organization": "DFA Investment Dimensions-DFA Emerging Mkts Value", "pctHeld": 0.0023999999, "position": 18294, "value": 22652545}, {"maxAge": 1, "reportDate": "2020-07-31", "organization": "DFA Emerging Markets Small Cap Series", "pctHeld": 0.002, "position": 14674, "value": 18170080}, {"maxAge": 1, "reportDate": "2020-07-31", "organization": "DFA Emerging Markets Core Equity Portfolio", "pctHeld": 0.0015, "position": 10997, "value": 13617035}, {"maxAge": 1, "reportDate": "2020-07-31", "organization": "DFA Investment Dimensions-Emerging Markets Social Core Equity", "pctHeld": 0.0002, "position": 1730, "value": 2142172}, {"maxAge": 1, "reportDate": "2020-07-31", "organization": "DFA Investment Dimensions-World Ex U.S. Core Equity Port", "pctHeld": 0.0002, "position": 1370, "value": 1696402}, {"maxAge": 1, "reportDate": "2020-07-31", "organization": "DFA T.A. World Ex U.S. Core Equity Portfolio", "pctHeld": 0.0001, "position": 758, "value": 938593}, {"maxAge": 1, "reportDate": "2020-07-31", "organization": "John Hancock Var Ins Tr-Emerging Markets Value Tr", "pctHeld": 0.0001, "position": 588, "value": 728091}, {"maxAge": 1, "reportDate": "2020-07-31", "organization": "DFA Investment Dimensions-DFA World Ex U.S. Targeted Value Port", "pctHeld": 0.0001, "position": 480, "value": 594360}], "maxAge": 1}, "summaryDetail": {"maxAge": 1, "priceHint": 2, "previousClose": 3610.75, "open": 3586.85, "dayLow": 3572.7, "dayHigh": 3710.0, "regularMarketPreviousClose": 3610.75, "regularMarketOpen": 3586.85, "regularMarketDayLow": 3572.7, "regularMarketDayHigh": 3710.0, "trailingPE": 23.411306, "forwardPE": 54.183662, "volume": 1449, "regularMarketVolume": 1449, "averageVolume": 1985, "averageVolume10days": 1922, "averageDailyVolume10Day": 1922, "bid": 3590.25, "ask": 3619.0, "bidSize": 0, "askSize": 0, "marketCap": 27078414336, "fiftyTwoWeekLow": 497.15, "fiftyTwoWeekHigh": 3710.0, "fiftyDayAverage": 2182.1091, "twoHundredDayAverage": 1807.8717, "trailingAnnualDividendRate": 20.0, "trailingAnnualDividendYield": 0.0055390154, "currency": "INR", "fromCurrency": null, "lastMarket": null, "algorithm": null, "tradeable": false}, "sectorTrend": {"maxAge": 1, "symbol": null, "estimates": []}, "incomeStatementHistoryQuarterly": {"incomeStatementHistory": [{"maxAge": 1, "endDate": "2020-06-30", "totalRevenue": 6929600000, "costOfRevenue": 3620300000, "grossProfit": 3309300000, "researchDevelopment": {}, "sellingGeneralAdministrative": 934000000, "nonRecurring": {}, "otherOperatingExpenses": 1370200000, "totalOperatingExpenses": 6176600000, "operatingIncome": 753000000, "totalOtherIncomeExpenseNet": -39300000, "ebit": 753000000, "interestExpense": -107400000, "incomeBeforeTax": 713700000, "incomeTaxExpense": 209900000, "minorityInterest": {}, "netIncomeFromContinuingOps": 503800000, "discontinuedOperations": -900000, "extraordinaryItems": {}, "effectOfAccountingCharges": {}, "otherItems": {}, "netIncome": 502900000, "netIncomeApplicableToCommonShares": 502900000}, {"maxAge": 1, "endDate": "2020-03-31", "totalRevenue": 6451800000, "costOfRevenue": 3305100000, "grossProfit": 3146700000, "researchDevelopment": {}, "sellingGeneralAdministrative": 923500000, "nonRecurring": {}, "otherOperatingExpenses": 1660000000, "totalOperatingExpenses": 6141900000, "operatingIncome": 309900000, "totalOtherIncomeExpenseNet": -35400000, "ebit": 309900000, "interestExpense": -93600000, "incomeBeforeTax": 274500000, "incomeTaxExpense": 45800000, "minorityInterest": {}, "netIncomeFromContinuingOps": 228700000, "discontinuedOperations": 8900000, "extraordinaryItems": {}, "effectOfAccountingCharges": {}, "otherItems": {}, "netIncome": 237600000, "netIncomeApplicableToCommonShares": 237600000}, {"maxAge": 1, "endDate": "2019-12-31", "totalRevenue": 5911400000, "costOfRevenue": 2923600000, "grossProfit": 2987800000, "researchDevelopment": {}, "sellingGeneralAdministrative": 916200000, "nonRecurring": {}, "otherOperatingExpenses": 1629300000, "totalOperatingExpenses": 5716100000, "operatingIncome": 195300000, "totalOtherIncomeExpenseNet": -63400000, "ebit": 195300000, "interestExpense": -102100000, "incomeBeforeTax": 131900000, "incomeTaxExpense": 35600000, "minorityInterest": {}, "netIncomeFromContinuingOps": 96300000, "discontinuedOperations": 8900000, "extraordinaryItems": {}, "effectOfAccountingCharges": {}, "otherItems": {}, "netIncome": 96300000, "netIncomeApplicableToCommonShares": 96300000}, {"maxAge": 1, "endDate": "2019-09-30", "totalRevenue": 5858800000, "costOfRevenue": 2938700000, "grossProfit": 2920100000, "researchDevelopment": {}, "sellingGeneralAdministrative": 854000000, "nonRecurring": {}, "otherOperatingExpenses": 1571700000, "totalOperatingExpenses": 5608000000, "operatingIncome": 250800000, "totalOtherIncomeExpenseNet": 20000000, "ebit": 250800000, "interestExpense": -94000000, "incomeBeforeTax": 270800000, "incomeTaxExpense": -48600000, "minorityInterest": {}, "netIncomeFromContinuingOps": 319400000, "discontinuedOperations": 8900000, "extraordinaryItems": {}, "effectOfAccountingCharges": {}, "otherItems": {}, "netIncome": 319400000, "netIncomeApplicableToCommonShares": 319400000}], "maxAge": 86400}, "cashflowStatementHistoryQuarterly": {"cashflowStatements": [{"maxAge": 1, "endDate": "2020-06-30", "netIncome": 502900000, "changeToLiabilities": 0}, {"maxAge": 1, "endDate": "2020-03-31", "netIncome": 237600000, "changeToLiabilities": 0}, {"maxAge": 1, "endDate": "2019-12-31", "netIncome": 96300000, "changeToLiabilities": 0}, {"maxAge": 1, "endDate": "2019-09-30", "netIncome": 319400000, "changeToLiabilities": 0}], "maxAge": 86400}, "insiderHolders": {"holders": [{"maxAge": 1, "name": "Choudhary (Dhirup Roy)", "relation": "Director", "url": "", "transactionDescription": "Other", "latestTransDate": "2020-07-28", "positionDirect": 14740, "positionDirectDate": "2020-07-28"}, {"maxAge": 1, "name": "ICICI Prudential Discovery Fund", "relation": "Institution- Corporation", "url": "", "transactionDescription": "Sale", "latestTransDate": "2010-01-25", "positionDirect": 188990, "positionDirectDate": "2010-01-25"}, {"maxAge": 1, "name": "Patel (Ruchit B)", "relation": "UNREPORTED", "url": "", "transactionDescription": "Acquisition", "latestTransDate": "2015-06-08", "positionDirect": 35101, "positionDirectDate": "2015-06-08"}], "maxAge": 1}, "earnings": {"maxAge": 86400, "earningsChart": {"quarterly": [{"date": "3Q2017", "actual": 12.64, "estimate": 15.72}, {"date": "4Q2017", "actual": 19.14, "estimate": 12.01}, {"date": "1Q2018", "actual": 26.94, "estimate": 14.16}], "currentQuarterEstimateDate": "2Q", "currentQuarterEstimateYear": 2018, "earningsDate": ["2020-08-06 05:30:S"]}, "financialsChart": {"yearly": [{"date": 2017, "revenue": 11191331000, "earnings": 546214000}, {"date": 2018, "revenue": 12797319000, "earnings": 807549000}, {"date": 2019, "revenue": 21687893000, "earnings": 1013980000}, {"date": 2020, "revenue": 25549062000, "earnings": 1059537000}], "quarterly": [{"date": "3Q2019", "revenue": 5858800000, "earnings": 319400000}, {"date": "4Q2019", "revenue": 5911400000, "earnings": 96300000}, {"date": "1Q2020", "revenue": 6451800000, "earnings": 237600000}, {"date": "2Q2020", "revenue": 6929600000, "earnings": 502900000}]}, "financialCurrency": "INR"}, "calendarEvents": {"maxAge": 1, "earnings": {"earningsDate": ["2020-08-06 05:30:S"], "revenueAverage": 5012400000}}, "upgradeDowngradeHistory": {"history": [], "maxAge": 86400}, "price": {"maxAge": 1, "regularMarketChangePercent": 0.0009139511, "regularMarketChange": 3.3000488, "regularMarketTime": "2021-04-30 15:29:52", "priceHint": 2, "regularMarketPrice": 3614.05, "regularMarketDayHigh": 3710.0, "regularMarketDayLow": 3572.7, "regularMarketVolume": 1449, "averageDailyVolume10Day": 1922, "averageDailyVolume3Month": 1985, "regularMarketPreviousClose": 3610.75, "regularMarketSource": "FREE_REALTIME", "regularMarketOpen": 3586.85, "exchange": "BSE", "exchangeName": "BSE", "exchangeDataDelayedBy": 0, "marketState": "CLOSED", "quoteType": "EQUITY", "symbol": "HIL.BO", "underlyingSymbol": null, "shortName": "HIL LTD.", "longName": "HIL Limited", "currency": "INR", "quoteSourceName": "Delayed Quote", "currencySymbol": "\u20b9", "fromCurrency": null, "lastMarket": null, "marketCap": 27078414336}, "balanceSheetHistory": {"balanceSheetStatements": [{"maxAge": 1, "endDate": "2020-03-31", "cash": 862079000, "netReceivables": 1856306000, "inventory": 5684076000, "otherCurrentAssets": 790673000, "totalCurrentAssets": 9404864000, "longTermInvestments": 17755000, "propertyPlantEquipment": 9132276000, "goodWill": 1250533000, "intangibleAssets": 961877000, "otherAssets": 776726000, "totalAssets": 21544031000, "accountsPayable": 3205493000, "shortLongTermDebt": 1023848000, "otherCurrentLiab": 1605522000, "longTermDebt": 4419533000, "otherLiab": 1497453000, "totalCurrentLiabilities": 8051719000, "totalLiab": 14116800000, "commonStock": 74783000, "retainedEarnings": 7147185000, "treasuryStock": 127787000, "capitalSurplus": 77476000, "otherStockholderEquity": 127787000, "totalStockholderEquity": 7427231000, "netTangibleAssets": 5214821000}, {"maxAge": 1, "endDate": "2019-03-31", "cash": 641569000, "netReceivables": 2025188000, "inventory": 4941124000, "otherCurrentAssets": 443153000, "totalCurrentAssets": 8070350000, "longTermInvestments": 8115000, "propertyPlantEquipment": 8806437000, "goodWill": 1172006000, "intangibleAssets": 945783000, "otherAssets": 744172000, "totalAssets": 19746863000, "accountsPayable": 3352578000, "shortLongTermDebt": 682784000, "otherCurrentLiab": 1607701000, "longTermDebt": 5191444000, "otherLiab": 1537092000, "totalCurrentLiabilities": 6646448000, "totalLiab": 13374984000, "commonStock": 74713000, "retainedEarnings": 6298841000, "treasuryStock": -72527000, "capitalSurplus": 70852000, "otherStockholderEquity": -72527000, "totalStockholderEquity": 6371879000, "netTangibleAssets": 4254090000}, {"maxAge": 1, "endDate": "2018-03-31", "cash": 109424000, "netReceivables": 1003981000, "inventory": 1850636000, "otherCurrentAssets": 277220000, "totalCurrentAssets": 4460012000, "longTermInvestments": 3700000, "propertyPlantEquipment": 4987529000, "intangibleAssets": 212876000, "otherAssets": 522829000, "totalAssets": 10186946000, "accountsPayable": 1963049000, "shortLongTermDebt": 3034000, "otherCurrentLiab": 1300021000, "longTermDebt": 664691000, "otherLiab": 499100000, "totalCurrentLiabilities": 3361938000, "totalLiab": 4525729000, "commonStock": 74626000, "retainedEarnings": 5508180000, "treasuryStock": 15916000, "capitalSurplus": 62495000, "otherStockholderEquity": 15916000, "totalStockholderEquity": 5661217000, "netTangibleAssets": 5448341000}, {"maxAge": 1, "endDate": "2017-03-31", "cash": 90695000, "netReceivables": 874558000, "inventory": 2062045000, "otherCurrentAssets": 231222000, "totalCurrentAssets": 3455572000, "longTermInvestments": 17671000, "propertyPlantEquipment": 4700013000, "intangibleAssets": 230251000, "otherAssets": 401003000, "totalAssets": 8804510000, "accountsPayable": 1368792000, "shortLongTermDebt": 108641000, "otherCurrentLiab": 967455000, "longTermDebt": 589702000, "otherLiab": 501212000, "totalCurrentLiabilities": 2678387000, "totalLiab": 3769301000, "commonStock": 74626000, "retainedEarnings": 4886237000, "treasuryStock": 11851000, "capitalSurplus": 62495000, "otherStockholderEquity": 11851000, "totalStockholderEquity": 5035209000, "netTangibleAssets": 4804958000}], "maxAge": 86400}, "earningsTrend": {"trend": [{"maxAge": 1, "period": "0q", "endDate": "2018-06-30", "growth": {}, "earningsEstimate": {"avg": 0.0, "low": 0.0, "high": 0.0, "yearAgoEps": {}, "numberOfAnalysts": 0, "growth": {}}, "revenueEstimate": {"avg": 5012400000, "low": 0, "high": 0, "numberOfAnalysts": 0, "yearAgoRevenue": {}, "growth": {}}, "epsTrend": {"current": 0.0, "7daysAgo": 0.0, "30daysAgo": 0.0, "60daysAgo": 0.0, "90daysAgo": 0.0}, "epsRevisions": {"upLast7days": 0, "upLast30days": 0, "downLast30days": 0, "downLast90days": {}}}, {"maxAge": 1, "period": "+1q", "endDate": "2018-09-30", "growth": {}, "earningsEstimate": {"avg": 0.0, "low": 0.0, "high": 0.0, "yearAgoEps": 12.64, "numberOfAnalysts": 0, "growth": {}}, "revenueEstimate": {"avg": 3230800000, "low": 0, "high": 0, "numberOfAnalysts": 0, "yearAgoRevenue": 2564600000, "growth": 0.26}, "epsTrend": {"current": 0.0, "7daysAgo": 0.0, "30daysAgo": 0.0, "60daysAgo": 0.0, "90daysAgo": 0.0}, "epsRevisions": {"upLast7days": 0, "upLast30days": 0, "downLast30days": 0, "downLast90days": {}}}, {"maxAge": 1, "period": "0y", "endDate": "2019-03-31", "growth": {}, "earningsEstimate": {"avg": 0.0, "low": 0.0, "high": 0.0, "yearAgoEps": {}, "numberOfAnalysts": 0, "growth": {}}, "revenueEstimate": {"avg": 14907300000, "low": 14840600000, "high": 14974000000, "numberOfAnalysts": 2, "yearAgoRevenue": 13250500000, "growth": 0.125}, "epsTrend": {"current": 0.0, "7daysAgo": 164.01, "30daysAgo": 164.01, "60daysAgo": 164.01, "90daysAgo": 164.01}, "epsRevisions": {"upLast7days": 0, "upLast30days": 0, "downLast30days": 0, "downLast90days": {}}}, {"maxAge": 1, "period": "+1y", "endDate": "2020-03-31", "growth": {}, "earningsEstimate": {"avg": 0.0, "low": 0.0, "high": 0.0, "yearAgoEps": {}, "numberOfAnalysts": 0, "growth": {}}, "revenueEstimate": {"avg": 16538300000, "low": 16324600000, "high": 16752000000, "numberOfAnalysts": 2, "yearAgoRevenue": 14907300000, "growth": 0.109}, "epsTrend": {"current": 0.0, "7daysAgo": 196.88, "30daysAgo": 196.88, "60daysAgo": 196.88, "90daysAgo": 196.88}, "epsRevisions": {"upLast7days": 0, "upLast30days": 0, "downLast30days": 0, "downLast90days": {}}}, {"maxAge": 1, "period": "+5y", "endDate": null, "growth": {}, "earningsEstimate": {"avg": {}, "low": {}, "high": {}, "yearAgoEps": {}, "numberOfAnalysts": {}, "growth": {}}, "revenueEstimate": {"avg": {}, "low": {}, "high": {}, "numberOfAnalysts": {}, "yearAgoRevenue": {}, "growth": {}}, "epsTrend": {"current": {}, "7daysAgo": {}, "30daysAgo": {}, "60daysAgo": {}, "90daysAgo": {}}, "epsRevisions": {"upLast7days": {}, "upLast30days": {}, "downLast30days": {}, "downLast90days": {}}}, {"maxAge": 1, "period": "-5y", "endDate": null, "growth": {}, "earningsEstimate": {"avg": {}, "low": {}, "high": {}, "yearAgoEps": {}, "numberOfAnalysts": {}, "growth": {}}, "revenueEstimate": {"avg": {}, "low": {}, "high": {}, "numberOfAnalysts": {}, "yearAgoRevenue": {}, "growth": {}}, "epsTrend": {"current": {}, "7daysAgo": {}, "30daysAgo": {}, "60daysAgo": {}, "90daysAgo": {}}, "epsRevisions": {"upLast7days": {}, "upLast30days": {}, "downLast30days": {}, "downLast90days": {}}}], "maxAge": 1}, "financialData": {"maxAge": 86400, "currentPrice": 3614.05, "targetHighPrice": 2763.0, "targetLowPrice": 2301.0, "targetMeanPrice": 2532.0, "targetMedianPrice": 2532.0, "recommendationKey": "none", "numberOfAnalystOpinions": 2, "grossProfits": 11955718000, "financialCurrency": "INR"}}}