{"HILTON.NS": {"assetProfile": {"address1": "701, Palmspring", "address2": "Palmcourt Complex Link Road Malad (West)", "city": "Mumbai", "zip": "400064", "country": "India", "phone": "91 22 4042 6565", "fax": "91 22 4042 6566", "website": "http://www.hiltonmetal.com", "industry": "Metal Fabrication", "sector": "Industrials", "longBusinessSummary": "Hilton Metal Forging Limited manufactures and sells iron and steel forgings for oil and gas, refinery, and pharmaceutical industries in India. The company offers stainless steel, high pressure, threaded, blind, weld neck, and socket welded flanges; and forged and hydraulic fittings. It also provides engineered parts; crank shafts; body bonnets; stub ends; forged components; top deck covers; and Christmas tree components, such as high pressure valve bodies, bonnets, choke bodies, crosses, casing spools, casing heads, and studs. The company also exports its products. Hilton Metal Forging Limited was founded in 2005 and is based in Mumbai, India.", "fullTimeEmployees": 78, "companyOfficers": [{"maxAge": 1, "name": "Mr. Yuvraj Hiralal Malhotra", "age": 54, "title": "Chairman & MD", "yearBorn": 1966, "fiscalYear": 2020, "totalPay": 4500000, "exercisedValue": 0, "unexercisedValue": 0}, {"maxAge": 1, "name": "Mr. Navraj Hiralal Malhotra", "age": 51, "title": "Whole Time Director", "yearBorn": 1969, "fiscalYear": 2020, "totalPay": 2400000, "exercisedValue": 0, "unexercisedValue": 0}, {"maxAge": 1, "name": "Mr. Siddharth  Jain", "title": "Chief Financial Officer", "exercisedValue": 0, "unexercisedValue": 0}, {"maxAge": 1, "name": "Ms. Richa  Shah", "title": "Company Sec. & Compliance Officer", "exercisedValue": 0, "unexercisedValue": 0}, {"maxAge": 1, "name": "Mr. Ramprosad  Ghosh", "age": 63, "title": "Gen. Mang. of Works", "yearBorn": 1957, "fiscalYear": 2009, "exercisedValue": 0, "unexercisedValue": 0}], "compensationAsOfEpochDate": "2020-12-31 05:30:00", "maxAge": 86400}, "cashflowStatementHistory": {"cashflowStatements": [{"maxAge": 1, "endDate": "2020-03-31", "netIncome": 15499000, "depreciation": 22415000, "changeToNetincome": 38479000, "changeToAccountReceivables": -154007000, "changeToLiabilities": 79077000, "changeToInventory": -22654000, "changeToOperatingActivities": 59227000, "totalCashFromOperatingActivities": 38036000, "capitalExpenditures": -1326000, "otherCashflowsFromInvestingActivities": 2212000, "totalCashflowsFromInvestingActivities": 886000, "netBorrowings": -864000, "otherCashflowsFromFinancingActivities": -34066000, "totalCashFromFinancingActivities": -34930000, "changeInCash": 3992000}, {"maxAge": 1, "endDate": "2019-03-31", "netIncome": 15505000, "depreciation": 21884000, "changeToNetincome": 31861000, "changeToAccountReceivables": 72420000, "changeToLiabilities": -218452000, "changeToInventory": 25504000, "changeToOperatingActivities": 70583000, "totalCashFromOperatingActivities": 19305000, "capitalExpenditures": -4030000, "otherCashflowsFromInvestingActivities": 4442000, "totalCashflowsFromInvestingActivities": 712000, "netBorrowings": 11968000, "otherCashflowsFromFinancingActivities": -33589000, "totalCashFromFinancingActivities": -21621000, "changeInCash": -1604000}, {"maxAge": 1, "endDate": "2018-03-31", "netIncome": 2721000, "depreciation": 21843000, "changeToNetincome": 41516000, "changeToAccountReceivables": -84305000, "changeToLiabilities": 181424000, "changeToInventory": -249208000, "changeToOperatingActivities": 76498000, "totalCashFromOperatingActivities": -9511000, "capitalExpenditures": -30050000, "otherCashflowsFromInvestingActivities": 1250000, "totalCashflowsFromInvestingActivities": -28800000, "netBorrowings": 68056000, "otherCashflowsFromFinancingActivities": -30872000, "totalCashFromFinancingActivities": 37184000, "changeInCash": -1126000}, {"maxAge": 1, "endDate": "2017-03-31", "netIncome": -4300000, "depreciation": 28797000, "changeToNetincome": 32686000, "changeToAccountReceivables": -9310000, "changeToLiabilities": 16061000, "changeToInventory": -69659000, "changeToOperatingActivities": 34853000, "totalCashFromOperatingActivities": 33915000, "capitalExpenditures": -4889000, "otherCashflowsFromInvestingActivities": 1303000, "totalCashflowsFromInvestingActivities": -3586000, "netBorrowings": 68056000, "otherCashflowsFromFinancingActivities": -30310000, "totalCashFromFinancingActivities": -30310000, "changeInCash": 19000}], "maxAge": 86400}, "institutionOwnership": {"ownershipList": [], "maxAge": 1}, "majorHoldersBreakdown": {"maxAge": 1, "insidersPercentHeld": 0.56983, "institutionsPercentHeld": 0.0, "institutionsFloatPercentHeld": 0.0, "institutionsCount": 0}, "balanceSheetHistoryQuarterly": {"balanceSheetStatements": [{"maxAge": 1, "endDate": "2020-12-31", "totalStockholderEquity": 514936000, "netTangibleAssets": 514936000}, {"maxAge": 1, "endDate": "2020-09-30", "cash": 11890000, "shortTermInvestments": 181436000, "netReceivables": 63724000, "inventory": 630472000, "totalCurrentAssets": 887522000, "longTermInvestments": 50000, "propertyPlantEquipment": 332111000, "otherAssets": 50540000, "totalAssets": 1270223000, "accountsPayable": 34316000, "otherCurrentLiab": 80103000, "longTermDebt": 126395000, "otherLiab": 75121000, "totalCurrentLiabilities": 553771000, "totalLiab": 755287000, "commonStock": 124430000, "treasuryStock": 390506000, "otherStockholderEquity": 390506000, "totalStockholderEquity": 514936000, "netTangibleAssets": 514936000}, {"maxAge": 1, "endDate": "2020-06-30", "totalStockholderEquity": 626865000, "netTangibleAssets": 626865000}, {"maxAge": 1, "endDate": "2020-03-31", "cash": 1363000, "netReceivables": 335729000, "inventory": 667954000, "otherCurrentAssets": 107320000, "totalCurrentAssets": 1112366000, "longTermInvestments": 50000, "propertyPlantEquipment": 322377000, "otherAssets": 57943000, "totalAssets": 1492736000, "accountsPayable": 244230000, "shortLongTermDebt": 7659000, "otherCurrentLiab": 96522000, "longTermDebt": 99306000, "otherLiab": 74849000, "totalCurrentLiabilities": 691716000, "totalLiab": 865871000, "commonStock": 124430000, "retainedEarnings": 162527000, "treasuryStock": 3727000, "capitalSurplus": 336181000, "otherStockholderEquity": 3727000, "totalStockholderEquity": 626865000, "netTangibleAssets": 626865000}], "maxAge": 86400}, "indexTrend": {"maxAge": 1, "symbol": "SP5", "peRatio": 19.7411, "pegRatio": 1.34172, "estimates": [{"period": "0q", "growth": 0.549}, {"period": "+1q", "growth": 0.431}, {"period": "0y", "growth": 0.305}, {"period": "+1y", "growth": 0.109}, {"period": "+5y", "growth": 0.120865}, {"period": "-5y"}]}, "defaultKeyStatistics": {"maxAge": 1, "priceHint": 2, "enterpriseValue": 515107776, "profitMargins": -0.28365, "floatShares": 4532336, "sharesOutstanding": 12443000, "heldPercentInsiders": 0.56983, "heldPercentInstitutions": 0.0, "beta": 0.92645, "category": null, "bookValue": 41.408, "priceToBook": 0.27530912, "fundFamily": null, "legalType": null, "lastFiscalYearEnd": "2020-03-31 05:30:00", "nextFiscalYearEnd": "2022-03-31 05:30:00", "mostRecentQuarter": "2020-12-31 05:30:00", "netIncomeToCommon": -169979008, "trailingEps": -13.628, "lastSplitFactor": null, "enterpriseToRevenue": 0.86, "enterpriseToEbitda": -3.074}, "summaryProfile": {"address1": "701, Palmspring", "address2": "Palmcourt Complex Link Road Malad (West)", "city": "Mumbai", "zip": "400064", "country": "India", "phone": "91 22 4042 6565", "fax": "91 22 4042 6566", "website": "http://www.hiltonmetal.com", "industry": "Metal Fabrication", "sector": "Industrials", "longBusinessSummary": "Hilton Metal Forging Limited manufactures and sells iron and steel forgings for oil and gas, refinery, and pharmaceutical industries in India. The company offers stainless steel, high pressure, threaded, blind, weld neck, and socket welded flanges; and forged and hydraulic fittings. It also provides engineered parts; crank shafts; body bonnets; stub ends; forged components; top deck covers; and Christmas tree components, such as high pressure valve bodies, bonnets, choke bodies, crosses, casing spools, casing heads, and studs. The company also exports its products. Hilton Metal Forging Limited was founded in 2005 and is based in Mumbai, India.", "fullTimeEmployees": 78, "companyOfficers": [], "maxAge": 86400}, "netSharePurchaseActivity": {"maxAge": 1, "period": "6m", "buyInfoCount": 0, "buyInfoShares": 0, "sellInfoCount": 0, "netInfoCount": 0, "netInfoShares": 0, "netPercentInsiderShares": 0.0, "totalInsiderShares": 7086267}, "insiderTransactions": {"transactions": [{"maxAge": 1, "shares": 6500, "value": 898, "filerUrl": "", "transactionText": "Acquisition at price 0.14 per share.", "filerName": "Malhotra (Yuvraj Hiralal)", "filerRelation": "Promoter", "moneyText": "", "startDate": "2020-09-29", "ownership": "D"}, {"maxAge": 1, "shares": 28125, "value": 3704, "filerUrl": "", "transactionText": "Acquisition at price 0.13 per share.", "filerName": "Malhotra (Yuvraj Hiralal)", "filerRelation": "Promoter", "moneyText": "", "startDate": "2020-09-28", "ownership": "D"}, {"maxAge": 1, "shares": 43500, "filerUrl": "", "transactionText": "", "filerName": "Malhotra (Diksha Yuvraj)", "filerRelation": "Director (Executive)", "moneyText": "", "startDate": "2019-03-14", "ownership": "D"}, {"maxAge": 1, "shares": 68400, "filerUrl": "", "transactionText": "", "filerName": "Malhotra (Yuvraj Hiralal) HUF", "filerRelation": "UNREPORTED", "moneyText": "", "startDate": "2017-12-29", "ownership": "D"}, {"maxAge": 1, "shares": 68400, "filerUrl": "", "transactionText": "", "filerName": "Malhotra (Diksha Yuvraj)", "filerRelation": "Director (Executive)", "moneyText": "", "startDate": "2017-12-29", "ownership": "D"}, {"maxAge": 1, "shares": 6100, "filerUrl": "", "transactionText": "", "filerName": "Malhotra (Diksha Yuvraj)", "filerRelation": "Director (Executive)", "moneyText": "", "startDate": "2017-12-29", "ownership": "D"}, {"maxAge": 1, "shares": 68400, "filerUrl": "", "transactionText": "", "filerName": "Hilton Steel Forging, Ltd.", "filerRelation": "Promoter", "moneyText": "", "startDate": "2017-12-08", "ownership": "D"}, {"maxAge": 1, "shares": 159217, "filerUrl": "", "transactionText": "", "filerName": "Malhotra (Yuvraj Hiralal)", "filerRelation": "Managing Director", "moneyText": "", "startDate": "2017-12-08", "ownership": "D"}, {"maxAge": 1, "shares": 24500, "filerUrl": "", "transactionText": "", "filerName": "Malhotra (Diksha Yuvraj)", "filerRelation": "Director (Executive)", "moneyText": "", "startDate": "2017-10-05", "ownership": "D"}, {"maxAge": 1, "shares": 25750, "filerUrl": "", "transactionText": "", "filerName": "Malhotra (Diksha Yuvraj)", "filerRelation": "Director (Executive)", "moneyText": "", "startDate": "2017-10-04", "ownership": "D"}, {"maxAge": 1, "shares": 25500, "filerUrl": "", "transactionText": "", "filerName": "Malhotra (Diksha Yuvraj)", "filerRelation": "Director (Executive)", "moneyText": "", "startDate": "2017-10-03", "ownership": "D"}, {"maxAge": 1, "shares": 24250, "filerUrl": "", "transactionText": "", "filerName": "Malhotra (Diksha Yuvraj)", "filerRelation": "Director (Executive)", "moneyText": "", "startDate": "2017-09-20", "ownership": "D"}, {"maxAge": 1, "shares": 25000, "filerUrl": "", "transactionText": "", "filerName": "Malhotra (Diksha Yuvraj)", "filerRelation": "Director (Executive)", "moneyText": "", "startDate": "2017-09-15", "ownership": "D"}, {"maxAge": 1, "shares": 75000, "filerUrl": "", "transactionText": "", "filerName": "Malhotra (Diksha Yuvraj)", "filerRelation": "Director (Executive)", "moneyText": "", "startDate": "2017-09-14", "ownership": "D"}, {"maxAge": 1, "shares": 32725, "filerUrl": "", "transactionText": "", "filerName": "Malhotra (Diksha Yuvraj)", "filerRelation": "Director (Executive)", "moneyText": "", "startDate": "2017-09-13", "ownership": "D"}, {"maxAge": 1, "shares": 27975, "filerUrl": "", "transactionText": "", "filerName": "Malhotra (Diksha Yuvraj)", "filerRelation": "Director (Executive)", "moneyText": "", "startDate": "2017-09-11", "ownership": "D"}, {"maxAge": 1, "shares": 28550, "filerUrl": "", "transactionText": "", "filerName": "Malhotra (Diksha Yuvraj)", "filerRelation": "Director (Executive)", "moneyText": "", "startDate": "2017-09-08", "ownership": "D"}, {"maxAge": 1, "shares": 110750, "filerUrl": "", "transactionText": "", "filerName": "Malhotra (Diksha Yuvraj)", "filerRelation": "Director (Executive)", "moneyText": "", "startDate": "2017-09-07", "ownership": "D"}, {"maxAge": 1, "shares": 5810, "filerUrl": "", "transactionText": "", "filerName": "Malhotra (Diksha Yuvraj)", "filerRelation": "Director (Executive)", "moneyText": "", "startDate": "2017-07-28", "ownership": "D"}, {"maxAge": 1, "shares": 4000, "filerUrl": "", "transactionText": "", "filerName": "Malhotra (Yuvraj Hiralal)", "filerRelation": "Managing Director", "moneyText": "", "startDate": "2010-10-06", "ownership": "D"}, {"maxAge": 1, "shares": 18300, "filerUrl": "", "transactionText": "", "filerName": "Malhotra (Yuvraj Hiralal)", "filerRelation": "Managing Director", "moneyText": "", "startDate": "2010-10-05", "ownership": "D"}, {"maxAge": 1, "shares": 3900, "filerUrl": "", "transactionText": "", "filerName": "Malhotra (Yuvraj Hiralal)", "filerRelation": "Managing Director", "moneyText": "", "startDate": "2010-09-30", "ownership": "D"}, {"maxAge": 1, "shares": 17000, "filerUrl": "", "transactionText": "", "filerName": "Malhotra (Yuvraj Hiralal)", "filerRelation": "Managing Director", "moneyText": "", "startDate": "2010-09-29", "ownership": "D"}, {"maxAge": 1, "shares": 12200, "filerUrl": "", "transactionText": "", "filerName": "Malhotra (Yuvraj Hiralal)", "filerRelation": "Managing Director", "moneyText": "", "startDate": "2010-09-28", "ownership": "D"}, {"maxAge": 1, "shares": 33100, "filerUrl": "", "transactionText": "", "filerName": "Malhotra (Yuvraj Hiralal)", "filerRelation": "Managing Director", "moneyText": "", "startDate": "2010-09-24", "ownership": "D"}, {"maxAge": 1, "shares": 50000, "filerUrl": "", "transactionText": "", "filerName": "Malhotra (Navaraj)", "filerRelation": "Director", "moneyText": "", "startDate": "2010-07-16", "ownership": "D"}, {"maxAge": 1, "shares": 18500, "filerUrl": "", "transactionText": "", "filerName": "Malhotra (Diksha Yuvraj)", "filerRelation": "UNREPORTED", "moneyText": "", "startDate": "2010-07-16", "ownership": "D"}, {"maxAge": 1, "shares": 72175, "filerUrl": "", "transactionText": "", "filerName": "Malhotra (Yuvraj Hiralal)", "filerRelation": "Managing Director", "moneyText": "", "startDate": "2010-07-16", "ownership": "D"}, {"maxAge": 1, "shares": 50000, "filerUrl": "", "transactionText": "", "filerName": "Malhotra (Navaraj)", "filerRelation": "Director", "moneyText": "", "startDate": "2010-07-09", "ownership": "D"}, {"maxAge": 1, "shares": 42925, "filerUrl": "", "transactionText": "", "filerName": "Malhotra (Yuvraj Hiralal)", "filerRelation": "Managing Director", "moneyText": "", "startDate": "2010-01-11", "ownership": "D"}, {"maxAge": 1, "shares": 49044, "filerUrl": "", "transactionText": "", "filerName": "Malhotra (Yuvraj Hiralal)", "filerRelation": "Managing Director", "moneyText": "", "startDate": "2010-01-07", "ownership": "D"}, {"maxAge": 1, "shares": 5862, "filerUrl": "", "transactionText": "", "filerName": "Malhotra (Yuvraj Hiralal)", "filerRelation": "Managing Director", "moneyText": "", "startDate": "2009-10-21", "ownership": "D"}, {"maxAge": 1, "shares": 124877, "filerUrl": "", "transactionText": "", "filerName": "Malhotra (Yuvraj Hiralal)", "filerRelation": "Managing Director", "moneyText": "", "startDate": "2009-10-12", "ownership": "D"}], "maxAge": 1}, "quoteType": {"exchange": "NSI", "quoteType": "EQUITY", "symbol": "HILTON.NS", "underlyingSymbol": "HILTON.NS", "shortName": "HILTON METAL FORGI", "longName": "Hilton Metal Forging Limited", "firstTradeDateEpochUtc": "2007-05-24 09:15:00", "timeZoneFullName": "Asia/Kolkata", "timeZoneShortName": "IST", "uuid": "b6737ab7-574b-31e1-8b01-e0ef4733e6e0", "gmtOffSetMilliseconds": 19800000, "maxAge": 1}, "incomeStatementHistory": {"incomeStatementHistory": [{"maxAge": 1, "endDate": "2020-03-31", "totalRevenue": 1029923000, "costOfRevenue": 709876000, "grossProfit": 320047000, "researchDevelopment": {}, "sellingGeneralAdministrative": 71141000, "nonRecurring": {}, "otherOperatingExpenses": 172716000, "totalOperatingExpenses": 979615000, "operatingIncome": 50308000, "totalOtherIncomeExpenseNet": -33231000, "ebit": 50308000, "interestExpense": -30647000, "incomeBeforeTax": 17077000, "incomeTaxExpense": 1578000, "minorityInterest": {}, "netIncomeFromContinuingOps": 15499000, "discontinuedOperations": {}, "extraordinaryItems": {}, "effectOfAccountingCharges": {}, "otherItems": {}, "netIncome": 15499000, "netIncomeApplicableToCommonShares": 15499000}, {"maxAge": 1, "endDate": "2019-03-31", "totalRevenue": 1007031000, "costOfRevenue": 749170000, "grossProfit": 257861000, "researchDevelopment": {}, "sellingGeneralAdministrative": 76440000, "nonRecurring": {}, "otherOperatingExpenses": 108661000, "totalOperatingExpenses": 959922000, "operatingIncome": 47109000, "totalOtherIncomeExpenseNet": -32281000, "ebit": 47109000, "interestExpense": -29271000, "incomeBeforeTax": 14828000, "incomeTaxExpense": -677000, "minorityInterest": {}, "netIncomeFromContinuingOps": 15505000, "discontinuedOperations": {}, "extraordinaryItems": {}, "effectOfAccountingCharges": {}, "otherItems": {}, "netIncome": 15505000, "netIncomeApplicableToCommonShares": 15505000}, {"maxAge": 1, "endDate": "2018-03-31", "totalRevenue": 948048000, "costOfRevenue": 682246000, "grossProfit": 265802000, "researchDevelopment": {}, "sellingGeneralAdministrative": 74544000, "nonRecurring": {}, "otherOperatingExpenses": 125379000, "totalOperatingExpenses": 909779000, "operatingIncome": 38269000, "totalOtherIncomeExpenseNet": -29422000, "ebit": 38269000, "interestExpense": -24795000, "incomeBeforeTax": 8847000, "incomeTaxExpense": 6126000, "minorityInterest": {}, "netIncomeFromContinuingOps": 2721000, "discontinuedOperations": {}, "extraordinaryItems": {}, "effectOfAccountingCharges": {}, "otherItems": {}, "netIncome": 2721000, "netIncomeApplicableToCommonShares": 2721000}, {"maxAge": 1, "endDate": "2017-03-31", "totalRevenue": 802686000, "costOfRevenue": 534271000, "grossProfit": 268415000, "researchDevelopment": {}, "sellingGeneralAdministrative": 80453000, "nonRecurring": {}, "otherOperatingExpenses": 136411000, "totalOperatingExpenses": 779935000, "operatingIncome": 22751000, "totalOtherIncomeExpenseNet": -24947000, "ebit": 22751000, "interestExpense": -30310000, "incomeBeforeTax": -2196000, "incomeTaxExpense": 2104000, "minorityInterest": {}, "netIncomeFromContinuingOps": -4300000, "discontinuedOperations": {}, "extraordinaryItems": {}, "effectOfAccountingCharges": {}, "otherItems": {}, "netIncome": -4300000, "netIncomeApplicableToCommonShares": -4300000}], "maxAge": 86400}, "fundOwnership": {"ownershipList": [], "maxAge": 1}, "summaryDetail": {"maxAge": 1, "priceHint": 2, "previousClose": 11.6, "open": 11.5, "dayLow": 11.05, "dayHigh": 11.75, "regularMarketPreviousClose": 11.6, "regularMarketOpen": 11.5, "regularMarketDayLow": 11.05, "regularMarketDayHigh": 11.75, "exDividendDate": "2015-09-21 05:30:00", "payoutRatio": 0.0, "beta": 0.92645, "volume": 4350, "regularMarketVolume": 4350, "averageVolume": 23390, "averageVolume10days": 12458, "averageDailyVolume10Day": 12458, "bid": 0.0, "ask": 11.4, "bidSize": 0, "askSize": 0, "marketCap": 138181680, "fiftyTwoWeekLow": 7.0, "fiftyTwoWeekHigh": 16.25, "priceToSalesTrailing12Months": 0.23058757, "fiftyDayAverage": 10.380882, "twoHundredDayAverage": 10.733334, "trailingAnnualDividendRate": 0.25, "trailingAnnualDividendYield": 0.021551723, "currency": "INR", "fromCurrency": null, "lastMarket": null, "algorithm": null, "tradeable": false}, "incomeStatementHistoryQuarterly": {"incomeStatementHistory": [{"maxAge": 1, "endDate": "2020-12-31", "totalRevenue": 233053000, "costOfRevenue": 293178000, "grossProfit": -60125000, "researchDevelopment": {}, "sellingGeneralAdministrative": 10662000, "nonRecurring": {}, "otherOperatingExpenses": 27276000, "totalOperatingExpenses": 336806000, "operatingIncome": -103753000, "totalOtherIncomeExpenseNet": -9513000, "ebit": -103753000, "interestExpense": -9513000, "incomeBeforeTax": -113266000, "incomeTaxExpense": -29449000, "minorityInterest": {}, "netIncomeFromContinuingOps": -83817000, "discontinuedOperations": {}, "extraordinaryItems": {}, "effectOfAccountingCharges": {}, "otherItems": {}, "netIncome": -83817000, "netIncomeApplicableToCommonShares": -83817000}, {"maxAge": 1, "endDate": "2020-09-30", "totalRevenue": 71208000, "costOfRevenue": 70867000, "grossProfit": 341000, "researchDevelopment": {}, "sellingGeneralAdministrative": 13473000, "nonRecurring": {}, "otherOperatingExpenses": 32139000, "totalOperatingExpenses": 122687000, "operatingIncome": -51479000, "totalOtherIncomeExpenseNet": -7843000, "ebit": -51479000, "interestExpense": -7843000, "incomeBeforeTax": -59322000, "incomeTaxExpense": -15424000, "minorityInterest": {}, "netIncomeFromContinuingOps": -43898000, "discontinuedOperations": {}, "extraordinaryItems": {}, "effectOfAccountingCharges": {}, "otherItems": {}, "netIncome": -43898000, "netIncomeApplicableToCommonShares": -43898000}, {"maxAge": 1, "endDate": "2020-06-30", "totalRevenue": 25832000, "costOfRevenue": 51317000, "grossProfit": -25485000, "researchDevelopment": {}, "sellingGeneralAdministrative": 2877000, "nonRecurring": {}, "otherOperatingExpenses": 4700000, "totalOperatingExpenses": 64560000, "operatingIncome": -38728000, "totalOtherIncomeExpenseNet": -13852000, "ebit": -38728000, "interestExpense": -13852000, "incomeBeforeTax": -52580000, "incomeTaxExpense": -13725000, "minorityInterest": {}, "netIncomeFromContinuingOps": -38855000, "discontinuedOperations": {}, "extraordinaryItems": {}, "effectOfAccountingCharges": {}, "otherItems": {}, "netIncome": -38855000, "netIncomeApplicableToCommonShares": -38855000}, {"maxAge": 1, "endDate": "2020-03-31", "totalRevenue": 269166000, "costOfRevenue": 213997000, "grossProfit": 55169000, "researchDevelopment": {}, "sellingGeneralAdministrative": 15261000, "nonRecurring": {}, "otherOperatingExpenses": 27277000, "totalOperatingExpenses": 265607000, "operatingIncome": 3559000, "totalOtherIncomeExpenseNet": -5494000, "ebit": 3559000, "interestExpense": -2910000, "incomeBeforeTax": -1935000, "incomeTaxExpense": 1420000, "minorityInterest": {}, "netIncomeFromContinuingOps": -3355000, "discontinuedOperations": {}, "extraordinaryItems": {}, "effectOfAccountingCharges": {}, "otherItems": {}, "netIncome": -3355000, "netIncomeApplicableToCommonShares": -3355000}], "maxAge": 86400}, "cashflowStatementHistoryQuarterly": {"cashflowStatements": [{"maxAge": 1, "endDate": "2020-12-31", "netIncome": -83817000, "changeToLiabilities": 0}, {"maxAge": 1, "endDate": "2020-09-30", "netIncome": -43898000, "changeToLiabilities": 0}, {"maxAge": 1, "endDate": "2020-06-30", "netIncome": -38855000, "changeToLiabilities": 0}, {"maxAge": 1, "endDate": "2020-03-31", "netIncome": -3355000, "changeToLiabilities": 0}], "maxAge": 86400}, "insiderHolders": {"holders": [{"maxAge": 1, "name": "Hilton Steel Forging, Ltd.", "relation": "Promoter", "url": "", "transactionDescription": "Sale", "latestTransDate": "2017-12-08", "positionDirect": 0, "positionDirectDate": "2017-12-08"}, {"maxAge": 1, "name": "Malhotra (Diksha Yuvraj)", "relation": "Director (Executive)", "url": "", "transactionDescription": "Acquisition", "latestTransDate": "2019-03-14", "positionDirect": 390475, "positionDirectDate": "2019-03-14"}, {"maxAge": 1, "name": "Malhotra (Navaraj)", "relation": "Director", "url": "", "transactionDescription": "Sale", "latestTransDate": "2010-07-16", "positionDirect": 149653, "positionDirectDate": "2010-07-16"}, {"maxAge": 1, "name": "Malhotra (Yuvraj Hiralal)", "relation": "Promoter", "url": "", "transactionDescription": "Acquisition", "latestTransDate": "2020-09-29", "positionDirect": 5696959, "positionDirectDate": "2020-09-29"}, {"maxAge": 1, "name": "Malhotra (Yuvraj Hiralal) HUF", "relation": "UNREPORTED", "url": "", "transactionDescription": "Sale", "latestTransDate": "2017-12-29", "positionDirect": 0, "positionDirectDate": "2017-12-29"}], "maxAge": 1}, "calendarEvents": {"maxAge": 1, "earnings": {"earningsDate": []}, "exDividendDate": "2015-09-21 05:30:00"}, "upgradeDowngradeHistory": {"history": [], "maxAge": 86400}, "price": {"maxAge": 1, "regularMarketChangePercent": -0.017241444, "regularMarketChange": -0.20000076, "regularMarketTime": "2021-04-30 15:25:44", "priceHint": 2, "regularMarketPrice": 11.4, "regularMarketDayHigh": 11.75, "regularMarketDayLow": 11.05, "regularMarketVolume": 4350, "averageDailyVolume10Day": 12458, "averageDailyVolume3Month": 23390, "regularMarketPreviousClose": 11.6, "regularMarketSource": "FREE_REALTIME", "regularMarketOpen": 11.5, "exchange": "NSI", "exchangeName": "NSE", "exchangeDataDelayedBy": 15, "marketState": "CLOSED", "quoteType": "EQUITY", "symbol": "HILTON.NS", "underlyingSymbol": null, "shortName": "HILTON METAL FORGI", "longName": "Hilton Metal Forging Limited", "currency": "INR", "quoteSourceName": "Delayed Quote", "currencySymbol": "\u20b9", "fromCurrency": null, "lastMarket": null, "marketCap": 138181680}, "balanceSheetHistory": {"balanceSheetStatements": [{"maxAge": 1, "endDate": "2020-03-31", "cash": 1363000, "netReceivables": 335729000, "inventory": 667954000, "otherCurrentAssets": 107320000, "totalCurrentAssets": 1112366000, "longTermInvestments": 50000, "propertyPlantEquipment": 322377000, "otherAssets": 57943000, "totalAssets": 1492736000, "accountsPayable": 244230000, "shortLongTermDebt": 7659000, "otherCurrentLiab": 96522000, "longTermDebt": 99306000, "otherLiab": 74849000, "totalCurrentLiabilities": 691716000, "totalLiab": 865871000, "commonStock": 124430000, "retainedEarnings": 162527000, "treasuryStock": 3727000, "capitalSurplus": 336181000, "otherStockholderEquity": 3727000, "totalStockholderEquity": 626865000, "netTangibleAssets": 626865000}, {"maxAge": 1, "endDate": "2019-03-31", "cash": 760000, "netReceivables": 186743000, "inventory": 645301000, "otherCurrentAssets": 116367000, "totalCurrentAssets": 949171000, "longTermInvestments": 50000, "propertyPlantEquipment": 343322000, "otherAssets": 53595000, "totalAssets": 1346138000, "accountsPayable": 165153000, "shortLongTermDebt": 4046000, "otherCurrentLiab": 72202000, "longTermDebt": 108028000, "otherLiab": 73527000, "totalCurrentLiabilities": 552374000, "totalLiab": 733929000, "commonStock": 124430000, "retainedEarnings": 147028000, "treasuryStock": 4570000, "capitalSurplus": 336181000, "otherStockholderEquity": 4570000, "totalStockholderEquity": 612209000, "netTangibleAssets": 612209000}, {"maxAge": 1, "endDate": "2018-03-31", "cash": 2292000, "netReceivables": 276220000, "inventory": 670805000, "otherCurrentAssets": 72706000, "totalCurrentAssets": 1022023000, "longTermInvestments": 50000, "propertyPlantEquipment": 370593000, "otherAssets": 27947000, "totalAssets": 1420613000, "accountsPayable": 383605000, "shortLongTermDebt": 1956000, "otherCurrentLiab": 11836000, "longTermDebt": 96060000, "otherLiab": 74521000, "totalCurrentLiabilities": 655653000, "totalLiab": 826234000, "commonStock": 124430000, "retainedEarnings": 131510000, "treasuryStock": 2258000, "capitalSurplus": 336181000, "otherStockholderEquity": 2258000, "totalStockholderEquity": 594379000, "netTangibleAssets": 594379000}, {"maxAge": 1, "endDate": "2017-03-31", "cash": 453000, "netReceivables": 229371000, "inventory": 427364000, "otherCurrentAssets": 105173000, "totalCurrentAssets": 765069000, "longTermInvestments": 51000, "propertyPlantEquipment": 362387000, "otherAssets": 25349000, "totalAssets": 1152856000, "accountsPayable": 202181000, "otherCurrentLiab": 17628000, "longTermDebt": 7455000, "otherLiab": 67968000, "totalCurrentLiabilities": 485646000, "totalLiab": 561069000, "commonStock": 124430000, "retainedEarnings": 130508000, "treasuryStock": 668000, "capitalSurplus": 336181000, "otherStockholderEquity": 668000, "totalStockholderEquity": 591787000, "netTangibleAssets": 591787000}], "maxAge": 86400}, "financialData": {"maxAge": 86400, "currentPrice": 11.4, "recommendationKey": "none", "totalCash": 193326000, "totalCashPerShare": 15.546, "ebitda": -167587744, "totalDebt": 564179008, "totalRevenue": 599259008, "debtToEquity": 109.563, "revenuePerShare": 48.045, "grossProfits": 320047000, "revenueGrowth": -0.144, "grossMargins": -0.047849998, "ebitdaMargins": -0.27966, "operatingMargins": -0.31773, "profitMargins": -0.28365, "financialCurrency": "INR"}}}