{"HINDBIO.BO": {"cashflowStatementHistory": {"cashflowStatements": [{"maxAge": 1, "endDate": "2020-03-31", "netIncome": 808726, "depreciation": 113774, "changeToNetincome": 174245, "changeToAccountReceivables": 3112245, "changeToLiabilities": 5980137, "changeToInventory": -2262933, "changeToOperatingActivities": 289947, "totalCashFromOperatingActivities": 8216141, "netBorrowings": -8082907, "totalCashFromFinancingActivities": -8082907, "changeInCash": 133234}, {"maxAge": 1, "endDate": "2019-03-31", "netIncome": 1099679, "depreciation": 107425, "changeToNetincome": 30223, "changeToAccountReceivables": -13567746, "changeToLiabilities": -22285, "changeToInventory": -344959, "changeToOperatingActivities": -528618, "totalCashFromOperatingActivities": -13226281, "capitalExpenditures": -121646, "totalCashflowsFromInvestingActivities": -107646, "netBorrowings": 15001408, "otherCashflowsFromFinancingActivities": -13853, "totalCashFromFinancingActivities": 14987555, "changeInCash": 1653628}, {"maxAge": 1, "endDate": "2018-03-31", "netIncome": -22752442, "depreciation": 95699, "changeToNetincome": 41716, "changeToAccountReceivables": 1503390, "changeToLiabilities": -1463821, "changeToInventory": -792718, "changeToOperatingActivities": 21077733, "totalCashFromOperatingActivities": -2290443, "capitalExpenditures": -48549, "totalCashflowsFromInvestingActivities": -48549, "netBorrowings": 2150688, "otherCashflowsFromFinancingActivities": -1245, "totalCashFromFinancingActivities": 2149443, "changeInCash": -189549}, {"maxAge": 1, "endDate": "2017-03-31", "netIncome": -4915237, "depreciation": 105760, "changeToNetincome": 135795, "changeToAccountReceivables": 45152, "changeToLiabilities": 1212046, "changeToInventory": 10975, "changeToOperatingActivities": 1792253, "totalCashFromOperatingActivities": -1613256, "capitalExpenditures": -30000, "totalCashflowsFromInvestingActivities": -30000, "netBorrowings": 1855652, "otherCashflowsFromFinancingActivities": -94022, "totalCashFromFinancingActivities": 1761630, "changeInCash": 118374}], "maxAge": 86400}, "institutionOwnership": {"maxAge": 1, "ownershipList": []}, "balanceSheetHistoryQuarterly": {"balanceSheetStatements": [{"maxAge": 1, "endDate": "2020-06-30", "totalStockholderEquity": 22444000, "netTangibleAssets": 22444000}, {"maxAge": 1, "endDate": "2020-03-31", "cash": 1966888, "netReceivables": 13632359, "inventory": 3400610, "otherCurrentAssets": 623857, "totalCurrentAssets": 19623714, "propertyPlantEquipment": 477484, "otherAssets": 35477468, "deferredLongTermAssetCharges": 102876, "totalAssets": 55578666, "accountsPayable": 6612245, "otherCurrentLiab": 192506, "longTermDebt": 16660532, "totalCurrentLiabilities": 16473688, "totalLiab": 33134220, "commonStock": 102508000, "retainedEarnings": -80063554, "totalStockholderEquity": 22444446, "netTangibleAssets": 22444446}, {"maxAge": 1, "endDate": "2019-12-31", "totalStockholderEquity": 21603000, "netTangibleAssets": 21603000}, {"maxAge": 1, "endDate": "2019-09-30", "cash": 558000, "netReceivables": 9584000, "inventory": 2106000, "otherCurrentAssets": 449000, "totalCurrentAssets": 12697000, "propertyPlantEquipment": 628000, "otherAssets": 35655000, "deferredLongTermAssetCharges": 277000, "totalAssets": 48980000, "accountsPayable": 47000, "otherCurrentLiab": 280000, "longTermDebt": 14783000, "totalCurrentLiabilities": 12594000, "totalLiab": 27377000, "commonStock": 102508000, "treasuryStock": -80905000, "otherStockholderEquity": -80905000, "totalStockholderEquity": 21603000, "netTangibleAssets": 21603000}], "maxAge": 86400}, "indexTrend": {"maxAge": 1, "symbol": "SP5", "peRatio": 19.7411, "pegRatio": 1.34172, "estimates": [{"period": "0q", "growth": 0.549}, {"period": "+1q", "growth": 0.431}, {"period": "0y", "growth": 0.305}, {"period": "+1y", "growth": 0.109}, {"period": "+5y", "growth": 0.120859005}, {"period": "-5y"}]}, "insiderTransactions": {"transactions": [{"maxAge": 1, "shares": 2000, "filerUrl": "", "transactionText": "", "filerName": "Raju (Mohan J V R)", "filerRelation": "Promoter", "moneyText": "", "startDate": "2020-01-16", "ownership": "D"}, {"maxAge": 1, "shares": 16000, "filerUrl": "", "transactionText": "", "filerName": "Raju (Mohan J V R)", "filerRelation": "Chairman of the Board", "moneyText": "", "startDate": "2019-12-18", "ownership": "D"}, {"maxAge": 1, "shares": 20000, "filerUrl": "", "transactionText": "", "filerName": "Raju (Mohan J V R)", "filerRelation": "Chairman of the Board", "moneyText": "", "startDate": "2019-11-28", "ownership": "D"}, {"maxAge": 1, "shares": 14100, "filerUrl": "", "transactionText": "", "filerName": "Raju (Mohan J V R)", "filerRelation": "Promoter", "moneyText": "", "startDate": "2019-11-26", "ownership": "D"}, {"maxAge": 1, "shares": 57791, "filerUrl": "", "transactionText": "", "filerName": "Raju (Mohan J V R)", "filerRelation": "Promoter", "moneyText": "", "startDate": "2019-11-22", "ownership": "D"}], "maxAge": 1}, "quoteType": {"exchange": "BSE", "quoteType": "EQUITY", "symbol": "HINDBIO.BO", "underlyingSymbol": "HINDBIO.BO", "shortName": "HINDUSTAN BIO SCIENCES LTD.", "longName": "Hindustan Bio Sciences Limited", "firstTradeDateEpochUtc": "2002-02-04 09:15:00", "timeZoneFullName": "Asia/Kolkata", "timeZoneShortName": "IST", "uuid": "63b4df7b-5f8f-369d-9314-fd52f2edc309", "messageBoardId": null, "gmtOffSetMilliseconds": 19800000, "maxAge": 1}, "incomeStatementHistory": {"incomeStatementHistory": [{"maxAge": 1, "endDate": "2020-03-31", "totalRevenue": 19433088, "costOfRevenue": 12245875, "grossProfit": 7187213, "researchDevelopment": {}, "sellingGeneralAdministrative": 4701758, "nonRecurring": {}, "otherOperatingExpenses": 1125186, "totalOperatingExpenses": 18186593, "operatingIncome": 1246495, "totalOtherIncomeExpenseNet": -81836, "ebit": 1246495, "interestExpense": {}, "incomeBeforeTax": 1164659, "incomeTaxExpense": 355933, "minorityInterest": {}, "netIncomeFromContinuingOps": 808726, "discontinuedOperations": {}, "extraordinaryItems": {}, "effectOfAccountingCharges": {}, "otherItems": {}, "netIncome": 808726, "netIncomeApplicableToCommonShares": 808726}, {"maxAge": 1, "endDate": "2019-03-31", "totalRevenue": 35640194, "costOfRevenue": 28811719, "grossProfit": 6828475, "researchDevelopment": {}, "sellingGeneralAdministrative": 5150548, "nonRecurring": {}, "otherOperatingExpenses": 304142, "totalOperatingExpenses": 34413558, "operatingIncome": 1226636, "totalOtherIncomeExpenseNet": -103433, "ebit": 1226636, "interestExpense": -13853, "incomeBeforeTax": 1123203, "incomeTaxExpense": 23524, "minorityInterest": {}, "netIncomeFromContinuingOps": 1099679, "discontinuedOperations": {}, "extraordinaryItems": {}, "effectOfAccountingCharges": {}, "otherItems": {}, "netIncome": 1099679, "netIncomeApplicableToCommonShares": 1099679}, {"maxAge": 1, "endDate": "2018-03-31", "totalRevenue": 11232964, "costOfRevenue": 5420878, "grossProfit": 5812086, "researchDevelopment": {}, "sellingGeneralAdministrative": 4500530, "nonRecurring": {}, "otherOperatingExpenses": 393924, "totalOperatingExpenses": 33907211, "operatingIncome": -22674247, "totalOtherIncomeExpenseNet": -37724, "ebit": -22674247, "interestExpense": -1245, "incomeBeforeTax": -22711971, "incomeTaxExpense": 40471, "minorityInterest": {}, "netIncomeFromContinuingOps": -22752442, "discontinuedOperations": {}, "extraordinaryItems": {}, "effectOfAccountingCharges": {}, "otherItems": {}, "netIncome": -22752442, "netIncomeApplicableToCommonShares": -22752442}, {"maxAge": 1, "endDate": "2017-03-31", "totalRevenue": 10125000, "costOfRevenue": 5278995, "grossProfit": 4846005, "researchDevelopment": {}, "sellingGeneralAdministrative": 5241179, "nonRecurring": {}, "otherOperatingExpenses": 2285981, "totalOperatingExpenses": 14888019, "operatingIncome": -4763019, "totalOtherIncomeExpenseNet": -110445, "ebit": -4763019, "interestExpense": -94022, "incomeBeforeTax": -4873464, "incomeTaxExpense": 41773, "minorityInterest": {}, "netIncomeFromContinuingOps": -4915237, "discontinuedOperations": {}, "extraordinaryItems": {}, "effectOfAccountingCharges": {}, "otherItems": {}, "netIncome": -4915237, "netIncomeApplicableToCommonShares": -4915237}], "maxAge": 86400}, "fundOwnership": {"maxAge": 1, "ownershipList": []}, "summaryDetail": {"maxAge": 1, "priceHint": 4, "previousClose": 3.72, "open": 3.9, "dayLow": 3.9, "dayHigh": 3.9, "regularMarketPreviousClose": 3.72, "regularMarketOpen": 3.9, "regularMarketDayLow": 3.9, "regularMarketDayHigh": 3.9, "volume": 22276, "regularMarketVolume": 22276, "averageVolume": 9815, "averageVolume10days": 2934, "averageDailyVolume10Day": 2934, "bid": 3.9, "ask": 0.0, "bidSize": 0, "askSize": 0, "marketCap": 39978120, "fiftyTwoWeekLow": 1.0, "fiftyTwoWeekHigh": 5.12, "fiftyDayAverage": 3.9837143, "twoHundredDayAverage": 3.0744526, "currency": "INR", "fromCurrency": null, "toCurrency": null, "lastMarket": null, "algorithm": null, "tradeable": false}, "incomeStatementHistoryQuarterly": {"incomeStatementHistory": [{"maxAge": 1, "endDate": "2020-06-30", "totalRevenue": 5548000, "costOfRevenue": 3730000, "grossProfit": 1818000, "researchDevelopment": {}, "sellingGeneralAdministrative": 655000, "nonRecurring": {}, "otherOperatingExpenses": 620000, "totalOperatingExpenses": 5021000, "operatingIncome": 527000, "totalOtherIncomeExpenseNet": -23000, "ebit": 527000, "interestExpense": -23000, "incomeBeforeTax": 504000, "incomeTaxExpense": 0, "minorityInterest": {}, "netIncomeFromContinuingOps": 504000, "discontinuedOperations": {}, "extraordinaryItems": {}, "effectOfAccountingCharges": {}, "otherItems": {}, "netIncome": 504000, "netIncomeApplicableToCommonShares": 504000}, {"maxAge": 1, "endDate": "2020-03-31", "totalRevenue": 8466088, "costOfRevenue": 5094875, "grossProfit": 3371213, "researchDevelopment": {}, "sellingGeneralAdministrative": 2768758, "nonRecurring": {}, "otherOperatingExpenses": -491814, "totalOperatingExpenses": 7395593, "operatingIncome": 1070495, "totalOtherIncomeExpenseNet": -18836, "ebit": 1070495, "interestExpense": -23000, "incomeBeforeTax": 1051659, "incomeTaxExpense": 355933, "minorityInterest": {}, "netIncomeFromContinuingOps": 695726, "discontinuedOperations": {}, "extraordinaryItems": {}, "effectOfAccountingCharges": {}, "otherItems": {}, "netIncome": 695726, "netIncomeApplicableToCommonShares": 695726}, {"maxAge": 1, "endDate": "2019-12-31", "totalRevenue": 3820000, "costOfRevenue": 2519000, "grossProfit": 1301000, "researchDevelopment": {}, "sellingGeneralAdministrative": 645000, "nonRecurring": {}, "otherOperatingExpenses": 464000, "totalOperatingExpenses": 3658000, "operatingIncome": 162000, "totalOtherIncomeExpenseNet": -16000, "ebit": 162000, "interestExpense": -16000, "incomeBeforeTax": 146000, "incomeTaxExpense": 0, "minorityInterest": {}, "netIncomeFromContinuingOps": 146000, "discontinuedOperations": {}, "extraordinaryItems": {}, "effectOfAccountingCharges": {}, "otherItems": {}, "netIncome": 146000, "netIncomeApplicableToCommonShares": 146000}, {"maxAge": 1, "endDate": "2019-09-30", "totalRevenue": 1395000, "costOfRevenue": 1582000, "grossProfit": -187000, "researchDevelopment": {}, "sellingGeneralAdministrative": 645000, "nonRecurring": {}, "otherOperatingExpenses": 529000, "totalOperatingExpenses": 2788000, "operatingIncome": -1393000, "totalOtherIncomeExpenseNet": -30000, "ebit": -1393000, "interestExpense": -30000, "incomeBeforeTax": -1423000, "incomeTaxExpense": 0, "minorityInterest": {}, "netIncomeFromContinuingOps": -1423000, "discontinuedOperations": {}, "extraordinaryItems": {}, "effectOfAccountingCharges": {}, "otherItems": {}, "netIncome": -1423000, "netIncomeApplicableToCommonShares": -1423000}], "maxAge": 86400}, "cashflowStatementHistoryQuarterly": {"cashflowStatements": [{"maxAge": 1, "endDate": "2020-06-30", "netIncome": 504000, "changeToLiabilities": 0}, {"maxAge": 1, "endDate": "2020-03-31", "netIncome": 695726, "changeToLiabilities": 0}, {"maxAge": 1, "endDate": "2019-12-31", "netIncome": 146000, "changeToLiabilities": 0}, {"maxAge": 1, "endDate": "2019-09-30", "netIncome": -1423000, "changeToLiabilities": 0}], "maxAge": 86400}, "insiderHolders": {"holders": [{"maxAge": 1, "name": "Raju (Mohan J V R)", "relation": "Promoter", "url": "", "transactionDescription": "Acquisition", "latestTransDate": "2020-01-16", "positionDirect": 962091, "positionDirectDate": "2020-01-16"}], "maxAge": 1}, "calendarEvents": {"maxAge": 1, "earnings": {"earningsDate": []}}, "price": {"maxAge": 1, "regularMarketChangePercent": 0.048387114, "regularMarketChange": 0.18000007, "regularMarketTime": "2021-04-30 15:15:00", "priceHint": 4, "regularMarketPrice": 3.9, "regularMarketDayHigh": 3.9, "regularMarketDayLow": 3.9, "regularMarketVolume": 22276, "averageDailyVolume10Day": 2934, "averageDailyVolume3Month": 9815, "regularMarketPreviousClose": 3.72, "regularMarketSource": "FREE_REALTIME", "regularMarketOpen": 3.9, "exchange": "BSE", "exchangeName": "BSE", "exchangeDataDelayedBy": 0, "marketState": "CLOSED", "quoteType": "EQUITY", "symbol": "HINDBIO.BO", "underlyingSymbol": null, "shortName": "HINDUSTAN BIO SCIENCES LTD.", "longName": "Hindustan Bio Sciences Limited", "currency": "INR", "quoteSourceName": "Delayed Quote", "currencySymbol": "\u20b9", "fromCurrency": null, "toCurrency": null, "lastMarket": null, "marketCap": 39978120}, "balanceSheetHistory": {"balanceSheetStatements": [{"maxAge": 1, "endDate": "2020-03-31", "cash": 1966888, "netReceivables": 13632359, "inventory": 3400610, "otherCurrentAssets": 623857, "totalCurrentAssets": 19623714, "propertyPlantEquipment": 477484, "otherAssets": 35477468, "deferredLongTermAssetCharges": 102876, "totalAssets": 55578666, "accountsPayable": 6612245, "otherCurrentLiab": 192506, "longTermDebt": 16660532, "totalCurrentLiabilities": 16473688, "totalLiab": 33134220, "commonStock": 102508000, "retainedEarnings": -80063554, "totalStockholderEquity": 22444446, "netTangibleAssets": 22444446}, {"maxAge": 1, "endDate": "2019-03-31", "cash": 1833653, "netReceivables": 16744604, "inventory": 1137677, "otherCurrentAssets": 319929, "totalCurrentAssets": 20035863, "propertyPlantEquipment": 591258, "otherAssets": 35666534, "deferredLongTermAssetCharges": 277122, "totalAssets": 56293655, "accountsPayable": 632108, "otherCurrentLiab": 65688, "longTermDebt": 24743439, "otherLiab": 1, "totalCurrentLiabilities": 9914495, "totalLiab": 34657935, "commonStock": 102508000, "retainedEarnings": -80872280, "totalStockholderEquity": 21635720, "netTangibleAssets": 21635720}, {"maxAge": 1, "endDate": "2018-03-31", "cash": 180025, "netReceivables": 3176858, "inventory": 792718, "otherCurrentAssets": 129117, "totalCurrentAssets": 4278718, "propertyPlantEquipment": 583882, "otherAssets": 32247546, "deferredLongTermAssetCharges": 300646, "totalAssets": 37110146, "accountsPayable": 654393, "otherCurrentLiab": 19169, "longTermDebt": 7642032, "totalCurrentLiabilities": 8932073, "totalLiab": 16574105, "commonStock": 102508000, "retainedEarnings": -81971959, "totalStockholderEquity": 20536041, "netTangibleAssets": 20536041}, {"maxAge": 1, "endDate": "2017-03-31", "cash": 369575, "netReceivables": 4680248, "totalCurrentAssets": 5049823, "propertyPlantEquipment": 631032, "otherAssets": 53013522, "deferredLongTermAssetCharges": 341117, "totalAssets": 58694377, "accountsPayable": 2118214, "otherCurrentLiab": 38030, "longTermDebt": 5491344, "totalCurrentLiabilities": 9914550, "totalLiab": 15405894, "commonStock": 102508000, "retainedEarnings": -59219517, "totalStockholderEquity": 43288483, "netTangibleAssets": 43288483}], "maxAge": 86400}, "financialData": {"maxAge": 86400, "currentPrice": 3.9, "recommendationKey": "none", "grossProfits": 7187213, "financialCurrency": "INR"}}}