{"HINDNATGLS.BO": {"recommendationTrend": {"trend": [{"period": "0m", "strongBuy": 0, "buy": 0, "hold": 0, "sell": 0, "strongSell": 0}, {"period": "-1m", "strongBuy": 0, "buy": 0, "hold": 0, "sell": 0, "strongSell": 0}, {"period": "-2m", "strongBuy": 0, "buy": 0, "hold": 0, "sell": 0, "strongSell": 0}, {"period": "-3m", "strongBuy": 0, "buy": 0, "hold": 0, "sell": 0, "strongSell": 0}], "maxAge": 86400}, "cashflowStatementHistory": {"cashflowStatements": [{"maxAge": 1, "endDate": "2020-03-31", "netIncome": -1030323000, "depreciation": 1479303000, "changeToNetincome": 2402281000, "changeToAccountReceivables": 424697000, "changeToLiabilities": -1476910000, "changeToInventory": -724200000, "changeToOperatingActivities": -1780307000, "totalCashFromOperatingActivities": -700129000, "capitalExpenditures": -59996000, "investments": 168160000, "otherCashflowsFromInvestingActivities": 18177000, "totalCashflowsFromInvestingActivities": 135330000, "netBorrowings": 91579000, "otherCashflowsFromFinancingActivities": -40777000, "totalCashFromFinancingActivities": 50802000, "changeInCash": -513997000}, {"maxAge": 1, "endDate": "2019-03-31", "netIncome": -1729506000, "depreciation": 1579221000, "changeToNetincome": 1533013000, "changeToAccountReceivables": 231300000, "changeToLiabilities": -566483000, "changeToInventory": 1027542000, "changeToOperatingActivities": 104226000, "totalCashFromOperatingActivities": 2185369000, "capitalExpenditures": -228727000, "investments": -168491000, "otherCashflowsFromInvestingActivities": 18416000, "totalCashflowsFromInvestingActivities": 959593000, "netBorrowings": -1588213000, "otherCashflowsFromFinancingActivities": -70397000, "totalCashFromFinancingActivities": -1658610000, "changeInCash": 1486351000}, {"maxAge": 1, "endDate": "2018-03-31", "netIncome": -2850070000, "depreciation": 1603455000, "changeToNetincome": 2356899000, "changeToAccountReceivables": 43890000, "changeToLiabilities": -101257000, "changeToInventory": 1159055000, "changeToOperatingActivities": 271104000, "totalCashFromOperatingActivities": 2488964000, "capitalExpenditures": -498143000, "investments": -168491000, "otherCashflowsFromInvestingActivities": 21268000, "totalCashflowsFromInvestingActivities": -427040000, "netBorrowings": -400133000, "otherCashflowsFromFinancingActivities": -2105416000, "totalCashFromFinancingActivities": -2047044000, "changeInCash": 14880000, "issuanceOfStock": 458505000}, {"maxAge": 1, "endDate": "2017-03-31", "netIncome": -1143933000, "depreciation": 1747389000, "changeToNetincome": 1334868000, "changeToAccountReceivables": 188415000, "changeToLiabilities": 195846000, "changeToInventory": -933307000, "changeToOperatingActivities": 271092000, "totalCashFromOperatingActivities": 1661669000, "capitalExpenditures": -755647000, "investments": 16321000, "otherCashflowsFromInvestingActivities": 20320000, "totalCashflowsFromInvestingActivities": 960753000, "netBorrowings": -223244000, "otherCashflowsFromFinancingActivities": -2424895000, "totalCashFromFinancingActivities": -2648139000, "changeInCash": -98969000, "issuanceOfStock": 458505000}], "maxAge": 86400}, "institutionOwnership": {"ownershipList": [], "maxAge": 1}, "balanceSheetHistoryQuarterly": {"balanceSheetStatements": [{"maxAge": 1, "endDate": "2020-06-30", "totalStockholderEquity": -1247177000, "netTangibleAssets": -1257292000}, {"maxAge": 1, "endDate": "2020-03-31", "cash": 1040450000, "shortTermInvestments": 13544000, "netReceivables": 3324891000, "inventory": 4554034000, "otherCurrentAssets": 1808992000, "totalCurrentAssets": 10804378000, "longTermInvestments": 16757000, "propertyPlantEquipment": 20122861000, "intangibleAssets": 10115000, "otherAssets": 883905000, "totalAssets": 31838016000, "accountsPayable": 2213027000, "shortLongTermDebt": 8638178000, "otherCurrentLiab": 497535000, "longTermDebt": 13180950000, "otherLiab": 245587000, "totalCurrentLiabilities": 19658589000, "totalLiab": 33085193000, "commonStock": 179107000, "retainedEarnings": -3068173000, "treasuryStock": 605505000, "capitalSurplus": 1036384000, "otherStockholderEquity": 605505000, "totalStockholderEquity": -1247177000, "netTangibleAssets": -1257292000}, {"maxAge": 1, "endDate": "2019-12-31", "totalStockholderEquity": -765200000, "netTangibleAssets": -777900000}, {"maxAge": 1, "endDate": "2019-09-30", "cash": 3217100000, "shortTermInvestments": 100400000, "netReceivables": 3251500000, "inventory": 3772100000, "otherCurrentAssets": 1298200000, "totalCurrentAssets": 11639300000, "longTermInvestments": 302400000, "propertyPlantEquipment": 20621300000, "intangibleAssets": 12700000, "otherAssets": 43600000, "totalAssets": 32619300000, "accountsPayable": 3327400000, "otherCurrentLiab": 12014700000, "longTermDebt": 14896600000, "otherLiab": 229500000, "totalCurrentLiabilities": 18258400000, "totalLiab": 33384500000, "commonStock": 179100000, "treasuryStock": -944300000, "otherStockholderEquity": -944300000, "totalStockholderEquity": -765200000, "netTangibleAssets": -777900000}], "maxAge": 86400}, "earningsHistory": {"history": [{"maxAge": 1, "epsActual": {}, "epsEstimate": {}, "epsDifference": {}, "surprisePercent": {}, "quarter": {}, "period": "-4q"}, {"maxAge": 1, "epsActual": {}, "epsEstimate": {}, "epsDifference": {}, "surprisePercent": {}, "quarter": {}, "period": "-3q"}, {"maxAge": 1, "epsActual": {}, "epsEstimate": {}, "epsDifference": {}, "surprisePercent": {}, "quarter": {}, "period": "-2q"}, {"maxAge": 1, "epsActual": {}, "epsEstimate": {}, "epsDifference": {}, "surprisePercent": {}, "quarter": {}, "period": "-1q"}], "maxAge": 86400}, "indexTrend": {"maxAge": 1, "symbol": "SP5", "peRatio": 19.7411, "pegRatio": 1.34172, "estimates": [{"period": "0q", "growth": 0.549}, {"period": "+1q", "growth": 0.431}, {"period": "0y", "growth": 0.305}, {"period": "+1y", "growth": 0.109}, {"period": "+5y", "growth": 0.120859005}, {"period": "-5y"}]}, "industryTrend": {"maxAge": 1, "symbol": null, "estimates": []}, "insiderTransactions": {"transactions": [{"maxAge": 1, "shares": 335000, "filerUrl": "", "transactionText": "", "filerName": "Brabourne Commerce Pvt Ltd", "filerRelation": "Promoter", "moneyText": "", "startDate": "2017-10-26", "ownership": "D"}, {"maxAge": 1, "shares": 280000, "filerUrl": "", "transactionText": "", "filerName": "Khazana Marketing Pvt. Ltd.", "filerRelation": "Institution- Corporation", "moneyText": "", "startDate": "2017-10-26", "ownership": "D"}, {"maxAge": 1, "shares": 170000, "filerUrl": "", "transactionText": "", "filerName": "Rungamattee Trexim Pvt Ltd", "filerRelation": "Promoter", "moneyText": "", "startDate": "2017-10-26", "ownership": "D"}, {"maxAge": 1, "shares": 280000, "filerUrl": "", "transactionText": "", "filerName": "Saurav Contractors Pvt. Ltd.", "filerRelation": "Institution- Corporation", "moneyText": "", "startDate": "2017-10-26", "ownership": "D"}, {"maxAge": 1, "shares": 330000, "filerUrl": "", "transactionText": "", "filerName": "Somany (Mukul)", "filerRelation": "Chief Executive Officer", "moneyText": "", "startDate": "2017-10-26", "ownership": "D"}, {"maxAge": 1, "shares": 330000, "filerUrl": "", "transactionText": "", "filerName": "Somany (Sanjay)", "filerRelation": "Chief Executive Officer", "moneyText": "", "startDate": "2017-10-26", "ownership": "D"}, {"maxAge": 1, "shares": 320000, "filerUrl": "", "transactionText": "", "filerName": "Somany (Sudha)", "filerRelation": "Promoter", "moneyText": "", "startDate": "2017-10-26", "ownership": "D"}, {"maxAge": 1, "shares": 170000, "filerUrl": "", "transactionText": "", "filerName": "Spotme Tracon Pvt Ltd", "filerRelation": "Promoter", "moneyText": "", "startDate": "2017-10-26", "ownership": "D"}], "maxAge": 1}, "quoteType": {"exchange": "BSE", "quoteType": "EQUITY", "symbol": "HINDNATGLS.BO", "underlyingSymbol": "HINDNATGLS.BO", "shortName": "HINDUSTHAN NATIONAL GLASS & IN", "longName": "Hindusthan National Glass &amp; Industries Limited", "firstTradeDateEpochUtc": "2002-06-20 09:15:00", "timeZoneFullName": "Asia/Kolkata", "timeZoneShortName": "IST", "uuid": "3ebe11c4-c9da-335f-9fb8-35df74eb88fe", "gmtOffSetMilliseconds": 19800000, "maxAge": 1}, "incomeStatementHistory": {"incomeStatementHistory": [{"maxAge": 1, "endDate": "2020-03-31", "totalRevenue": 22863681000, "costOfRevenue": 7042761000, "grossProfit": 15820920000, "researchDevelopment": {}, "sellingGeneralAdministrative": 2253586000, "nonRecurring": {}, "otherOperatingExpenses": 10938641000, "totalOperatingExpenses": 21722038000, "operatingIncome": 1141643000, "totalOtherIncomeExpenseNet": -2172767000, "ebit": 1141643000, "interestExpense": -2328281000, "incomeBeforeTax": -1031124000, "incomeTaxExpense": -801000, "minorityInterest": {}, "netIncomeFromContinuingOps": -1030323000, "discontinuedOperations": {}, "extraordinaryItems": {}, "effectOfAccountingCharges": {}, "otherItems": {}, "netIncome": -1030323000, "netIncomeApplicableToCommonShares": -1030323000}, {"maxAge": 1, "endDate": "2019-03-31", "totalRevenue": 23919357000, "costOfRevenue": 7978975000, "grossProfit": 15940382000, "researchDevelopment": {}, "sellingGeneralAdministrative": 2163547000, "nonRecurring": {}, "otherOperatingExpenses": 12449527000, "totalOperatingExpenses": 24178615000, "operatingIncome": -259258000, "totalOtherIncomeExpenseNet": -1467749000, "ebit": -259258000, "interestExpense": -2496268000, "incomeBeforeTax": -1727007000, "incomeTaxExpense": 2499000, "minorityInterest": {}, "netIncomeFromContinuingOps": -1729506000, "discontinuedOperations": {}, "extraordinaryItems": {}, "effectOfAccountingCharges": {}, "otherItems": {}, "netIncome": -1729506000, "netIncomeApplicableToCommonShares": -1729506000}, {"maxAge": 1, "endDate": "2018-03-31", "totalRevenue": 19273346000, "costOfRevenue": 6813182000, "grossProfit": 12460164000, "researchDevelopment": {}, "sellingGeneralAdministrative": 2115595000, "nonRecurring": {}, "otherOperatingExpenses": 9175888000, "totalOperatingExpenses": 19716976000, "operatingIncome": -443630000, "totalOtherIncomeExpenseNet": -2442825000, "ebit": -443630000, "interestExpense": -2504763000, "incomeBeforeTax": -2886455000, "incomeTaxExpense": -36385000, "minorityInterest": {}, "netIncomeFromContinuingOps": -2850070000, "discontinuedOperations": {}, "extraordinaryItems": {}, "effectOfAccountingCharges": {}, "otherItems": {}, "netIncome": -2850070000, "netIncomeApplicableToCommonShares": -2850070000}, {"maxAge": 1, "endDate": "2017-03-31", "totalRevenue": 18605993000, "costOfRevenue": 5549770000, "grossProfit": 13056223000, "researchDevelopment": {}, "sellingGeneralAdministrative": 2230293000, "nonRecurring": {}, "otherOperatingExpenses": 8895331000, "totalOperatingExpenses": 18424082000, "operatingIncome": 181911000, "totalOtherIncomeExpenseNet": -1325844000, "ebit": 181911000, "interestExpense": -2347328000, "incomeBeforeTax": -1143933000, "incomeTaxExpense": 0, "minorityInterest": {}, "netIncomeFromContinuingOps": -1143933000, "discontinuedOperations": {}, "extraordinaryItems": {}, "effectOfAccountingCharges": {}, "otherItems": {}, "netIncome": -1143933000, "netIncomeApplicableToCommonShares": -1143933000}], "maxAge": 86400}, "fundOwnership": {"ownershipList": [], "maxAge": 1}, "summaryDetail": {"maxAge": 1, "priceHint": 2, "previousClose": 31.8, "open": 31.65, "dayLow": 30.8, "dayHigh": 32.0, "regularMarketPreviousClose": 31.8, "regularMarketOpen": 31.65, "regularMarketDayLow": 30.8, "regularMarketDayHigh": 32.0, "volume": 5458, "regularMarketVolume": 5458, "averageVolume": 16252, "averageVolume10days": 16649, "averageDailyVolume10Day": 16649, "bid": 31.4, "ask": 31.8, "bidSize": 0, "askSize": 0, "marketCap": 2811983104, "fiftyTwoWeekLow": 23.3, "fiftyTwoWeekHigh": 49.0, "fiftyDayAverage": 32.831818, "twoHundredDayAverage": 29.171692, "currency": "INR", "fromCurrency": null, "lastMarket": null, "algorithm": null, "tradeable": false}, "sectorTrend": {"maxAge": 1, "symbol": null, "estimates": []}, "incomeStatementHistoryQuarterly": {"incomeStatementHistory": [{"maxAge": 1, "endDate": "2020-06-30", "totalRevenue": 2948600000, "costOfRevenue": 1845400000, "grossProfit": 1103200000, "researchDevelopment": {}, "sellingGeneralAdministrative": 444500000, "nonRecurring": {}, "otherOperatingExpenses": 564200000, "totalOperatingExpenses": 3199400000, "operatingIncome": -250800000, "totalOtherIncomeExpenseNet": -657200000, "ebit": -250800000, "interestExpense": -553800000, "incomeBeforeTax": -908000000, "incomeTaxExpense": 0, "minorityInterest": {}, "netIncomeFromContinuingOps": -908000000, "discontinuedOperations": {}, "extraordinaryItems": {}, "effectOfAccountingCharges": {}, "otherItems": {}, "netIncome": -908000000, "netIncomeApplicableToCommonShares": -908000000}, {"maxAge": 1, "endDate": "2020-03-31", "totalRevenue": 5370081000, "costOfRevenue": -3893039000, "grossProfit": 9263120000, "researchDevelopment": {}, "sellingGeneralAdministrative": 618186000, "nonRecurring": {}, "otherOperatingExpenses": 8017241000, "totalOperatingExpenses": 5122538000, "operatingIncome": 247543000, "totalOtherIncomeExpenseNet": -531467000, "ebit": 247543000, "interestExpense": -588581000, "incomeBeforeTax": -283924000, "incomeTaxExpense": -501000, "minorityInterest": {}, "netIncomeFromContinuingOps": -283423000, "discontinuedOperations": {}, "extraordinaryItems": {}, "effectOfAccountingCharges": {}, "otherItems": {}, "netIncome": -283423000, "netIncomeApplicableToCommonShares": -283423000}, {"maxAge": 1, "endDate": "2019-12-31", "totalRevenue": 5663700000, "costOfRevenue": 3453700000, "grossProfit": 2210000000, "researchDevelopment": {}, "sellingGeneralAdministrative": 527800000, "nonRecurring": {}, "otherOperatingExpenses": 1107600000, "totalOperatingExpenses": 5446000000, "operatingIncome": 217700000, "totalOtherIncomeExpenseNet": -415000000, "ebit": 217700000, "interestExpense": -581700000, "incomeBeforeTax": -197300000, "incomeTaxExpense": -1100000, "minorityInterest": {}, "netIncomeFromContinuingOps": -196200000, "discontinuedOperations": {}, "extraordinaryItems": {}, "effectOfAccountingCharges": {}, "otherItems": {}, "netIncome": -196200000, "netIncomeApplicableToCommonShares": -196200000}, {"maxAge": 1, "endDate": "2019-09-30", "totalRevenue": 5664200000, "costOfRevenue": 3464100000, "grossProfit": 2200100000, "researchDevelopment": {}, "sellingGeneralAdministrative": 589000000, "nonRecurring": {}, "otherOperatingExpenses": 884700000, "totalOperatingExpenses": 5310400000, "operatingIncome": 353800000, "totalOtherIncomeExpenseNet": -651500000, "ebit": 353800000, "interestExpense": -601500000, "incomeBeforeTax": -297700000, "incomeTaxExpense": 300000, "minorityInterest": {}, "netIncomeFromContinuingOps": -298000000, "discontinuedOperations": {}, "extraordinaryItems": {}, "effectOfAccountingCharges": {}, "otherItems": {}, "netIncome": -298000000, "netIncomeApplicableToCommonShares": -298000000}], "maxAge": 86400}, "cashflowStatementHistoryQuarterly": {"cashflowStatements": [{"maxAge": 1, "endDate": "2020-06-30", "netIncome": -908000000, "changeToLiabilities": 0}, {"maxAge": 1, "endDate": "2020-03-31", "netIncome": -283423000, "changeToLiabilities": 0}, {"maxAge": 1, "endDate": "2019-12-31", "netIncome": -196200000, "changeToLiabilities": 0}, {"maxAge": 1, "endDate": "2019-09-30", "netIncome": -298000000, "changeToLiabilities": 0}], "maxAge": 86400}, "insiderHolders": {"holders": [{"maxAge": 1, "name": "Brabourne Commerce Pvt Ltd", "relation": "Promoter", "url": "", "transactionDescription": "Other", "latestTransDate": "2017-10-26", "positionDirect": 21749485, "positionDirectDate": "2017-10-26"}, {"maxAge": 1, "name": "Khazana Marketing Pvt. Ltd.", "relation": "Institution- Corporation", "url": "", "transactionDescription": "Other", "latestTransDate": "2017-10-26", "positionDirect": 280000, "positionDirectDate": "2017-10-26"}, {"maxAge": 1, "name": "Rungamattee Trexim Pvt Ltd", "relation": "Promoter", "url": "", "transactionDescription": "Other", "latestTransDate": "2017-10-26", "positionDirect": 4590550, "positionDirectDate": "2017-10-26"}, {"maxAge": 1, "name": "Saurav Contractors Pvt. Ltd.", "relation": "Institution- Corporation", "url": "", "transactionDescription": "Other", "latestTransDate": "2017-10-26", "positionDirect": 280000, "positionDirectDate": "2017-10-26"}, {"maxAge": 1, "name": "Somany (Mukul)", "relation": "Chief Executive Officer", "url": "", "transactionDescription": "Other", "latestTransDate": "2017-10-26", "positionDirect": 4021370, "positionDirectDate": "2017-10-26"}, {"maxAge": 1, "name": "Somany (Sanjay)", "relation": "Chief Executive Officer", "url": "", "transactionDescription": "Other", "latestTransDate": "2017-10-26", "positionDirect": 3112865, "positionDirectDate": "2017-10-26"}, {"maxAge": 1, "name": "Somany (Sudha)", "relation": "Promoter", "url": "", "transactionDescription": "Other", "latestTransDate": "2017-10-26", "positionDirect": 1829070, "positionDirectDate": "2017-10-26"}, {"maxAge": 1, "name": "Spotme Tracon Pvt Ltd", "relation": "Promoter", "url": "", "transactionDescription": "Other", "latestTransDate": "2017-10-26", "positionDirect": 4590545, "positionDirectDate": "2017-10-26"}], "maxAge": 1}, "earnings": {"maxAge": 86400, "earningsChart": {"quarterly": [], "earningsDate": []}, "financialsChart": {"yearly": [{"date": 2017, "revenue": 18605993000, "earnings": -1143933000}, {"date": 2018, "revenue": 19273346000, "earnings": -2850070000}, {"date": 2019, "revenue": 23919357000, "earnings": -1729506000}, {"date": 2020, "revenue": 22863681000, "earnings": -1030323000}], "quarterly": [{"date": "3Q2019", "revenue": 5664200000, "earnings": -298000000}, {"date": "4Q2019", "revenue": 5663700000, "earnings": -196200000}, {"date": "1Q2020", "revenue": 5370081000, "earnings": -283423000}, {"date": "2Q2020", "revenue": 2948600000, "earnings": -908000000}]}, "financialCurrency": "INR"}, "calendarEvents": {"maxAge": 1, "earnings": {"earningsDate": []}}, "upgradeDowngradeHistory": {"history": [], "maxAge": 86400}, "price": {"maxAge": 1, "regularMarketChangePercent": -0.012578604, "regularMarketChange": -0.39999962, "regularMarketTime": "2021-04-30 15:27:45", "priceHint": 2, "regularMarketPrice": 31.4, "regularMarketDayHigh": 32.0, "regularMarketDayLow": 30.8, "regularMarketVolume": 5458, "averageDailyVolume10Day": 16649, "averageDailyVolume3Month": 16252, "regularMarketPreviousClose": 31.8, "regularMarketSource": "FREE_REALTIME", "regularMarketOpen": 31.65, "exchange": "BSE", "exchangeName": "BSE", "exchangeDataDelayedBy": 0, "marketState": "CLOSED", "quoteType": "EQUITY", "symbol": "HINDNATGLS.BO", "underlyingSymbol": null, "shortName": "HINDUSTHAN NATIONAL GLASS & IN", "longName": "Hindusthan National Glass &amp; Industries Limited", "currency": "INR", "quoteSourceName": "Delayed Quote", "currencySymbol": "\u20b9", "fromCurrency": null, "lastMarket": null, "marketCap": 2811983104}, "balanceSheetHistory": {"balanceSheetStatements": [{"maxAge": 1, "endDate": "2020-03-31", "cash": 1040450000, "shortTermInvestments": 13544000, "netReceivables": 3324891000, "inventory": 4554034000, "otherCurrentAssets": 1808992000, "totalCurrentAssets": 10804378000, "longTermInvestments": 16757000, "propertyPlantEquipment": 20122861000, "intangibleAssets": 10115000, "otherAssets": 883905000, "totalAssets": 31838016000, "accountsPayable": 2213027000, "shortLongTermDebt": 8638178000, "otherCurrentLiab": 497535000, "longTermDebt": 13180950000, "otherLiab": 245587000, "totalCurrentLiabilities": 19658589000, "totalLiab": 33085193000, "commonStock": 179107000, "retainedEarnings": -3068173000, "treasuryStock": 605505000, "capitalSurplus": 1036384000, "otherStockholderEquity": 605505000, "totalStockholderEquity": -1247177000, "netTangibleAssets": -1257292000}, {"maxAge": 1, "endDate": "2019-03-31", "cash": 1554447000, "shortTermInvestments": 194288000, "netReceivables": 3780864000, "inventory": 3829808000, "otherCurrentAssets": 627506000, "totalCurrentAssets": 10024490000, "longTermInvestments": 16757000, "propertyPlantEquipment": 21456397000, "intangibleAssets": 15375000, "otherAssets": 274442000, "totalAssets": 31787461000, "accountsPayable": 3541456000, "shortLongTermDebt": 5205409000, "otherCurrentLiab": 623346000, "longTermDebt": 15641301000, "otherLiab": 359443000, "totalCurrentLiabilities": 16002087000, "totalLiab": 32002907000, "commonStock": 179107000, "retainedEarnings": -2536442000, "treasuryStock": 1105505000, "capitalSurplus": 1036384000, "otherStockholderEquity": 1105505000, "totalStockholderEquity": -215446000, "netTangibleAssets": -230821000}, {"maxAge": 1, "endDate": "2018-03-31", "cash": 68095000, "shortTermInvestments": 21776000, "netReceivables": 4030023000, "inventory": 4850169000, "otherCurrentAssets": 759879000, "totalCurrentAssets": 9771928000, "longTermInvestments": 490194000, "propertyPlantEquipment": 22688434000, "intangibleAssets": 20956000, "otherAssets": 310067000, "totalAssets": 33281579000, "accountsPayable": 4545100000, "shortLongTermDebt": 2851853000, "otherCurrentLiab": 455606000, "longTermDebt": 16475864000, "otherLiab": 205535000, "totalCurrentLiabilities": 15006217000, "totalLiab": 31687616000, "commonStock": 179107000, "retainedEarnings": -620202000, "treasuryStock": 998674000, "capitalSurplus": 1036384000, "otherStockholderEquity": 998674000, "totalStockholderEquity": 1593963000, "netTangibleAssets": 1573007000}, {"maxAge": 1, "endDate": "2017-03-31", "cash": 53215000, "shortTermInvestments": 6493000, "netReceivables": 4081334000, "inventory": 6009224000, "otherCurrentAssets": 926463000, "totalCurrentAssets": 11137450000, "longTermInvestments": 395144000, "propertyPlantEquipment": 23918617000, "intangibleAssets": 26970000, "otherAssets": 413490000, "totalAssets": 35891671000, "accountsPayable": 4524404000, "shortLongTermDebt": 1503477000, "otherCurrentLiab": 474488000, "longTermDebt": 18890933000, "otherLiab": 272740000, "totalCurrentLiabilities": 12747785000, "totalLiab": 31911458000, "commonStock": 174677000, "retainedEarnings": 2229868000, "treasuryStock": 993359000, "capitalSurplus": 582309000, "otherStockholderEquity": 993359000, "totalStockholderEquity": 3980213000, "netTangibleAssets": 3953243000}], "maxAge": 86400}, "earningsTrend": {"trend": [{"maxAge": 1, "period": "0q", "endDate": null, "growth": {}, "earningsEstimate": {"avg": 0.0, "low": 0.0, "high": 0.0, "yearAgoEps": {}, "numberOfAnalysts": 0, "growth": {}}, "revenueEstimate": {"avg": 0, "low": 0, "high": 0, "numberOfAnalysts": 0, "yearAgoRevenue": {}, "growth": {}}, "epsTrend": {"current": 0.0, "7daysAgo": 0.0, "30daysAgo": 0.0, "60daysAgo": 0.0, "90daysAgo": 0.0}, "epsRevisions": {"upLast7days": 0, "upLast30days": 0, "downLast30days": 0, "downLast90days": {}}}, {"maxAge": 1, "period": "+1q", "endDate": null, "growth": {}, "earningsEstimate": {"avg": 0.0, "low": 0.0, "high": 0.0, "yearAgoEps": {}, "numberOfAnalysts": 0, "growth": {}}, "revenueEstimate": {"avg": 0, "low": 0, "high": 0, "numberOfAnalysts": 0, "yearAgoRevenue": {}, "growth": {}}, "epsTrend": {"current": 0.0, "7daysAgo": 0.0, "30daysAgo": 0.0, "60daysAgo": 0.0, "90daysAgo": 0.0}, "epsRevisions": {"upLast7days": 0, "upLast30days": 0, "downLast30days": 0, "downLast90days": {}}}, {"maxAge": 1, "period": "0y", "endDate": null, "growth": {}, "earningsEstimate": {"avg": 0.0, "low": 0.0, "high": 0.0, "yearAgoEps": {}, "numberOfAnalysts": 0, "growth": {}}, "revenueEstimate": {"avg": 0, "low": 0, "high": 0, "numberOfAnalysts": 0, "yearAgoRevenue": {}, "growth": {}}, "epsTrend": {"current": 0.0, "7daysAgo": 0.0, "30daysAgo": 0.0, "60daysAgo": 0.0, "90daysAgo": 0.0}, "epsRevisions": {"upLast7days": 0, "upLast30days": 0, "downLast30days": 0, "downLast90days": {}}}, {"maxAge": 1, "period": "+1y", "endDate": null, "growth": {}, "earningsEstimate": {"avg": 0.0, "low": 0.0, "high": 0.0, "yearAgoEps": {}, "numberOfAnalysts": 0, "growth": {}}, "revenueEstimate": {"avg": 0, "low": 0, "high": 0, "numberOfAnalysts": 0, "yearAgoRevenue": {}, "growth": {}}, "epsTrend": {"current": 0.0, "7daysAgo": 0.0, "30daysAgo": 0.0, "60daysAgo": 0.0, "90daysAgo": 0.0}, "epsRevisions": {"upLast7days": 0, "upLast30days": 0, "downLast30days": 0, "downLast90days": {}}}, {"maxAge": 1, "period": "+5y", "endDate": null, "growth": {}, "earningsEstimate": {"avg": {}, "low": {}, "high": {}, "yearAgoEps": {}, "numberOfAnalysts": {}, "growth": {}}, "revenueEstimate": {"avg": {}, "low": {}, "high": {}, "numberOfAnalysts": {}, "yearAgoRevenue": {}, "growth": {}}, "epsTrend": {"current": {}, "7daysAgo": {}, "30daysAgo": {}, "60daysAgo": {}, "90daysAgo": {}}, "epsRevisions": {"upLast7days": {}, "upLast30days": {}, "downLast30days": {}, "downLast90days": {}}}, {"maxAge": 1, "period": "-5y", "endDate": null, "growth": -0.46989, "earningsEstimate": {"avg": {}, "low": {}, "high": {}, "yearAgoEps": {}, "numberOfAnalysts": {}, "growth": {}}, "revenueEstimate": {"avg": {}, "low": {}, "high": {}, "numberOfAnalysts": {}, "yearAgoRevenue": {}, "growth": {}}, "epsTrend": {"current": {}, "7daysAgo": {}, "30daysAgo": {}, "60daysAgo": {}, "90daysAgo": {}}, "epsRevisions": {"upLast7days": {}, "upLast30days": {}, "downLast30days": {}, "downLast90days": {}}}], "maxAge": 1}, "financialData": {"maxAge": 86400, "currentPrice": 31.4, "targetHighPrice": 268.4, "targetLowPrice": 268.4, "targetMeanPrice": 268.4, "targetMedianPrice": 268.4, "recommendationKey": "none", "numberOfAnalystOpinions": 1, "grossProfits": 15820920000, "financialCurrency": "INR"}}}