{"HINDUNILVR.BO": {"recommendationTrend": {"trend": [{"period": "0m", "strongBuy": 0, "buy": 0, "hold": 0, "sell": 0, "strongSell": 0}, {"period": "-1m", "strongBuy": 0, "buy": 0, "hold": 0, "sell": 0, "strongSell": 0}, {"period": "-2m", "strongBuy": 0, "buy": 0, "hold": 0, "sell": 0, "strongSell": 0}, {"period": "-3m", "strongBuy": 0, "buy": 0, "hold": 0, "sell": 0, "strongSell": 0}], "maxAge": 86400}, "cashflowStatementHistory": {"cashflowStatements": [{"maxAge": 1, "endDate": "2020-03-31", "netIncome": 67480000000, "depreciation": 9980000000, "changeToNetincome": -5380000000, "changeToLiabilities": 0, "changeToInventory": -3310000000, "changeToOperatingActivities": 7420000000, "totalCashFromOperatingActivities": 76230000000, "capitalExpenditures": -8500000000, "investments": 22790000000, "otherCashflowsFromInvestingActivities": 3520000000, "totalCashflowsFromInvestingActivities": 17910000000, "dividendsPaid": -62570000000, "netBorrowings": -4720000000, "otherCashflowsFromFinancingActivities": -900000000, "totalCashFromFinancingActivities": -68190000000, "changeInCash": 25950000000}, {"maxAge": 1, "endDate": "2019-03-31", "netIncome": 60540000000, "depreciation": 5610000000, "changeToNetincome": -4770000000, "changeToLiabilities": 0, "changeToInventory": -1950000000, "changeToOperatingActivities": -1470000000, "totalCashFromOperatingActivities": 58000000000, "capitalExpenditures": -6950000000, "investments": 390000000, "otherCashflowsFromInvestingActivities": 2900000000, "totalCashflowsFromInvestingActivities": -4380000000, "dividendsPaid": -45460000000, "netBorrowings": 990000000, "otherCashflowsFromFinancingActivities": -9430000000, "totalCashFromFinancingActivities": -53900000000, "changeInCash": -280000000}, {"maxAge": 1, "endDate": "2018-03-31", "netIncome": 52140000000, "depreciation": 5160000000, "changeToNetincome": -5110000000, "changeToLiabilities": 0, "changeToInventory": -1460000000, "changeToOperatingActivities": 9820000000, "totalCashFromOperatingActivities": 60590000000, "capitalExpenditures": -8880000000, "investments": -4970000000, "otherCashflowsFromInvestingActivities": 2970000000, "totalCashflowsFromInvestingActivities": -10630000000, "dividendsPaid": -38960000000, "netBorrowings": -2770000000, "otherCashflowsFromFinancingActivities": -8020000000, "totalCashFromFinancingActivities": -49750000000, "changeInCash": 210000000}, {"maxAge": 1, "endDate": "2017-03-31", "netIncome": 44760000000, "depreciation": 4260000000, "changeToNetincome": -2890000000, "changeToAccountReceivables": 1730000000, "changeToLiabilities": 5010000000, "changeToInventory": 370000000, "changeToOperatingActivities": -1450000000, "totalCashFromOperatingActivities": 51850000000, "capitalExpenditures": -11130000000, "investments": -1410000000, "otherCashflowsFromInvestingActivities": 2330000000, "totalCashflowsFromInvestingActivities": -11730000000, "dividendsPaid": -35720000000, "netBorrowings": 1000000000, "otherCashflowsFromFinancingActivities": -7420000000, "totalCashFromFinancingActivities": -42140000000, "changeInCash": -2020000000}], "maxAge": 86400}, "indexTrend": {"maxAge": 1, "symbol": "SP5", "peRatio": 19.7411, "pegRatio": 1.34172, "estimates": [{"period": "0q", "growth": 0.549}, {"period": "+1q", "growth": 0.431}, {"period": "0y", "growth": 0.305}, {"period": "+1y", "growth": 0.109}, {"period": "+5y", "growth": 0.120865}, {"period": "-5y"}]}, "industryTrend": {"maxAge": 1, "symbol": null, "estimates": []}, "quoteType": {"exchange": "BSE", "quoteType": "EQUITY", "symbol": "HINDUNILVR.BO", "underlyingSymbol": "HINDUNILVR.BO", "shortName": "HINDUSTAN UNILEVER LTD.", "longName": "Hindustan Unilever Limited", "firstTradeDateEpochUtc": "1991-01-03 09:15:00", "timeZoneFullName": "Asia/Kolkata", "timeZoneShortName": "IST", "uuid": "20ac3487-442b-3fd9-9224-bba8a06e212d", "gmtOffSetMilliseconds": 19800000, "maxAge": 1}, "incomeStatementHistory": {"incomeStatementHistory": [{"maxAge": 1, "endDate": "2020-03-31", "totalRevenue": 404150000000, "costOfRevenue": 184150000000, "grossProfit": 213680000000, "researchDevelopment": {}, "sellingGeneralAdministrative": 66520000000, "nonRecurring": {}, "otherOperatingExpenses": 48640000000, "totalOperatingExpenses": 309330000000, "operatingIncome": 88500000000, "totalOtherIncomeExpenseNet": 3230000000, "ebit": 88500000000, "interestExpense": -830000000, "incomeBeforeTax": 91730000000, "incomeTaxExpense": 24090000000, "minorityInterest": 170000000, "netIncomeFromContinuingOps": 67640000000, "discontinuedOperations": -80000000, "extraordinaryItems": {}, "effectOfAccountingCharges": {}, "otherItems": {}, "netIncome": 67480000000, "netIncomeApplicableToCommonShares": 67480000000}, {"maxAge": 1, "endDate": "2019-03-31", "totalRevenue": 393100000000, "costOfRevenue": 186170000000, "grossProfit": 206930000000, "researchDevelopment": {}, "sellingGeneralAdministrative": 68080000000, "nonRecurring": {}, "otherOperatingExpenses": 50160000000, "totalOperatingExpenses": 310060000000, "operatingIncome": 83040000000, "totalOtherIncomeExpenseNet": 3000000000, "ebit": 83040000000, "interestExpense": -40000000, "incomeBeforeTax": 86040000000, "incomeTaxExpense": 25440000000, "minorityInterest": 180000000, "netIncomeFromContinuingOps": 60600000000, "discontinuedOperations": -80000000, "extraordinaryItems": {}, "effectOfAccountingCharges": {}, "otherItems": {}, "netIncome": 60540000000, "netIncomeApplicableToCommonShares": 60540000000}, {"maxAge": 1, "endDate": "2018-03-31", "totalRevenue": 355450000000, "costOfRevenue": 168500000000, "grossProfit": 186950000000, "researchDevelopment": {}, "sellingGeneralAdministrative": 63080000000, "nonRecurring": {}, "otherOperatingExpenses": 48980000000, "totalOperatingExpenses": 285740000000, "operatingIncome": 69710000000, "totalOtherIncomeExpenseNet": 3330000000, "ebit": 69710000000, "interestExpense": -50000000, "incomeBeforeTax": 73040000000, "incomeTaxExpense": 20790000000, "minorityInterest": 200000000, "netIncomeFromContinuingOps": 52250000000, "discontinuedOperations": 20000000, "extraordinaryItems": {}, "effectOfAccountingCharges": {}, "otherItems": {}, "netIncome": 52140000000, "netIncomeApplicableToCommonShares": 52140000000}, {"maxAge": 1, "endDate": "2017-03-31", "totalRevenue": 331620000000, "costOfRevenue": 164440000000, "grossProfit": 167180000000, "researchDevelopment": {}, "sellingGeneralAdministrative": 55600000000, "nonRecurring": {}, "otherOperatingExpenses": 48260000000, "totalOperatingExpenses": 272600000000, "operatingIncome": 59020000000, "totalOtherIncomeExpenseNet": 5770000000, "ebit": 59020000000, "interestExpense": -140000000, "incomeBeforeTax": 64790000000, "incomeTaxExpense": 19770000000, "minorityInterest": 220000000, "netIncomeFromContinuingOps": 45020000000, "discontinuedOperations": -120000000, "extraordinaryItems": {}, "effectOfAccountingCharges": {}, "otherItems": {}, "netIncome": 44760000000, "netIncomeApplicableToCommonShares": 44760000000}], "maxAge": 86400}, "fundOwnership": {"ownershipList": [{"maxAge": 1, "reportDate": "2020-07-31", "organization": "Vanguard International Stock Index-Total Intl Stock Indx", "pctHeld": 0.0064, "position": 15020069, "value": 33237910690}, {"maxAge": 1, "reportDate": "2020-07-31", "organization": "Vanguard International Stock Index-Emerging Markets Stk", "pctHeld": 0.0050999997, "position": 12047850, "value": 26660687265}, {"maxAge": 1, "reportDate": "2020-07-31", "organization": "iShares Core MSCI Emerging Markets ETF", "pctHeld": 0.0026, "position": 6163871, "value": 13640030135}, {"maxAge": 1, "reportDate": "2020-08-31", "organization": "iShares MSCI India ETF", "pctHeld": 0.0021, "position": 4851696, "value": 10268857168}, {"maxAge": 1, "reportDate": "2020-08-31", "organization": "JP Morgan Emerging Markets Equity Fund", "pctHeld": 0.0016, "position": 3738318, "value": 7912336962}, {"maxAge": 1, "reportDate": "2020-08-31", "organization": "iShares MSCI Emerging Markets ETF", "pctHeld": 0.0013, "position": 3016508, "value": 6384590007}, {"maxAge": 1, "reportDate": "2020-08-31", "organization": "Aberdeen Standard SICAV I-Indian Equity Fd", "pctHeld": 0.0011, "position": 2561451, "value": 5421439114}, {"maxAge": 1, "reportDate": "2020-07-31", "organization": "DFA Emerging Markets Core Equity Portfolio", "pctHeld": 0.001, "position": 2343924, "value": 5186869419}, {"maxAge": 1, "reportDate": "2020-07-31", "organization": "Advisors Inner Circle Fund III-GQG Partners Emerging Markets Equity Fd", "pctHeld": 0.00090000004, "position": 2029564, "value": 4491222175}, {"maxAge": 1, "reportDate": "2020-09-30", "organization": "Principal Diversified International Fund", "pctHeld": 0.0008, "position": 1768380, "value": 3657628773}], "maxAge": 1}, "summaryDetail": {"maxAge": 1, "priceHint": 2, "previousClose": 2409.05, "open": 2415.0, "dayLow": 2331.0, "dayHigh": 2444.45, "regularMarketPreviousClose": 2409.05, "regularMarketOpen": 2415.0, "regularMarketDayLow": 2331.0, "regularMarketDayHigh": 2444.45, "trailingPE": 75.7547, "forwardPE": 98.56994, "volume": 178827, "regularMarketVolume": 178827, "averageVolume": 129659, "averageVolume10days": 236633, "averageDailyVolume10Day": 236633, "bid": 0.0, "ask": 2360.0, "bidSize": 0, "askSize": 0, "marketCap": 5530512261120, "fiftyTwoWeekLow": 1756.0, "fiftyTwoWeekHigh": 2614.0, "fiftyDayAverage": 2365.8289, "twoHundredDayAverage": 2211.8235, "trailingAnnualDividendRate": 28.0, "trailingAnnualDividendYield": 0.011622839, "currency": "INR", "fromCurrency": null, "lastMarket": null, "algorithm": null, "tradeable": false}, "insiderHolders": {"holders": [{"maxAge": 1, "name": "Agarwal (Amit)", "relation": "UNREPORTED", "url": "", "transactionDescription": "Other", "latestTransDate": "2020-05-29", "positionDirect": 2346, "positionDirectDate": "2020-05-29"}, {"maxAge": 1, "name": "Arora (Dheeraj)", "relation": "UNREPORTED", "url": "", "transactionDescription": "Other", "latestTransDate": "2020-08-28", "positionDirect": 18311, "positionDirectDate": "2020-08-28"}, {"maxAge": 1, "name": "Dhillon (Harman)", "relation": "UNREPORTED", "url": "", "transactionDescription": "Other", "latestTransDate": "2020-08-28", "positionDirect": 11222, "positionDirectDate": "2020-08-28"}, {"maxAge": 1, "name": "Gaurisaria (Subhra)", "relation": "UNREPORTED", "url": "", "transactionDescription": "Other", "latestTransDate": "2020-08-28", "positionDirect": 3585, "positionDirectDate": "2020-08-28"}, {"maxAge": 1, "name": "Jain (Rahul)", "relation": "UNREPORTED", "url": "", "transactionDescription": "Other", "latestTransDate": "2020-08-28", "positionDirect": 985, "positionDirectDate": "2020-08-28"}, {"maxAge": 1, "name": "Joshi (Swapnil)", "relation": "UNREPORTED", "url": "", "transactionDescription": "Other", "latestTransDate": "2020-08-28", "positionDirect": 3001, "positionDirectDate": "2020-08-28"}, {"maxAge": 1, "name": "Khaitan (Sunanda)", "relation": "UNREPORTED", "url": "", "transactionDescription": "Other", "latestTransDate": "2020-08-28", "positionDirect": 461, "positionDirectDate": "2020-08-28"}, {"maxAge": 1, "name": "Lovalekar (Amol Balvant)", "relation": "UNREPORTED", "url": "", "transactionDescription": "Other", "latestTransDate": "2020-08-28", "positionDirect": 1873, "positionDirectDate": "2020-08-28"}, {"maxAge": 1, "name": "Neelakantan (Arun)", "relation": "UNREPORTED", "url": "", "transactionDescription": "Other", "latestTransDate": "2020-08-28", "positionDirect": 5597, "positionDirectDate": "2020-08-28"}, {"maxAge": 1, "name": "Sethna (Simone)", "relation": "UNREPORTED", "url": "", "transactionDescription": "Other", "latestTransDate": "2020-08-28", "positionDirect": 1328, "positionDirectDate": "2020-08-28"}], "maxAge": 1}, "calendarEvents": {"maxAge": 1, "earnings": {"earningsDate": [], "revenueAverage": 96208000000, "revenueLow": 96208000000, "revenueHigh": 96208000000}}, "upgradeDowngradeHistory": {"history": [], "maxAge": 86400}, "price": {"maxAge": 1, "regularMarketChangePercent": -0.022913575, "regularMarketChange": -55.19995, "regularMarketTime": "2021-04-30 15:59:58", "priceHint": 2, "regularMarketPrice": 2353.85, "regularMarketDayHigh": 2444.45, "regularMarketDayLow": 2331.0, "regularMarketVolume": 178827, "averageDailyVolume10Day": 236633, "averageDailyVolume3Month": 129659, "regularMarketPreviousClose": 2409.05, "regularMarketSource": "FREE_REALTIME", "regularMarketOpen": 2415.0, "exchange": "BSE", "exchangeName": "BSE", "exchangeDataDelayedBy": 0, "marketState": "CLOSED", "quoteType": "EQUITY", "symbol": "HINDUNILVR.BO", "underlyingSymbol": null, "shortName": "HINDUSTAN UNILEVER LTD.", "longName": "Hindustan Unilever Limited", "currency": "INR", "quoteSourceName": "Delayed Quote", "currencySymbol": "\u20b9", "fromCurrency": null, "lastMarket": null, "marketCap": 5530512261120}, "balanceSheetHistory": {"balanceSheetStatements": [{"maxAge": 1, "endDate": "2020-03-31", "cash": 32160000000, "shortTermInvestments": 29680000000, "netReceivables": 15090000000, "inventory": 27670000000, "otherCurrentAssets": 6080000000, "totalCurrentAssets": 123210000000, "longTermInvestments": 30000000, "propertyPlantEquipment": 55570000000, "goodWill": 1170000000, "intangibleAssets": 4020000000, "otherAssets": 17530000000, "deferredLongTermAssetCharges": 2840000000, "totalAssets": 201530000000, "accountsPayable": 75350000000, "otherCurrentLiab": 9900000000, "otherLiab": 19840000000, "minorityInterest": 170000000, "totalCurrentLiabilities": 93170000000, "totalLiab": 119070000000, "commonStock": 2160000000, "retainedEarnings": 78120000000, "treasuryStock": 480000000, "capitalSurplus": 1530000000, "otherStockholderEquity": 480000000, "totalStockholderEquity": 82290000000, "netTangibleAssets": 77100000000}, {"maxAge": 1, "endDate": "2019-03-31", "cash": 6210000000, "shortTermInvestments": 35190000000, "netReceivables": 21380000000, "inventory": 25740000000, "otherCurrentAssets": 3480000000, "totalCurrentAssets": 119140000000, "longTermInvestments": 30000000, "propertyPlantEquipment": 45980000000, "goodWill": 1170000000, "intangibleAssets": 4060000000, "otherAssets": 15910000000, "deferredLongTermAssetCharges": 3730000000, "totalAssets": 186290000000, "accountsPayable": 72060000000, "otherCurrentLiab": 8050000000, "otherLiab": 20770000000, "minorityInterest": 180000000, "totalCurrentLiabilities": 86670000000, "totalLiab": 107440000000, "commonStock": 2160000000, "retainedEarnings": 74620000000, "treasuryStock": 470000000, "capitalSurplus": 1420000000, "otherStockholderEquity": 470000000, "totalStockholderEquity": 78670000000, "netTangibleAssets": 73440000000}, {"maxAge": 1, "endDate": "2018-03-31", "cash": 6490000000, "shortTermInvestments": 34500000000, "netReceivables": 18090000000, "inventory": 25130000000, "otherCurrentAssets": 3680000000, "totalCurrentAssets": 116600000000, "longTermInvestments": 30000000, "propertyPlantEquipment": 45410000000, "goodWill": 810000000, "intangibleAssets": 3670000000, "otherAssets": 12100000000, "deferredLongTermAssetCharges": 3020000000, "totalAssets": 178620000000, "accountsPayable": 71700000000, "otherCurrentLiab": 10320000000, "otherLiab": 16740000000, "minorityInterest": 200000000, "totalCurrentLiabilities": 88870000000, "totalLiab": 105610000000, "commonStock": 2160000000, "retainedEarnings": 68820000000, "treasuryStock": 560000000, "capitalSurplus": 1270000000, "otherStockholderEquity": 560000000, "totalStockholderEquity": 72810000000, "netTangibleAssets": 68330000000}, {"maxAge": 1, "endDate": "2017-03-31", "cash": 6280000000, "shortTermInvestments": 13300000000, "netReceivables": 14190000000, "inventory": 25410000000, "otherCurrentAssets": 4660000000, "totalCurrentAssets": 101720000000, "longTermInvestments": 70000000, "propertyPlantEquipment": 41970000000, "goodWill": 810000000, "intangibleAssets": 3700000000, "otherAssets": 8790000000, "deferredLongTermAssetCharges": 1700000000, "totalAssets": 157060000000, "accountsPayable": 61860000000, "shortLongTermDebt": 2770000000, "otherCurrentLiab": 6200000000, "otherLiab": 12260000000, "minorityInterest": 220000000, "totalCurrentLiabilities": 77140000000, "totalLiab": 89400000000, "commonStock": 2160000000, "retainedEarnings": 63470000000, "treasuryStock": 650000000, "capitalSurplus": 1160000000, "otherStockholderEquity": 650000000, "totalStockholderEquity": 67440000000, "netTangibleAssets": 62930000000}], "maxAge": 86400}, "earningsTrend": {"trend": [{"maxAge": 1, "period": "0q", "endDate": "2018-12-31", "growth": {}, "earningsEstimate": {"avg": 0.0, "low": 0.0, "high": 0.0, "yearAgoEps": 6.23, "numberOfAnalysts": 0, "growth": {}}, "revenueEstimate": {"avg": 96208000000, "low": 96208000000, "high": 96208000000, "numberOfAnalysts": 1, "yearAgoRevenue": 87420000000, "growth": 0.101}, "epsTrend": {"current": 0.0, "7daysAgo": 7.7, "30daysAgo": 7.7, "60daysAgo": 7.7, "90daysAgo": 7.7}, "epsRevisions": {"upLast7days": 0, "upLast30days": 0, "downLast30days": 0, "downLast90days": {}}}, {"maxAge": 1, "period": "+1q", "endDate": "2019-03-31", "growth": {}, "earningsEstimate": {"avg": 0.0, "low": 0.0, "high": 0.0, "yearAgoEps": 6.54, "numberOfAnalysts": 0, "growth": {}}, "revenueEstimate": {"avg": 103145000000, "low": 103145000000, "high": 103145000000, "numberOfAnalysts": 1, "yearAgoRevenue": 90030000000, "growth": 0.146}, "epsTrend": {"current": 0.0, "7daysAgo": 6.36, "30daysAgo": 6.36, "60daysAgo": 6.36, "90daysAgo": 6.36}, "epsRevisions": {"upLast7days": 0, "upLast30days": 0, "downLast30days": 0, "downLast90days": {}}}, {"maxAge": 1, "period": "0y", "endDate": "2019-03-31", "growth": {}, "earningsEstimate": {"avg": 0.0, "low": 0.0, "high": 0.0, "yearAgoEps": {}, "numberOfAnalysts": 0, "growth": {}}, "revenueEstimate": {"avg": 389498000000, "low": 375589000000, "high": 418209000000, "numberOfAnalysts": 26, "yearAgoRevenue": 339260000000, "growth": 0.148}, "epsTrend": {"current": 0.0, "7daysAgo": 28.76, "30daysAgo": 28.76, "60daysAgo": 28.76, "90daysAgo": 28.76}, "epsRevisions": {"upLast7days": 0, "upLast30days": 0, "downLast30days": 1, "downLast90days": {}}}, {"maxAge": 1, "period": "+1y", "endDate": "2020-03-31", "growth": {}, "earningsEstimate": {"avg": 0.0, "low": 0.0, "high": 0.0, "yearAgoEps": {}, "numberOfAnalysts": 0, "growth": {}}, "revenueEstimate": {"avg": 439797000000, "low": 412073000000, "high": 482661000000, "numberOfAnalysts": 26, "yearAgoRevenue": 389498000000, "growth": 0.129}, "epsTrend": {"current": 0.0, "7daysAgo": 33.81, "30daysAgo": 33.81, "60daysAgo": 33.81, "90daysAgo": 33.81}, "epsRevisions": {"upLast7days": 0, "upLast30days": 3, "downLast30days": 0, "downLast90days": {}}}, {"maxAge": 1, "period": "+5y", "endDate": null, "growth": 0.19370002, "earningsEstimate": {"avg": {}, "low": {}, "high": {}, "yearAgoEps": {}, "numberOfAnalysts": {}, "growth": {}}, "revenueEstimate": {"avg": {}, "low": {}, "high": {}, "numberOfAnalysts": {}, "yearAgoRevenue": {}, "growth": {}}, "epsTrend": {"current": {}, "7daysAgo": {}, "30daysAgo": {}, "60daysAgo": {}, "90daysAgo": {}}, "epsRevisions": {"upLast7days": {}, "upLast30days": {}, "downLast30days": {}, "downLast90days": {}}}, {"maxAge": 1, "period": "-5y", "endDate": null, "growth": {}, "earningsEstimate": {"avg": {}, "low": {}, "high": {}, "yearAgoEps": {}, "numberOfAnalysts": {}, "growth": {}}, "revenueEstimate": {"avg": {}, "low": {}, "high": {}, "numberOfAnalysts": {}, "yearAgoRevenue": {}, "growth": {}}, "epsTrend": {"current": {}, "7daysAgo": {}, "30daysAgo": {}, "60daysAgo": {}, "90daysAgo": {}}, "epsRevisions": {"upLast7days": {}, "upLast30days": {}, "downLast30days": {}, "downLast90days": {}}}], "maxAge": 1}, "institutionOwnership": {"ownershipList": [], "maxAge": 1}, "balanceSheetHistoryQuarterly": {"balanceSheetStatements": [{"maxAge": 1, "endDate": "2020-09-30", "cash": 39740000000, "shortTermInvestments": 31300000000, "netReceivables": 20680000000, "inventory": 34850000000, "otherCurrentAssets": 7580000000, "totalCurrentAssets": 134150000000, "longTermInvestments": 6220000000, "propertyPlantEquipment": 66180000000, "goodWill": 173970000000, "intangibleAssets": 279460000000, "otherAssets": 16540000000, "deferredLongTermAssetCharges": 220000000, "totalAssets": 676520000000, "accountsPayable": 84080000000, "otherCurrentLiab": 25020000000, "otherLiab": 97090000000, "minorityInterest": 160000000, "totalCurrentLiabilities": 110970000000, "totalLiab": 208060000000, "commonStock": 2350000000, "treasuryStock": 465950000000, "otherStockholderEquity": 465950000000, "totalStockholderEquity": 468300000000, "netTangibleAssets": 14870000000}, {"maxAge": 1, "endDate": "2020-06-30", "totalStockholderEquity": 82290000000, "netTangibleAssets": 77100000000}, {"maxAge": 1, "endDate": "2020-03-31", "cash": 32160000000, "shortTermInvestments": 29680000000, "netReceivables": 15090000000, "inventory": 27670000000, "otherCurrentAssets": 6080000000, "totalCurrentAssets": 123210000000, "longTermInvestments": 30000000, "propertyPlantEquipment": 55570000000, "goodWill": 1170000000, "intangibleAssets": 4020000000, "otherAssets": 17530000000, "deferredLongTermAssetCharges": 2840000000, "totalAssets": 201530000000, "accountsPayable": 75350000000, "otherCurrentLiab": 9900000000, "otherLiab": 19840000000, "minorityInterest": 170000000, "totalCurrentLiabilities": 93170000000, "totalLiab": 119070000000, "commonStock": 2160000000, "retainedEarnings": 78120000000, "treasuryStock": 480000000, "capitalSurplus": 1530000000, "otherStockholderEquity": 480000000, "totalStockholderEquity": 82290000000, "netTangibleAssets": 77100000000}, {"maxAge": 1, "endDate": "2019-12-31", "totalStockholderEquity": 80330000000, "netTangibleAssets": 75170000000}], "maxAge": 86400}, "earningsHistory": {"history": [{"maxAge": 1, "epsActual": 6.23, "epsEstimate": 5.52, "epsDifference": 0.71, "surprisePercent": 0.129, "quarter": "2017-12-31", "period": "-4q"}, {"maxAge": 1, "epsActual": 6.54, "epsEstimate": 6.16, "epsDifference": 0.38, "surprisePercent": 0.062, "quarter": "2018-03-31", "period": "-3q"}, {"maxAge": 1, "epsActual": 7.33, "epsEstimate": 7.15, "epsDifference": 0.18, "surprisePercent": 0.025, "quarter": "2018-06-30", "period": "-2q"}, {"maxAge": 1, "epsActual": 7.2, "epsEstimate": 6.69, "epsDifference": 0.51, "surprisePercent": 0.076, "quarter": "2018-09-30", "period": "-1q"}], "maxAge": 86400}, "esgScores": {"maxAge": 86400, "totalEsg": 25.94, "environmentScore": 11.29, "socialScore": 7.93, "governanceScore": 6.72, "ratingYear": 2020, "ratingMonth": 10, "highestControversy": 2.0, "esgPerformance": null, "peerCount": 29, "peerGroup": "Household Products", "relatedControversy": ["Operations Incidents", "Employee Incidents", "Customer Incidents"], "peerEsgScorePerformance": {"min": 18.48, "avg": 24.94275862068966, "max": 31.95}, "peerGovernancePerformance": {"min": 5.96, "avg": 7.692413793103449, "max": 9.76}, "peerSocialPerformance": {"min": 4.02, "avg": 7.9379310344827605, "max": 9.75}, "peerEnvironmentPerformance": {"min": 5.78, "avg": 9.31310344827586, "max": 14.02}, "peerHighestControversyPerformance": {"min": 0.0, "avg": 1.8275862068965518, "max": 3.0}, "percentile": 41.6, "environmentPercentile": 0.0, "socialPercentile": 0.0, "governancePercentile": 0.0, "adult": false, "alcoholic": false, "animalTesting": true, "catholic": false, "controversialWeapons": false, "smallArms": false, "furLeather": false, "gambling": false, "gmo": false, "militaryContract": false, "nuclear": false, "pesticides": false, "palmOil": false, "coal": false, "tobacco": false}, "insiderTransactions": {"transactions": [{"maxAge": 1, "shares": 2559, "value": 76300, "filerUrl": "", "transactionText": "Other at price 29.82 per share.", "filerName": "Neelakantan (Arun)", "filerRelation": "UNREPORTED", "moneyText": "", "startDate": "2020-08-28", "ownership": "D"}, {"maxAge": 1, "shares": 461, "value": 13745, "filerUrl": "", "transactionText": "Other at price 29.82 per share.", "filerName": "Sethna (Simone)", "filerRelation": "UNREPORTED", "moneyText": "", "startDate": "2020-08-28", "ownership": "D"}, {"maxAge": 1, "shares": 921, "value": 27460, "filerUrl": "", "transactionText": "Other at price 29.82 per share.", "filerName": "Arora (Dheeraj)", "filerRelation": "UNREPORTED", "moneyText": "", "startDate": "2020-08-28", "ownership": "D"}, {"maxAge": 1, "shares": 691, "value": 20603, "filerUrl": "", "transactionText": "Other at price 29.82 per share.", "filerName": "Dhillon (Harman)", "filerRelation": "UNREPORTED", "moneyText": "", "startDate": "2020-08-28", "ownership": "D"}, {"maxAge": 1, "shares": 461, "value": 13745, "filerUrl": "", "transactionText": "Other at price 29.82 per share.", "filerName": "Gaurisaria (Subhra)", "filerRelation": "UNREPORTED", "moneyText": "", "startDate": "2020-08-28", "ownership": "D"}, {"maxAge": 1, "shares": 461, "value": 13745, "filerUrl": "", "transactionText": "Other at price 29.82 per share.", "filerName": "Jain (Rahul)", "filerRelation": "UNREPORTED", "moneyText": "", "startDate": "2020-08-28", "ownership": "D"}, {"maxAge": 1, "shares": 461, "value": 13745, "filerUrl": "", "transactionText": "Other at price 29.82 per share.", "filerName": "Joshi (Swapnil)", "filerRelation": "UNREPORTED", "moneyText": "", "startDate": "2020-08-28", "ownership": "D"}, {"maxAge": 1, "shares": 461, "value": 13745, "filerUrl": "", "transactionText": "Other at price 29.82 per share.", "filerName": "Khaitan (Sunanda)", "filerRelation": "UNREPORTED", "moneyText": "", "startDate": "2020-08-28", "ownership": "D"}, {"maxAge": 1, "shares": 461, "value": 13745, "filerUrl": "", "transactionText": "Other at price 29.82 per share.", "filerName": "Lovalekar (Amol Balvant)", "filerRelation": "UNREPORTED", "moneyText": "", "startDate": "2020-08-28", "ownership": "D"}, {"maxAge": 1, "shares": 615, "filerUrl": "", "transactionText": "", "filerName": "Agarwal (Amit)", "filerRelation": "UNREPORTED", "moneyText": "", "startDate": "2020-05-29", "ownership": "D"}, {"maxAge": 1, "shares": 769, "filerUrl": "", "transactionText": "", "filerName": "Arora (Dheeraj)", "filerRelation": "UNREPORTED", "moneyText": "", "startDate": "2020-05-29", "ownership": "D"}, {"maxAge": 1, "shares": 647, "filerUrl": "", "transactionText": "", "filerName": "Arun (N)", "filerRelation": "UNREPORTED", "moneyText": "", "startDate": "2020-05-29", "ownership": "D"}, {"maxAge": 1, "shares": 8023, "filerUrl": "", "transactionText": "", "filerName": "Bajpai (Dev)", "filerRelation": "UNREPORTED", "moneyText": "", "startDate": "2020-05-29", "ownership": "D"}, {"maxAge": 1, "shares": 615, "filerUrl": "", "transactionText": "", "filerName": "Banerjee (Avinava)", "filerRelation": "UNREPORTED", "moneyText": "", "startDate": "2020-05-29", "ownership": "D"}, {"maxAge": 1, "shares": 666, "filerUrl": "", "transactionText": "", "filerName": "Bhageerathi (D R)", "filerRelation": "UNREPORTED", "moneyText": "", "startDate": "2020-05-29", "ownership": "D"}, {"maxAge": 1, "shares": 615, "filerUrl": "", "transactionText": "", "filerName": "Bhan (Deepika Kaur)", "filerRelation": "UNREPORTED", "moneyText": "", "startDate": "2020-05-29", "ownership": "D"}, {"maxAge": 1, "shares": 595, "filerUrl": "", "transactionText": "", "filerName": "Bhasin (Amit)", "filerRelation": "UNREPORTED", "moneyText": "", "startDate": "2020-05-29", "ownership": "D"}, {"maxAge": 1, "shares": 554, "filerUrl": "", "transactionText": "", "filerName": "Borthakur (Abhijit)", "filerRelation": "UNREPORTED", "moneyText": "", "startDate": "2020-05-29", "ownership": "D"}, {"maxAge": 1, "shares": 923, "filerUrl": "", "transactionText": "", "filerName": "Burra (Meenakshi)", "filerRelation": "UNREPORTED", "moneyText": "", "startDate": "2020-05-29", "ownership": "D"}, {"maxAge": 1, "shares": 769, "filerUrl": "", "transactionText": "", "filerName": "Chandra (Aankriti)", "filerRelation": "UNREPORTED", "moneyText": "", "startDate": "2020-05-29", "ownership": "D"}, {"maxAge": 1, "shares": 769, "filerUrl": "", "transactionText": "", "filerName": "Chatterji (Sanjiv K)", "filerRelation": "UNREPORTED", "moneyText": "", "startDate": "2020-05-29", "ownership": "D"}, {"maxAge": 1, "shares": 769, "filerUrl": "", "transactionText": "", "filerName": "Chaudhary (Aneesh)", "filerRelation": "UNREPORTED", "moneyText": "", "startDate": "2020-05-29", "ownership": "D"}, {"maxAge": 1, "shares": 615, "filerUrl": "", "transactionText": "", "filerName": "Dang (Supriya Ajay)", "filerRelation": "UNREPORTED", "moneyText": "", "startDate": "2020-05-29", "ownership": "D"}, {"maxAge": 1, "shares": 769, "filerUrl": "", "transactionText": "", "filerName": "Dhillon (Harman)", "filerRelation": "UNREPORTED", "moneyText": "", "startDate": "2020-05-29", "ownership": "D"}, {"maxAge": 1, "shares": 2676, "filerUrl": "", "transactionText": "", "filerName": "Gandhi (Aniket Subhash)", "filerRelation": "UNREPORTED", "moneyText": "", "startDate": "2020-05-29", "ownership": "D"}, {"maxAge": 1, "shares": 664, "filerUrl": "", "transactionText": "", "filerName": "Gandhi (Sanjay K)", "filerRelation": "UNREPORTED", "moneyText": "", "startDate": "2020-05-29", "ownership": "D"}, {"maxAge": 1, "shares": 554, "filerUrl": "", "transactionText": "", "filerName": "Gangopadhyay (Manish)", "filerRelation": "UNREPORTED", "moneyText": "", "startDate": "2020-05-29", "ownership": "D"}, {"maxAge": 1, "shares": 1682, "filerUrl": "", "transactionText": "", "filerName": "Gaurav (Bhatnagar)", "filerRelation": "UNREPORTED", "moneyText": "", "startDate": "2020-05-29", "ownership": "D"}, {"maxAge": 1, "shares": 676, "filerUrl": "", "transactionText": "", "filerName": "Gopalakrishnan (Anila)", "filerRelation": "UNREPORTED", "moneyText": "", "startDate": "2020-05-29", "ownership": "D"}, {"maxAge": 1, "shares": 769, "filerUrl": "", "transactionText": "", "filerName": "Gopalakrishnan (Asha)", "filerRelation": "UNREPORTED", "moneyText": "", "startDate": "2020-05-29", "ownership": "D"}, {"maxAge": 1, "shares": 615, "filerUrl": "", "transactionText": "", "filerName": "Gopinath (Krishnan)", "filerRelation": "UNREPORTED", "moneyText": "", "startDate": "2020-05-29", "ownership": "D"}, {"maxAge": 1, "shares": 615, "filerUrl": "", "transactionText": "", "filerName": "Gossain (Kabir Mohan)", "filerRelation": "UNREPORTED", "moneyText": "", "startDate": "2020-05-29", "ownership": "D"}, {"maxAge": 1, "shares": 1030, "filerUrl": "", "transactionText": "", "filerName": "Guniti (Sanmukha Rao)", "filerRelation": "UNREPORTED", "moneyText": "", "startDate": "2020-05-29", "ownership": "D"}, {"maxAge": 1, "shares": 615, "filerUrl": "", "transactionText": "", "filerName": "Gupta (Gaurav)", "filerRelation": "UNREPORTED", "moneyText": "", "startDate": "2020-05-29", "ownership": "D"}, {"maxAge": 1, "shares": 615, "filerUrl": "", "transactionText": "", "filerName": "Gupta (Sudip)", "filerRelation": "UNREPORTED", "moneyText": "", "startDate": "2020-05-29", "ownership": "D"}, {"maxAge": 1, "shares": 554, "filerUrl": "", "transactionText": "", "filerName": "Hariharan (V)", "filerRelation": "UNREPORTED", "moneyText": "", "startDate": "2020-05-29", "ownership": "D"}, {"maxAge": 1, "shares": 2722, "filerUrl": "", "transactionText": "", "filerName": "Harlalka (Sanjay)", "filerRelation": "UNREPORTED", "moneyText": "", "startDate": "2020-05-29", "ownership": "D"}, {"maxAge": 1, "shares": 554, "filerUrl": "", "transactionText": "", "filerName": "Jacob (Nikhil J)", "filerRelation": "UNREPORTED", "moneyText": "", "startDate": "2020-05-29", "ownership": "D"}, {"maxAge": 1, "shares": 615, "filerUrl": "", "transactionText": "", "filerName": "Jain (Reema)", "filerRelation": "UNREPORTED", "moneyText": "", "startDate": "2020-05-29", "ownership": "D"}, {"maxAge": 1, "shares": 554, "filerUrl": "", "transactionText": "", "filerName": "Kanwar (Himanshu)", "filerRelation": "UNREPORTED", "moneyText": "", "startDate": "2020-05-29", "ownership": "D"}, {"maxAge": 1, "shares": 726, "filerUrl": "", "transactionText": "", "filerName": "Kashyap (Shruti)", "filerRelation": "UNREPORTED", "moneyText": "", "startDate": "2020-05-29", "ownership": "D"}, {"maxAge": 1, "shares": 615, "filerUrl": "", "transactionText": "", "filerName": "Kishore (Ruma)", "filerRelation": "UNREPORTED", "moneyText": "", "startDate": "2020-05-29", "ownership": "D"}, {"maxAge": 1, "shares": 769, "filerUrl": "", "transactionText": "", "filerName": "Kohli (Gurpreet Singh)", "filerRelation": "UNREPORTED", "moneyText": "", "startDate": "2020-05-29", "ownership": "D"}, {"maxAge": 1, "shares": 554, "filerUrl": "", "transactionText": "", "filerName": "Majumder (Apratim)", "filerRelation": "UNREPORTED", "moneyText": "", "startDate": "2020-05-29", "ownership": "D"}, {"maxAge": 1, "shares": 615, "filerUrl": "", "transactionText": "", "filerName": "Mani (Balaji)", "filerRelation": "UNREPORTED", "moneyText": "", "startDate": "2020-05-29", "ownership": "D"}, {"maxAge": 1, "shares": 739, "filerUrl": "", "transactionText": "", "filerName": "Mathur (Vipul)", "filerRelation": "UNREPORTED", "moneyText": "", "startDate": "2020-05-29", "ownership": "D"}, {"maxAge": 1, "shares": 724, "filerUrl": "", "transactionText": "", "filerName": "Menon (Vijay)", "filerRelation": "UNREPORTED", "moneyText": "", "startDate": "2020-05-29", "ownership": "D"}, {"maxAge": 1, "shares": 822, "filerUrl": "", "transactionText": "", "filerName": "Mishra (Ashish Chandra)", "filerRelation": "UNREPORTED", "moneyText": "", "startDate": "2020-05-29", "ownership": "D"}, {"maxAge": 1, "shares": 923, "filerUrl": "", "transactionText": "", "filerName": "Mishra (Yogesh Kumar)", "filerRelation": "UNREPORTED", "moneyText": "", "startDate": "2020-05-29", "ownership": "D"}, {"maxAge": 1, "shares": 769, "filerUrl": "", "transactionText": "", "filerName": "Mitra (Srirup)", "filerRelation": "UNREPORTED", "moneyText": "", "startDate": "2020-05-29", "ownership": "D"}, {"maxAge": 1, "shares": 554, "filerUrl": "", "transactionText": "", "filerName": "Mukherjee (Amlan)", "filerRelation": "UNREPORTED", "moneyText": "", "startDate": "2020-05-29", "ownership": "D"}, {"maxAge": 1, "shares": 777, "filerUrl": "", "transactionText": "", "filerName": "Nadakatti (Suresh)", "filerRelation": "UNREPORTED", "moneyText": "", "startDate": "2020-05-29", "ownership": "D"}, {"maxAge": 1, "shares": 2497, "filerUrl": "", "transactionText": "", "filerName": "Nair (Priya Sukumar)", "filerRelation": "UNREPORTED", "moneyText": "", "startDate": "2020-05-29", "ownership": "D"}, {"maxAge": 1, "shares": 554, "filerUrl": "", "transactionText": "", "filerName": "Nediyedath (Suresh)", "filerRelation": "UNREPORTED", "moneyText": "", "startDate": "2020-05-29", "ownership": "D"}, {"maxAge": 1, "shares": 615, "filerUrl": "", "transactionText": "", "filerName": "Neginhal (Prasad)", "filerRelation": "UNREPORTED", "moneyText": "", "startDate": "2020-05-29", "ownership": "D"}, {"maxAge": 1, "shares": 615, "filerUrl": "", "transactionText": "", "filerName": "Pande (Gaurav)", "filerRelation": "UNREPORTED", "moneyText": "", "startDate": "2020-05-29", "ownership": "D"}, {"maxAge": 1, "shares": 554, "filerUrl": "", "transactionText": "", "filerName": "Pawar (Mukesh Manohar)", "filerRelation": "UNREPORTED", "moneyText": "", "startDate": "2020-05-29", "ownership": "D"}, {"maxAge": 1, "shares": 731, "filerUrl": "", "transactionText": "", "filerName": "Pawar (Yashodhara)", "filerRelation": "UNREPORTED", "moneyText": "", "startDate": "2020-05-29", "ownership": "D"}, {"maxAge": 1, "shares": 584, "filerUrl": "", "transactionText": "", "filerName": "Pereira (Sharon)", "filerRelation": "UNREPORTED", "moneyText": "", "startDate": "2020-05-29", "ownership": "D"}, {"maxAge": 1, "shares": 11012, "filerUrl": "", "transactionText": "", "filerName": "Pradhan (Prasad Ramakant)", "filerRelation": "UNREPORTED", "moneyText": "", "startDate": "2020-05-29", "ownership": "D"}, {"maxAge": 1, "shares": 615, "filerUrl": "", "transactionText": "", "filerName": "Premrajka (Prashant)", "filerRelation": "UNREPORTED", "moneyText": "", "startDate": "2020-05-29", "ownership": "D"}, {"maxAge": 1, "shares": 647, "filerUrl": "", "transactionText": "", "filerName": "Punj (Ankush)", "filerRelation": "UNREPORTED", "moneyText": "", "startDate": "2020-05-29", "ownership": "D"}, {"maxAge": 1, "shares": 1006, "filerUrl": "", "transactionText": "", "filerName": "Rajan (Meena)", "filerRelation": "UNREPORTED", "moneyText": "", "startDate": "2020-05-29", "ownership": "D"}, {"maxAge": 1, "shares": 391, "filerUrl": "", "transactionText": "", "filerName": "Rajan (Meena)", "filerRelation": "UNREPORTED", "moneyText": "", "startDate": "2020-05-29", "ownership": "D"}, {"maxAge": 1, "shares": 554, "filerUrl": "", "transactionText": "", "filerName": "Ramawat (Anit)", "filerRelation": "UNREPORTED", "moneyText": "", "startDate": "2020-05-29", "ownership": "D"}, {"maxAge": 1, "shares": 769, "filerUrl": "", "transactionText": "", "filerName": "Sabharwal (Vikas)", "filerRelation": "UNREPORTED", "moneyText": "", "startDate": "2020-05-29", "ownership": "D"}, {"maxAge": 1, "shares": 615, "filerUrl": "", "transactionText": "", "filerName": "Samajpati (Jyoti)", "filerRelation": "UNREPORTED", "moneyText": "", "startDate": "2020-05-29", "ownership": "D"}, {"maxAge": 1, "shares": 3148, "filerUrl": "", "transactionText": "", "filerName": "Sanzgiri (Vibhav R)", "filerRelation": "UNREPORTED", "moneyText": "", "startDate": "2020-05-29", "ownership": "D"}, {"maxAge": 1, "shares": 109, "filerUrl": "", "transactionText": "", "filerName": "Saurabh (Rudra Saresth)", "filerRelation": "UNREPORTED", "moneyText": "", "startDate": "2020-05-29", "ownership": "D"}, {"maxAge": 1, "shares": 4385, "filerUrl": "", "transactionText": "", "filerName": "Shankar (Anandi)", "filerRelation": "UNREPORTED", "moneyText": "", "startDate": "2020-05-29", "ownership": "D"}, {"maxAge": 1, "shares": 615, "filerUrl": "", "transactionText": "", "filerName": "Sharma (Vivek)", "filerRelation": "UNREPORTED", "moneyText": "", "startDate": "2020-05-29", "ownership": "D"}, {"maxAge": 1, "shares": 708, "filerUrl": "", "transactionText": "", "filerName": "Shivaramakrishnan (K)", "filerRelation": "UNREPORTED", "moneyText": "", "startDate": "2020-05-29", "ownership": "D"}, {"maxAge": 1, "shares": 628, "filerUrl": "", "transactionText": "", "filerName": "Sing (Gaurav Jeet)", "filerRelation": "UNREPORTED", "moneyText": "", "startDate": "2020-05-29", "ownership": "D"}, {"maxAge": 1, "shares": 3373, "filerUrl": "", "transactionText": "", "filerName": "Singaravelu (C)", "filerRelation": "UNREPORTED", "moneyText": "", "startDate": "2020-05-29", "ownership": "D"}, {"maxAge": 1, "shares": 615, "filerUrl": "", "transactionText": "", "filerName": "Singh (Shailendra)", "filerRelation": "UNREPORTED", "moneyText": "", "startDate": "2020-05-29", "ownership": "D"}, {"maxAge": 1, "shares": 862, "filerUrl": "", "transactionText": "", "filerName": "Singh (Vivek Kumar)", "filerRelation": "UNREPORTED", "moneyText": "", "startDate": "2020-05-29", "ownership": "D"}, {"maxAge": 1, "shares": 647, "filerUrl": "", "transactionText": "", "filerName": "Sridharan (Vikram)", "filerRelation": "UNREPORTED", "moneyText": "", "startDate": "2020-05-29", "ownership": "D"}, {"maxAge": 1, "shares": 1385, "filerUrl": "", "transactionText": "", "filerName": "Srivastava (Madalasa)", "filerRelation": "UNREPORTED", "moneyText": "", "startDate": "2020-05-29", "ownership": "D"}, {"maxAge": 1, "shares": 718, "filerUrl": "", "transactionText": "", "filerName": "Subramanian (Shivkumar Anantha)", "filerRelation": "UNREPORTED", "moneyText": "", "startDate": "2020-05-29", "ownership": "D"}, {"maxAge": 1, "shares": 676, "filerUrl": "", "transactionText": "", "filerName": "Sud (Mohit)", "filerRelation": "UNREPORTED", "moneyText": "", "startDate": "2020-05-29", "ownership": "D"}, {"maxAge": 1, "shares": 676, "filerUrl": "", "transactionText": "", "filerName": "Suri (Vandana)", "filerRelation": "UNREPORTED", "moneyText": "", "startDate": "2020-05-29", "ownership": "D"}, {"maxAge": 1, "shares": 615, "filerUrl": "", "transactionText": "", "filerName": "Swaminathan (Ashwath)", "filerRelation": "UNREPORTED", "moneyText": "", "startDate": "2020-05-29", "ownership": "D"}, {"maxAge": 1, "shares": 739, "filerUrl": "", "transactionText": "", "filerName": "Tanwani (Sandeep H)", "filerRelation": "UNREPORTED", "moneyText": "", "startDate": "2020-05-29", "ownership": "D"}, {"maxAge": 1, "shares": 691, "filerUrl": "", "transactionText": "", "filerName": "Vinayak (Anila)", "filerRelation": "UNREPORTED", "moneyText": "", "startDate": "2020-05-29", "ownership": "D"}, {"maxAge": 1, "shares": 554, "filerUrl": "", "transactionText": "", "filerName": "Wadehra (Ankush)", "filerRelation": "UNREPORTED", "moneyText": "", "startDate": "2020-05-29", "ownership": "D"}, {"maxAge": 1, "shares": 1599, "filerUrl": "", "transactionText": "", "filerName": "Zutshi (Anita Sandeep)", "filerRelation": "UNREPORTED", "moneyText": "", "startDate": "2020-05-29", "ownership": "D"}, {"maxAge": 1, "shares": 600, "filerUrl": "", "transactionText": "", "filerName": "Sharma (Vivek)", "filerRelation": "UNREPORTED", "moneyText": "", "startDate": "2020-03-31", "ownership": "D"}, {"maxAge": 1, "shares": 3000, "filerUrl": "", "transactionText": "", "filerName": "Gandhi (Sanjay K)", "filerRelation": "UNREPORTED", "moneyText": "", "startDate": "2020-03-31", "ownership": "D"}, {"maxAge": 1, "shares": 500, "filerUrl": "", "transactionText": "", "filerName": "Gopinath (Krishnan)", "filerRelation": "UNREPORTED", "moneyText": "", "startDate": "2020-03-31", "ownership": "D"}, {"maxAge": 1, "shares": 769, "filerUrl": "", "transactionText": "", "filerName": "Agarwal (Nishith)", "filerRelation": "UNREPORTED", "moneyText": "", "startDate": "2020-03-30", "ownership": "D"}, {"maxAge": 1, "shares": 554, "filerUrl": "", "transactionText": "", "filerName": "Bawa (Sujit Singh)", "filerRelation": "UNREPORTED", "moneyText": "", "startDate": "2020-03-30", "ownership": "D"}, {"maxAge": 1, "shares": 615, "filerUrl": "", "transactionText": "", "filerName": "Bharadwaj (Shruthi)", "filerRelation": "UNREPORTED", "moneyText": "", "startDate": "2020-03-30", "ownership": "D"}, {"maxAge": 1, "shares": 739, "filerUrl": "", "transactionText": "", "filerName": "Chaturvedi (Pawan)", "filerRelation": "UNREPORTED", "moneyText": "", "startDate": "2020-03-30", "ownership": "D"}, {"maxAge": 1, "shares": 615, "filerUrl": "", "transactionText": "", "filerName": "Chaturvedi (Vipul)", "filerRelation": "UNREPORTED", "moneyText": "", "startDate": "2020-03-30", "ownership": "D"}, {"maxAge": 1, "shares": 676, "filerUrl": "", "transactionText": "", "filerName": "Devaraju (Suhas)", "filerRelation": "UNREPORTED", "moneyText": "", "startDate": "2020-03-30", "ownership": "D"}, {"maxAge": 1, "shares": 615, "filerUrl": "", "transactionText": "", "filerName": "Ganesan (Kannan)", "filerRelation": "UNREPORTED", "moneyText": "", "startDate": "2020-03-30", "ownership": "D"}, {"maxAge": 1, "shares": 462, "filerUrl": "", "transactionText": "", "filerName": "Ganesh (K)", "filerRelation": "UNREPORTED", "moneyText": "", "startDate": "2020-03-30", "ownership": "D"}, {"maxAge": 1, "shares": 615, "filerUrl": "", "transactionText": "", "filerName": "Ganesh (Sitalakshmanan)", "filerRelation": "UNREPORTED", "moneyText": "", "startDate": "2020-03-30", "ownership": "D"}, {"maxAge": 1, "shares": 676, "filerUrl": "", "transactionText": "", "filerName": "Hegde (Suman Satyanath)", "filerRelation": "UNREPORTED", "moneyText": "", "startDate": "2020-03-30", "ownership": "D"}, {"maxAge": 1, "shares": 3662, "filerUrl": "", "transactionText": "", "filerName": "Krishna (Satyendu)", "filerRelation": "UNREPORTED", "moneyText": "", "startDate": "2020-03-30", "ownership": "D"}, {"maxAge": 1, "shares": 1290, "filerUrl": "", "transactionText": "", "filerName": "Mahapatra (Samiran)", "filerRelation": "UNREPORTED", "moneyText": "", "startDate": "2020-03-30", "ownership": "D"}, {"maxAge": 1, "shares": 769, "filerUrl": "", "transactionText": "", "filerName": "Meenakshi (Venkatakrisnan)", "filerRelation": "UNREPORTED", "moneyText": "", "startDate": "2020-03-30", "ownership": "D"}, {"maxAge": 1, "shares": 554, "filerUrl": "", "transactionText": "", "filerName": "Metha (Geetika)", "filerRelation": "UNREPORTED", "moneyText": "", "startDate": "2020-03-30", "ownership": "D"}, {"maxAge": 1, "shares": 647, "filerUrl": "", "transactionText": "", "filerName": "R (Sindhu)", "filerRelation": "UNREPORTED", "moneyText": "", "startDate": "2020-03-30", "ownership": "D"}, {"maxAge": 1, "shares": 2302, "filerUrl": "", "transactionText": "", "filerName": "Rai (Ashish)", "filerRelation": "UNREPORTED", "moneyText": "", "startDate": "2020-03-30", "ownership": "D"}, {"maxAge": 1, "shares": 615, "filerUrl": "", "transactionText": "", "filerName": "Raut (Janhavi Sanjay)", "filerRelation": "UNREPORTED", "moneyText": "", "startDate": "2020-03-30", "ownership": "D"}, {"maxAge": 1, "shares": 2797, "filerUrl": "", "transactionText": "", "filerName": "Sundaram (Krishnan)", "filerRelation": "UNREPORTED", "moneyText": "", "startDate": "2020-03-30", "ownership": "D"}, {"maxAge": 1, "shares": 2497, "filerUrl": "", "transactionText": "", "filerName": "Sundaram (Srinandan)", "filerRelation": "UNREPORTED", "moneyText": "", "startDate": "2020-03-30", "ownership": "D"}, {"maxAge": 1, "shares": 615, "filerUrl": "", "transactionText": "", "filerName": "Tyagi (Abhinav)", "filerRelation": "UNREPORTED", "moneyText": "", "startDate": "2020-03-30", "ownership": "D"}, {"maxAge": 1, "shares": 3000, "filerUrl": "", "transactionText": "", "filerName": "Chaudhary (Aneesh)", "filerRelation": "UNREPORTED", "moneyText": "", "startDate": "2020-03-24", "ownership": "D"}, {"maxAge": 1, "shares": 1000, "filerUrl": "", "transactionText": "", "filerName": "Gandhi (Sanjay K)", "filerRelation": "UNREPORTED", "moneyText": "", "startDate": "2020-03-24", "ownership": "D"}, {"maxAge": 1, "shares": 1000, "filerUrl": "", "transactionText": "", "filerName": "Bawa (Sujit Singh)", "filerRelation": "UNREPORTED", "moneyText": "", "startDate": "2020-03-23", "ownership": "D"}, {"maxAge": 1, "shares": 1000, "filerUrl": "", "transactionText": "", "filerName": "Burra (Meenakshi)", "filerRelation": "UNREPORTED", "moneyText": "", "startDate": "2020-03-17", "ownership": "D"}, {"maxAge": 1, "shares": 676, "filerUrl": "", "transactionText": "", "filerName": "Vora (Shilpa Atul)", "filerRelation": "UNREPORTED", "moneyText": "", "startDate": "2020-03-16", "ownership": "D"}, {"maxAge": 1, "shares": 5426, "filerUrl": "", "transactionText": "", "filerName": "Sitapati (Sudhir)", "filerRelation": "UNREPORTED", "moneyText": "", "startDate": "2020-03-13", "ownership": "D"}, {"maxAge": 1, "shares": 787, "filerUrl": "", "transactionText": "", "filerName": "Shetty (Anand)", "filerRelation": "UNREPORTED", "moneyText": "", "startDate": "2020-03-04", "ownership": "D"}, {"maxAge": 1, "shares": 2198, "filerUrl": "", "transactionText": "", "filerName": "Sitapati (Sudhir)", "filerRelation": "UNREPORTED", "moneyText": "", "startDate": "2020-03-04", "ownership": "D"}, {"maxAge": 1, "shares": 676, "filerUrl": "", "transactionText": "", "filerName": "Vora (Shilpa Atul)", "filerRelation": "UNREPORTED", "moneyText": "", "startDate": "2020-03-04", "ownership": "D"}, {"maxAge": 1, "shares": 615, "filerUrl": "", "transactionText": "", "filerName": "Banerjee (Boishakhi)", "filerRelation": "UNREPORTED", "moneyText": "", "startDate": "2020-03-04", "ownership": "D"}, {"maxAge": 1, "shares": 676, "filerUrl": "", "transactionText": "", "filerName": "Lamba (Purnima)", "filerRelation": "UNREPORTED", "moneyText": "", "startDate": "2020-03-04", "ownership": "D"}, {"maxAge": 1, "shares": 1238, "filerUrl": "", "transactionText": "", "filerName": "Yadav (Yashmi)", "filerRelation": "UNREPORTED", "moneyText": "", "startDate": "2020-02-17", "ownership": "D"}, {"maxAge": 1, "shares": 762, "filerUrl": "", "transactionText": "", "filerName": "Yadav (Yashmi)", "filerRelation": "UNREPORTED", "moneyText": "", "startDate": "2020-02-06", "ownership": "D"}, {"maxAge": 1, "shares": 1000, "filerUrl": "", "transactionText": "", "filerName": "Nair (Priya Sukumar)", "filerRelation": "Director (Executive)", "moneyText": "", "startDate": "2019-12-16", "ownership": "D"}, {"maxAge": 1, "shares": 900, "filerUrl": "", "transactionText": "", "filerName": "Gopinath (Krishnan)", "filerRelation": "UNREPORTED", "moneyText": "", "startDate": "2019-12-10", "ownership": "D"}, {"maxAge": 1, "shares": 3503, "filerUrl": "", "transactionText": "", "filerName": "Harlalka (Sanjay)", "filerRelation": "UNREPORTED", "moneyText": "", "startDate": "2019-11-20", "ownership": "D"}, {"maxAge": 1, "shares": 1760, "filerUrl": "", "transactionText": "", "filerName": "Pramanick (Pinak)", "filerRelation": "UNREPORTED", "moneyText": "", "startDate": "2019-10-25", "ownership": "D"}, {"maxAge": 1, "shares": 27497, "filerUrl": "", "transactionText": "", "filerName": "Harlalka (Sanjay)", "filerRelation": "UNREPORTED", "moneyText": "", "startDate": "2019-10-22", "ownership": "D"}, {"maxAge": 1, "shares": 8500, "filerUrl": "", "transactionText": "", "filerName": "Seetharam (Np)", "filerRelation": "UNREPORTED", "moneyText": "", "startDate": "2019-09-25", "ownership": "D"}, {"maxAge": 1, "shares": 658, "filerUrl": "", "transactionText": "", "filerName": "Nediyedath (Suresh)", "filerRelation": "UNREPORTED", "moneyText": "", "startDate": "2019-09-03", "ownership": "D"}, {"maxAge": 1, "shares": 658, "filerUrl": "", "transactionText": "", "filerName": "Neginhal (Prasad)", "filerRelation": "UNREPORTED", "moneyText": "", "startDate": "2019-09-03", "ownership": "D"}, {"maxAge": 1, "shares": 658, "filerUrl": "", "transactionText": "", "filerName": "Raut (Janhavi Sanjay)", "filerRelation": "UNREPORTED", "moneyText": "", "startDate": "2019-09-03", "ownership": "D"}, {"maxAge": 1, "shares": 658, "filerUrl": "", "transactionText": "", "filerName": "Ravindranathan (Sindhu)", "filerRelation": "UNREPORTED", "moneyText": "", "startDate": "2019-09-03", "ownership": "D"}, {"maxAge": 1, "shares": 658, "filerUrl": "", "transactionText": "", "filerName": "Sharma (Vivek)", "filerRelation": "UNREPORTED", "moneyText": "", "startDate": "2019-09-03", "ownership": "D"}, {"maxAge": 1, "shares": 658, "filerUrl": "", "transactionText": "", "filerName": "Wadehra (Ankush)", "filerRelation": "UNREPORTED", "moneyText": "", "startDate": "2019-09-03", "ownership": "D"}, {"maxAge": 1, "shares": 3502, "filerUrl": "", "transactionText": "", "filerName": "Agarwal (Amit)", "filerRelation": "UNREPORTED", "moneyText": "", "startDate": "2019-09-03", "ownership": "D"}, {"maxAge": 1, "shares": 658, "filerUrl": "", "transactionText": "", "filerName": "Banerjee (Avinava)", "filerRelation": "UNREPORTED", "moneyText": "", "startDate": "2019-09-03", "ownership": "D"}, {"maxAge": 1, "shares": 658, "filerUrl": "", "transactionText": "", "filerName": "Bharadwaj (Shruthi)", "filerRelation": "UNREPORTED", "moneyText": "", "startDate": "2019-09-03", "ownership": "D"}, {"maxAge": 1, "shares": 658, "filerUrl": "", "transactionText": "", "filerName": "Bhasin (Amit)", "filerRelation": "UNREPORTED", "moneyText": "", "startDate": "2019-09-03", "ownership": "D"}, {"maxAge": 1, "shares": 658, "filerUrl": "", "transactionText": "", "filerName": "Gangopadhyay (Manish)", "filerRelation": "UNREPORTED", "moneyText": "", "startDate": "2019-09-03", "ownership": "D"}, {"maxAge": 1, "shares": 658, "filerUrl": "", "transactionText": "", "filerName": "Gossain (Kabir Mohan)", "filerRelation": "UNREPORTED", "moneyText": "", "startDate": "2019-09-03", "ownership": "D"}, {"maxAge": 1, "shares": 658, "filerUrl": "", "transactionText": "", "filerName": "Jain (Reema)", "filerRelation": "UNREPORTED", "moneyText": "", "startDate": "2019-09-03", "ownership": "D"}, {"maxAge": 1, "shares": 658, "filerUrl": "", "transactionText": "", "filerName": "Kanwar (Himanshu)", "filerRelation": "UNREPORTED", "moneyText": "", "startDate": "2019-09-03", "ownership": "D"}, {"maxAge": 1, "shares": 658, "filerUrl": "", "transactionText": "", "filerName": "Krishna (Satyendu)", "filerRelation": "UNREPORTED", "moneyText": "", "startDate": "2019-09-03", "ownership": "D"}, {"maxAge": 1, "shares": 828, "filerUrl": "", "transactionText": "", "filerName": "Chaturvedi (Vipul)", "filerRelation": "UNREPORTED", "moneyText": "", "startDate": "2019-08-30", "ownership": "D"}, {"maxAge": 1, "shares": 2000, "filerUrl": "", "transactionText": "", "filerName": "Sridharan (Vikram)", "filerRelation": "UNREPORTED", "moneyText": "", "startDate": "2019-08-23", "ownership": "D"}, {"maxAge": 1, "shares": 7676, "filerUrl": "", "transactionText": "", "filerName": "Sundaram (Krishnan)", "filerRelation": "UNREPORTED", "moneyText": "", "startDate": "2019-07-30", "ownership": "D"}, {"maxAge": 1, "shares": 1035, "filerUrl": "", "transactionText": "", "filerName": "Devaraju (Suhas)", "filerRelation": "UNREPORTED", "moneyText": "", "startDate": "2019-06-21", "ownership": "D"}, {"maxAge": 1, "shares": 2000, "filerUrl": "", "transactionText": "", "filerName": "Punj (Ankush)", "filerRelation": "UNREPORTED", "moneyText": "", "startDate": "2019-06-10", "ownership": "D"}, {"maxAge": 1, "shares": 4152, "filerUrl": "", "transactionText": "", "filerName": "Vora (Shilpa Atul)", "filerRelation": "UNREPORTED", "moneyText": "", "startDate": "2019-06-06", "ownership": "D"}, {"maxAge": 1, "shares": 997, "filerUrl": "", "transactionText": "", "filerName": "Muthusubramanian (Ramaiah)", "filerRelation": "UNREPORTED", "moneyText": "", "startDate": "2019-06-04", "ownership": "D"}], "maxAge": 1}, "sectorTrend": {"maxAge": 1, "symbol": null, "estimates": []}, "incomeStatementHistoryQuarterly": {"incomeStatementHistory": [{"maxAge": 1, "endDate": "2020-09-30", "totalRevenue": 116830000000, "costOfRevenue": 54920000000, "grossProfit": 61910000000, "researchDevelopment": {}, "sellingGeneralAdministrative": 17320000000, "nonRecurring": {}, "otherOperatingExpenses": 15340000000, "totalOperatingExpenses": 90230000000, "operatingIncome": 26600000000, "totalOtherIncomeExpenseNet": -210000000, "ebit": 26600000000, "interestExpense": -310000000, "incomeBeforeTax": 26390000000, "incomeTaxExpense": 6650000000, "minorityInterest": 160000000, "netIncomeFromContinuingOps": 19740000000, "discontinuedOperations": {}, "extraordinaryItems": {}, "effectOfAccountingCharges": {}, "otherItems": {}, "netIncome": 19740000000, "netIncomeApplicableToCommonShares": 19740000000}, {"maxAge": 1, "endDate": "2020-06-30", "totalRevenue": 107310000000, "costOfRevenue": 51640000000, "grossProfit": 55670000000, "researchDevelopment": {}, "sellingGeneralAdministrative": 14240000000, "nonRecurring": {}, "otherOperatingExpenses": 14480000000, "totalOperatingExpenses": 82930000000, "operatingIncome": 24380000000, "totalOtherIncomeExpenseNet": 40000000, "ebit": 24380000000, "interestExpense": -310000000, "incomeBeforeTax": 24420000000, "incomeTaxExpense": 5450000000, "minorityInterest": 160000000, "netIncomeFromContinuingOps": 18970000000, "discontinuedOperations": {}, "extraordinaryItems": {}, "effectOfAccountingCharges": {}, "otherItems": {}, "netIncome": 18980000000, "netIncomeApplicableToCommonShares": 18980000000}, {"maxAge": 1, "endDate": "2020-03-31", "totalRevenue": 94750000000, "costOfRevenue": 42550000000, "grossProfit": 52200000000, "researchDevelopment": {}, "sellingGeneralAdministrative": 15610000000, "nonRecurring": {}, "otherOperatingExpenses": 12950000000, "totalOperatingExpenses": 73820000000, "operatingIncome": 20930000000, "totalOtherIncomeExpenseNet": 1750000000, "ebit": 20930000000, "interestExpense": -300000000, "incomeBeforeTax": 20040000000, "incomeTaxExpense": 4840000000, "minorityInterest": 170000000, "netIncomeFromContinuingOps": 15200000000, "discontinuedOperations": -80000000, "extraordinaryItems": {}, "effectOfAccountingCharges": {}, "otherItems": {}, "netIncome": 15150000000, "netIncomeApplicableToCommonShares": 15150000000}, {"maxAge": 1, "endDate": "2019-12-31", "totalRevenue": 101030000000, "costOfRevenue": 46270000000, "grossProfit": 54760000000, "researchDevelopment": {}, "sellingGeneralAdministrative": 16580000000, "nonRecurring": {}, "otherOperatingExpenses": 12890000000, "totalOperatingExpenses": 78220000000, "operatingIncome": 22810000000, "totalOtherIncomeExpenseNet": -220000000, "ebit": 22810000000, "interestExpense": -270000000, "incomeBeforeTax": 22590000000, "incomeTaxExpense": 6280000000, "minorityInterest": 170000000, "netIncomeFromContinuingOps": 16310000000, "discontinuedOperations": -80000000, "extraordinaryItems": {}, "effectOfAccountingCharges": {}, "otherItems": {}, "netIncome": 16270000000, "netIncomeApplicableToCommonShares": 16270000000}], "maxAge": 86400}, "cashflowStatementHistoryQuarterly": {"cashflowStatements": [{"maxAge": 1, "endDate": "2020-09-30", "netIncome": 19740000000, "changeToLiabilities": 0}, {"maxAge": 1, "endDate": "2020-06-30", "netIncome": 18980000000, "changeToLiabilities": 0}, {"maxAge": 1, "endDate": "2020-03-31", "netIncome": 15150000000, "changeToLiabilities": 0}, {"maxAge": 1, "endDate": "2019-12-31", "netIncome": 16270000000, "changeToLiabilities": 0}], "maxAge": 86400}, "earnings": {"maxAge": 86400, "earningsChart": {"quarterly": [{"date": "4Q2017", "actual": 6.23, "estimate": 5.52}, {"date": "1Q2018", "actual": 6.54, "estimate": 6.16}, {"date": "2Q2018", "actual": 7.33, "estimate": 7.15}, {"date": "3Q2018", "actual": 7.2, "estimate": 6.69}], "currentQuarterEstimateDate": "4Q", "currentQuarterEstimateYear": 2018, "earningsDate": []}, "financialsChart": {"yearly": [{"date": 2017, "revenue": 331620000000, "earnings": 44760000000}, {"date": 2018, "revenue": 355450000000, "earnings": 52140000000}, {"date": 2019, "revenue": 393100000000, "earnings": 60540000000}, {"date": 2020, "revenue": 404150000000, "earnings": 67480000000}], "quarterly": [{"date": "4Q2019", "revenue": 101030000000, "earnings": 16270000000}, {"date": "1Q2020", "revenue": 94750000000, "earnings": 15150000000}, {"date": "2Q2020", "revenue": 107310000000, "earnings": 18980000000}, {"date": "3Q2020", "revenue": 116830000000, "earnings": 19740000000}]}, "financialCurrency": "INR"}, "financialData": {"maxAge": 86400, "currentPrice": 2353.85, "targetHighPrice": 2160.0, "targetLowPrice": 1375.0, "targetMeanPrice": 1840.38, "targetMedianPrice": 1844.0, "recommendationKey": "none", "numberOfAnalystOpinions": 34, "grossProfits": 213680000000, "financialCurrency": "INR"}}}