{"HINDOILEXP.NS": {"assetProfile": {"address1": "Lakshmi Chambers", "address2": "192, St. Mary's Road Alwarpet", "city": "Chennai", "zip": "600018", "country": "India", "phone": "91 44 6622 9000", "fax": "91 44 6622 9011", "website": "http://www.hoec.com", "industry": "Oil & Gas E&P", "sector": "Energy", "longBusinessSummary": "Hindustan Oil Exploration Company Limited engages in the exploration, development, and production of onshore and offshore crude oil and natural gas in India. It holds interests in various oil and gas blocks/fields. The company's oil and gas assets portfolio consist of operated and non-operated acreages in Assam, Cauvery, and Cambay basins. As of March 31, 2020, its estimated proved and probable reserves on working interest basis were 26.65 million barrels of oil equivalent. The company, through its subsidiary, Hindage Oilfield Services Limited, focuses on oil field equipment and service sector. Hindustan Oil Exploration Company Limited was incorporated in 1983 and is based in Chennai, India.", "fullTimeEmployees": 102, "companyOfficers": [{"maxAge": 1, "name": "Mr. Pandarinathan  Elango", "age": 59, "title": "MD & Exec. Director", "yearBorn": 1961, "fiscalYear": 2020, "totalPay": 34698052, "exercisedValue": 0, "unexercisedValue": 0}, {"maxAge": 1, "name": "Mr. Ramasamy  Jeevanandam", "age": 62, "title": "CFO & Exec. Director", "yearBorn": 1958, "fiscalYear": 2020, "totalPay": 33710130, "exercisedValue": 0, "unexercisedValue": 0}, {"maxAge": 1, "name": "Ms. G. Josephin Daisy", "title": "Company Sec. & Compliance Officer", "fiscalYear": 2020, "totalPay": 1045860, "exercisedValue": 0, "unexercisedValue": 0}, {"maxAge": 1, "name": "Mr. Debabrata  Panda", "age": 51, "title": "Group Head of Technical & Operations", "yearBorn": 1969, "fiscalYear": 2019, "exercisedValue": 0, "unexercisedValue": 0}, {"maxAge": 1, "name": "Mr. Sachin  Bayond", "age": 42, "title": "Head of C&P and Head of Admin.", "yearBorn": 1978, "fiscalYear": 2019, "exercisedValue": 0, "unexercisedValue": 0}, {"maxAge": 1, "name": "Mr. Sagar N. Mehta", "age": 56, "title": "Head of Cambay Assets", "yearBorn": 1964, "fiscalYear": 2019, "exercisedValue": 0, "unexercisedValue": 0}, {"maxAge": 1, "name": "Mr. Bhuwan Chandra Gariya", "age": 59, "title": "Group Head Exploration & Devel.", "yearBorn": 1961, "fiscalYear": 2019, "exercisedValue": 0, "unexercisedValue": 0}, {"maxAge": 1, "name": "Mr. R. Raghunath Rao", "age": 47, "title": "Principal Logistics & Materials Coordinator", "yearBorn": 1973, "fiscalYear": 2010, "exercisedValue": 0, "unexercisedValue": 0}, {"maxAge": 1, "name": "Mr. P. R. Krishna", "title": "Head of C & P and Asset Mang. of Assam", "exercisedValue": 0, "unexercisedValue": 0}, {"maxAge": 1, "name": "Mr. G.  Janakiraman", "title": "Head of HSE & CSR", "exercisedValue": 0, "unexercisedValue": 0}], "compensationAsOfEpochDate": "2020-12-31 05:30:00", "maxAge": 86400}, "cashflowStatementHistory": {"cashflowStatements": [{"maxAge": 1, "endDate": "2020-03-31", "netIncome": 1375632000, "depreciation": 342929000, "changeToNetincome": -408858000, "changeToAccountReceivables": 45716000, "changeToLiabilities": 1801326000, "changeToInventory": 12412000, "changeToOperatingActivities": -18545000, "totalCashFromOperatingActivities": 3155094000, "capitalExpenditures": -3029563000, "investments": 113938000, "otherCashflowsFromInvestingActivities": -20051000, "totalCashflowsFromInvestingActivities": -2935676000, "totalCashFromFinancingActivities": 17500000, "changeInCash": 236918000, "issuanceOfStock": 17500000}, {"maxAge": 1, "endDate": "2019-03-31", "netIncome": 1567431000, "depreciation": 449253000, "changeToNetincome": -109292000, "changeToAccountReceivables": -208022000, "changeToLiabilities": -19596000, "changeToInventory": 59460000, "changeToOperatingActivities": -70207000, "totalCashFromOperatingActivities": 1673568000, "capitalExpenditures": -1183190000, "investments": 43967000, "otherCashflowsFromInvestingActivities": 134013000, "totalCashflowsFromInvestingActivities": -1477203000, "totalCashFromFinancingActivities": 17500000, "changeInCash": 196365000, "issuanceOfStock": 17500000}, {"maxAge": 1, "endDate": "2018-03-31", "netIncome": 375210000, "depreciation": 91638000, "changeToNetincome": -60675000, "changeToAccountReceivables": -113299000, "changeToLiabilities": -231882000, "changeToInventory": -35779000, "changeToOperatingActivities": -99931000, "totalCashFromOperatingActivities": -71671000, "capitalExpenditures": -567304000, "investments": 66072000, "otherCashflowsFromInvestingActivities": -101540000, "totalCashflowsFromInvestingActivities": -602772000, "totalCashFromFinancingActivities": 17500000, "changeInCash": -674443000, "issuanceOfStock": 17500000}, {"maxAge": 1, "endDate": "2017-03-31", "netIncome": 360648000, "depreciation": 88808000, "changeToNetincome": 602523000, "changeToAccountReceivables": -10606000, "changeToLiabilities": -19619000, "changeToInventory": -27270000, "changeToOperatingActivities": -19114000, "totalCashFromOperatingActivities": 982596000, "capitalExpenditures": -467437000, "investments": 137248000, "otherCashflowsFromInvestingActivities": 40819000, "totalCashflowsFromInvestingActivities": -315907000, "totalCashFromFinancingActivities": 17500000, "changeInCash": 666689000, "issuanceOfStock": 17500000}], "maxAge": 86400}, "institutionOwnership": {"ownershipList": [], "maxAge": 1}, "majorHoldersBreakdown": {"maxAge": 1, "insidersPercentHeld": 0.56481, "institutionsPercentHeld": 0.037920002, "institutionsFloatPercentHeld": 0.08712, "institutionsCount": 5}, "balanceSheetHistoryQuarterly": {"balanceSheetStatements": [{"maxAge": 1, "endDate": "2020-12-31", "totalStockholderEquity": 7036110000, "netTangibleAssets": 6938922000}, {"maxAge": 1, "endDate": "2020-09-30", "cash": 744700000, "shortTermInvestments": 699390000, "netReceivables": 373927000, "inventory": 340208000, "otherCurrentAssets": 109558000, "totalCurrentAssets": 2267783000, "longTermInvestments": 181396000, "propertyPlantEquipment": 6826473000, "intangibleAssets": 97188000, "otherAssets": 712951000, "totalAssets": 10085791000, "accountsPayable": 323033000, "otherCurrentLiab": 905860000, "longTermDebt": 411666000, "otherLiab": 1117621000, "totalCurrentLiabilities": 1520394000, "totalLiab": 3049681000, "commonStock": 1322593000, "treasuryStock": 5713517000, "otherStockholderEquity": 5713517000, "totalStockholderEquity": 7036110000, "netTangibleAssets": 6938922000}, {"maxAge": 1, "endDate": "2020-06-30", "totalStockholderEquity": 6797081000, "netTangibleAssets": 6698864000}, {"maxAge": 1, "endDate": "2020-03-31", "cash": 706022000, "netReceivables": 385763000, "inventory": 265874000, "otherCurrentAssets": 295650000, "totalCurrentAssets": 2667093000, "longTermInvestments": 177390000, "propertyPlantEquipment": 6707098000, "intangibleAssets": 98217000, "otherAssets": 708628000, "totalAssets": 10358426000, "accountsPayable": 658859000, "shortLongTermDebt": 777000, "otherCurrentLiab": 1318442000, "longTermDebt": 319693000, "otherLiab": 1101031000, "totalCurrentLiabilities": 2140621000, "totalLiab": 3561345000, "commonStock": 1322433000, "retainedEarnings": -12024988000, "treasuryStock": 9613094000, "capitalSurplus": 7886542000, "otherStockholderEquity": 9613094000, "totalStockholderEquity": 6797081000, "netTangibleAssets": 6698864000}], "maxAge": 86400}, "indexTrend": {"maxAge": 1, "symbol": "SP5", "peRatio": 19.7411, "pegRatio": 1.34172, "estimates": [{"period": "0q", "growth": 0.549}, {"period": "+1q", "growth": 0.431}, {"period": "0y", "growth": 0.305}, {"period": "+1y", "growth": 0.109}, {"period": "+5y", "growth": 0.120865}, {"period": "-5y"}]}, "defaultKeyStatistics": {"maxAge": 1, "priceHint": 2, "enterpriseValue": 12414220288, "profitMargins": 0.36952, "floatShares": 70536625, "sharesOutstanding": 132243000, "heldPercentInsiders": 0.56481, "heldPercentInstitutions": 0.037920002, "beta": 1.26359, "category": null, "bookValue": 52.904, "priceToBook": 1.9270754, "fundFamily": null, "legalType": null, "lastFiscalYearEnd": "2020-03-31 05:30:00", "nextFiscalYearEnd": "2022-03-31 05:30:00", "mostRecentQuarter": "2020-12-31 05:30:00", "earningsQuarterlyGrowth": -0.843, "netIncomeToCommon": 438027008, "trailingEps": 3.333, "lastSplitFactor": null, "enterpriseToRevenue": 10.473, "enterpriseToEbitda": 23.943}, "summaryProfile": {"address1": "Lakshmi Chambers", "address2": "192, St. Mary's Road Alwarpet", "city": "Chennai", "zip": "600018", "country": "India", "phone": "91 44 6622 9000", "fax": "91 44 6622 9011", "website": "http://www.hoec.com", "industry": "Oil & Gas E&P", "sector": "Energy", "longBusinessSummary": "Hindustan Oil Exploration Company Limited engages in the exploration, development, and production of onshore and offshore crude oil and natural gas in India. It holds interests in various oil and gas blocks/fields. The company's oil and gas assets portfolio consist of operated and non-operated acreages in Assam, Cauvery, and Cambay basins. As of March 31, 2020, its estimated proved and probable reserves on working interest basis were 26.65 million barrels of oil equivalent. The company, through its subsidiary, Hindage Oilfield Services Limited, focuses on oil field equipment and service sector. Hindustan Oil Exploration Company Limited was incorporated in 1983 and is based in Chennai, India.", "fullTimeEmployees": 102, "companyOfficers": [], "maxAge": 86400}, "netSharePurchaseActivity": {"maxAge": 1, "period": "6m", "buyInfoCount": 0, "buyInfoShares": 0, "sellInfoCount": 0, "netInfoCount": 0, "netInfoShares": 0, "netPercentInsiderShares": 0.0, "totalInsiderShares": 75280208}, "insiderTransactions": {"transactions": [{"maxAge": 1, "shares": 750000, "filerUrl": "", "transactionText": "", "filerName": "Jeevanandam (Ramasamy)", "filerRelation": "Chief Financial Officer", "moneyText": "", "startDate": "2019-09-12", "ownership": "D"}, {"maxAge": 1, "shares": 275500, "filerUrl": "", "transactionText": "", "filerName": "Jeevanandam (Ramasamy)", "filerRelation": "Chief Financial Officer", "moneyText": "", "startDate": "2019-08-22", "ownership": "D"}, {"maxAge": 1, "shares": 600000, "filerUrl": "", "transactionText": "", "filerName": "Jeevanandam (Ramasamy)", "filerRelation": "Chief Financial Officer", "moneyText": "", "startDate": "2018-01-29", "ownership": "D"}, {"maxAge": 1, "shares": 21242482, "filerUrl": "", "transactionText": "", "filerName": "Burren Shakti Ltd", "filerRelation": "Promoter", "moneyText": "", "startDate": "2016-08-02", "ownership": "D"}, {"maxAge": 1, "shares": 5127624, "filerUrl": "", "transactionText": "", "filerName": "Jeevanandam (Ramasamy)", "filerRelation": "Chief Financial Officer", "moneyText": "", "startDate": "2016-08-02", "ownership": "D"}, {"maxAge": 1, "shares": 7021, "filerUrl": "", "transactionText": "", "filerName": "Burren Energy India, Ltd.", "filerRelation": "Promoter", "moneyText": "", "startDate": "2016-08-02", "ownership": "D"}, {"maxAge": 1, "shares": 8000000, "filerUrl": "", "transactionText": "", "filerName": "Burren Shakti Ltd", "filerRelation": "Promoter", "moneyText": "", "startDate": "2016-06-28", "ownership": "D"}, {"maxAge": 1, "shares": 9274, "filerUrl": "", "transactionText": "", "filerName": "Vasudevan (R)", "filerRelation": "Director (Independent)", "moneyText": "", "startDate": "2012-02-09", "ownership": "D"}, {"maxAge": 1, "shares": 42701, "filerUrl": "", "transactionText": "", "filerName": "HOEC ESOS Trust", "filerRelation": "Institution- Corporation", "moneyText": "", "startDate": "2011-12-13", "ownership": "D"}, {"maxAge": 1, "shares": 246, "filerUrl": "", "transactionText": "", "filerName": "Hura (Rajiv)", "filerRelation": "Chief Operating Officer", "moneyText": "", "startDate": "2011-12-12", "ownership": "D"}, {"maxAge": 1, "shares": 4941, "filerUrl": "", "transactionText": "", "filerName": "HOEC ESOS Trust", "filerRelation": "Institution- Corporation", "moneyText": "", "startDate": "2011-06-07", "ownership": "D"}, {"maxAge": 1, "shares": 2077, "filerUrl": "", "transactionText": "", "filerName": "HOEC ESOS Trust", "filerRelation": "Institution- Corporation", "moneyText": "", "startDate": "2011-06-07", "ownership": "D"}, {"maxAge": 1, "shares": 1408, "filerUrl": "", "transactionText": "", "filerName": "HOEC ESOS Trust", "filerRelation": "Institution- Corporation", "moneyText": "", "startDate": "2011-06-06", "ownership": "D"}, {"maxAge": 1, "shares": 10598, "filerUrl": "", "transactionText": "", "filerName": "HOEC ESOS Trust", "filerRelation": "Institution- Corporation", "moneyText": "", "startDate": "2011-06-06", "ownership": "D"}, {"maxAge": 1, "shares": 226, "filerUrl": "", "transactionText": "", "filerName": "HOEC ESOS Trust", "filerRelation": "Institution- Corporation", "moneyText": "", "startDate": "2010-03-29", "ownership": "D"}, {"maxAge": 1, "shares": 118, "filerUrl": "", "transactionText": "", "filerName": "HOEC ESOS Trust", "filerRelation": "Institution- Corporation", "moneyText": "", "startDate": "2010-01-05", "ownership": "D"}, {"maxAge": 1, "shares": 118, "filerUrl": "", "transactionText": "", "filerName": "Jain (Vikash)", "filerRelation": "Secretary", "moneyText": "", "startDate": "2010-01-05", "ownership": "D"}, {"maxAge": 1, "shares": 14725, "filerUrl": "", "transactionText": "", "filerName": "HOEC ESOS Trust", "filerRelation": "Institution- Corporation", "moneyText": "", "startDate": "2009-10-29", "ownership": "D"}, {"maxAge": 1, "shares": 9590, "filerUrl": "", "transactionText": "", "filerName": "Maheshwari (Manish)", "filerRelation": "Joint Managing director", "moneyText": "", "startDate": "2009-10-29", "ownership": "D"}, {"maxAge": 1, "shares": 4039, "filerUrl": "", "transactionText": "", "filerName": "Mehta (Sagar)", "filerRelation": "Officer", "moneyText": "", "startDate": "2009-10-29", "ownership": "D"}, {"maxAge": 1, "shares": 1096, "filerUrl": "", "transactionText": "", "filerName": "Hura (Rajiv)", "filerRelation": "Chief Operating Officer", "moneyText": "", "startDate": "2009-10-29", "ownership": "D"}, {"maxAge": 1, "shares": 118, "filerUrl": "", "transactionText": "", "filerName": "Khamesra (Sandeep)", "filerRelation": "Chief Accounting Officer", "moneyText": "", "startDate": "2009-06-24", "ownership": "D"}, {"maxAge": 1, "shares": 108, "filerUrl": "", "transactionText": "", "filerName": "Rao (Raghunath R)", "filerRelation": "UNREPORTED", "moneyText": "", "startDate": "2009-06-24", "ownership": "D"}], "maxAge": 1}, "quoteType": {"exchange": "NSI", "quoteType": "EQUITY", "symbol": "HINDOILEXP.NS", "underlyingSymbol": "HINDOILEXP.NS", "shortName": "HINDUSTAN OIL EXPL", "longName": "Hindustan Oil Exploration Company Limited", "firstTradeDateEpochUtc": "1996-01-01 09:15:00", "timeZoneFullName": "Asia/Kolkata", "timeZoneShortName": "IST", "uuid": "e2e30e77-396a-381f-bfee-5cf0c533a3cb", "gmtOffSetMilliseconds": 19800000, "maxAge": 1}, "incomeStatementHistory": {"incomeStatementHistory": [{"maxAge": 1, "endDate": "2020-03-31", "totalRevenue": 2020546000, "costOfRevenue": 577534000, "grossProfit": 1443012000, "researchDevelopment": {}, "sellingGeneralAdministrative": 62991000, "nonRecurring": {}, "otherOperatingExpenses": 179484000, "totalOperatingExpenses": 1113870000, "operatingIncome": 906676000, "totalOtherIncomeExpenseNet": 466387000, "ebit": 906676000, "interestExpense": -10396000, "incomeBeforeTax": 1373063000, "incomeTaxExpense": -2569000, "minorityInterest": {}, "netIncomeFromContinuingOps": 1375632000, "discontinuedOperations": {}, "extraordinaryItems": {}, "effectOfAccountingCharges": {}, "otherItems": {}, "netIncome": 1375632000, "netIncomeApplicableToCommonShares": 1375632000}, {"maxAge": 1, "endDate": "2019-03-31", "totalRevenue": 2651407000, "costOfRevenue": 624051000, "grossProfit": 2027356000, "researchDevelopment": {}, "sellingGeneralAdministrative": 58894000, "nonRecurring": {}, "otherOperatingExpenses": 104099000, "totalOperatingExpenses": 1225122000, "operatingIncome": 1426285000, "totalOtherIncomeExpenseNet": 142395000, "ebit": 1426285000, "interestExpense": -991000, "incomeBeforeTax": 1568680000, "incomeTaxExpense": 1249000, "minorityInterest": {}, "netIncomeFromContinuingOps": 1567431000, "discontinuedOperations": {}, "extraordinaryItems": {}, "effectOfAccountingCharges": {}, "otherItems": {}, "netIncome": 1567431000, "netIncomeApplicableToCommonShares": 1567431000}, {"maxAge": 1, "endDate": "2018-03-31", "totalRevenue": 487125000, "costOfRevenue": 86119000, "grossProfit": 401006000, "researchDevelopment": {}, "sellingGeneralAdministrative": 58997000, "nonRecurring": {}, "otherOperatingExpenses": 44975000, "totalOperatingExpenses": 274778000, "operatingIncome": 212347000, "totalOtherIncomeExpenseNet": 162863000, "ebit": 212347000, "interestExpense": -225000, "incomeBeforeTax": 375210000, "incomeTaxExpense": 0, "minorityInterest": {}, "netIncomeFromContinuingOps": 375210000, "discontinuedOperations": {}, "extraordinaryItems": {}, "effectOfAccountingCharges": {}, "otherItems": {}, "netIncome": 375210000, "netIncomeApplicableToCommonShares": 375210000}, {"maxAge": 1, "endDate": "2017-03-31", "totalRevenue": 254920000, "costOfRevenue": 139326000, "grossProfit": 115594000, "researchDevelopment": {}, "sellingGeneralAdministrative": 19847000, "nonRecurring": {}, "otherOperatingExpenses": 81518000, "totalOperatingExpenses": 336725000, "operatingIncome": -81805000, "totalOtherIncomeExpenseNet": 481944000, "ebit": -81805000, "interestExpense": -225000, "incomeBeforeTax": 400139000, "incomeTaxExpense": 39491000, "minorityInterest": {}, "netIncomeFromContinuingOps": 360648000, "discontinuedOperations": {}, "extraordinaryItems": {}, "effectOfAccountingCharges": {}, "otherItems": {}, "netIncome": 360648000, "netIncomeApplicableToCommonShares": 360648000}], "maxAge": 86400}, "fundOwnership": {"ownershipList": [{"maxAge": 1, "reportDate": "2021-01-31", "organization": "DFA Emerging Markets Small Cap Series", "pctHeld": 0.0018000001, "position": 233218, "value": 18330934}, {"maxAge": 1, "reportDate": "2021-01-31", "organization": "DFA Emerging Markets Core Equity Portfolio", "pctHeld": 0.0015, "position": 197864, "value": 15552110}, {"maxAge": 1, "reportDate": "2021-03-31", "organization": "Avantis Emerging Markets Equity Fund", "pctHeld": 0.0001, "position": 16740, "value": 1626291}, {"maxAge": 1, "reportDate": "2021-01-31", "organization": "DFA Emerging Markets Sustainability Core 1 Portfolio", "pctHeld": 0.0001, "position": 9749, "value": 766271}, {"maxAge": 1, "reportDate": "2021-01-31", "organization": "DFA T.A. World Ex U.S. Core Equity Portfolio", "pctHeld": 0.0001, "position": 7575, "value": 595395}, {"maxAge": 1, "reportDate": "2021-01-31", "organization": "DFA Investment Dimensions-Emerging Markets Social Core Equity", "pctHeld": 0.0001, "position": 7365, "value": 578889}], "maxAge": 1}, "summaryDetail": {"maxAge": 1, "priceHint": 2, "previousClose": 98.7, "open": 98.25, "dayLow": 98.0, "dayHigh": 107.2, "regularMarketPreviousClose": 98.7, "regularMarketOpen": 98.25, "regularMarketDayLow": 98.0, "regularMarketDayHigh": 107.2, "exDividendDate": "2010-08-23 05:30:00", "payoutRatio": 0.0, "beta": 1.26359, "trailingPE": 30.588058, "volume": 2932184, "regularMarketVolume": 2932184, "averageVolume": 1016146, "averageVolume10days": 470029, "averageDailyVolume10Day": 470029, "bid": 0.0, "ask": 101.95, "bidSize": 0, "askSize": 0, "marketCap": 13461681152, "fiftyTwoWeekLow": 35.4, "fiftyTwoWeekHigh": 116.25, "priceToSalesTrailing12Months": 11.356226, "fiftyDayAverage": 98.161766, "twoHundredDayAverage": 82.83085, "currency": "INR", "fromCurrency": null, "lastMarket": null, "algorithm": null, "tradeable": false}, "incomeStatementHistoryQuarterly": {"incomeStatementHistory": [{"maxAge": 1, "endDate": "2020-12-31", "totalRevenue": 278157000, "costOfRevenue": 132504000, "grossProfit": 145653000, "researchDevelopment": {}, "sellingGeneralAdministrative": 1648000, "nonRecurring": {}, "otherOperatingExpenses": 29813000, "totalOperatingExpenses": 225752000, "operatingIncome": 52405000, "totalOtherIncomeExpenseNet": 29308000, "ebit": 52405000, "interestExpense": {}, "incomeBeforeTax": 81713000, "incomeTaxExpense": -2256000, "minorityInterest": {}, "netIncomeFromContinuingOps": 83969000, "discontinuedOperations": {}, "extraordinaryItems": {}, "effectOfAccountingCharges": {}, "otherItems": {}, "netIncome": 83969000, "netIncomeApplicableToCommonShares": 83969000}, {"maxAge": 1, "endDate": "2020-09-30", "totalRevenue": 331846000, "costOfRevenue": 148899000, "grossProfit": 182947000, "researchDevelopment": {}, "sellingGeneralAdministrative": 1344000, "nonRecurring": {}, "otherOperatingExpenses": 30769000, "totalOperatingExpenses": 244171000, "operatingIncome": 87675000, "totalOtherIncomeExpenseNet": 30361000, "ebit": 87675000, "interestExpense": -35000, "incomeBeforeTax": 118036000, "incomeTaxExpense": 998000, "minorityInterest": {}, "netIncomeFromContinuingOps": 117038000, "discontinuedOperations": {}, "extraordinaryItems": {}, "effectOfAccountingCharges": {}, "otherItems": {}, "netIncome": 117038000, "netIncomeApplicableToCommonShares": 117038000}, {"maxAge": 1, "endDate": "2020-06-30", "totalRevenue": 240403000, "costOfRevenue": 97034000, "grossProfit": 143369000, "researchDevelopment": {}, "sellingGeneralAdministrative": 1327000, "nonRecurring": {}, "otherOperatingExpenses": 25741000, "totalOperatingExpenses": 177488000, "operatingIncome": 62915000, "totalOtherIncomeExpenseNet": 51248000, "ebit": 62915000, "interestExpense": -39000, "incomeBeforeTax": 114163000, "incomeTaxExpense": -7039000, "minorityInterest": {}, "netIncomeFromContinuingOps": 121202000, "discontinuedOperations": {}, "extraordinaryItems": {}, "effectOfAccountingCharges": {}, "otherItems": {}, "netIncome": 121202000, "netIncomeApplicableToCommonShares": 121202000}, {"maxAge": 1, "endDate": "2020-03-31", "totalRevenue": 334995000, "costOfRevenue": 135474000, "grossProfit": 199521000, "researchDevelopment": {}, "sellingGeneralAdministrative": 16651000, "nonRecurring": {}, "otherOperatingExpenses": 78191000, "totalOperatingExpenses": 282681000, "operatingIncome": 52314000, "totalOtherIncomeExpenseNet": 47832000, "ebit": 52314000, "interestExpense": -10243000, "incomeBeforeTax": 100146000, "incomeTaxExpense": -15672000, "minorityInterest": {}, "netIncomeFromContinuingOps": 115818000, "discontinuedOperations": {}, "extraordinaryItems": {}, "effectOfAccountingCharges": {}, "otherItems": {}, "netIncome": 115818000, "netIncomeApplicableToCommonShares": 115818000}], "maxAge": 86400}, "cashflowStatementHistoryQuarterly": {"cashflowStatements": [{"maxAge": 1, "endDate": "2020-12-31", "netIncome": 83969000, "changeToLiabilities": 0}, {"maxAge": 1, "endDate": "2020-09-30", "netIncome": 117038000, "changeToLiabilities": 0}, {"maxAge": 1, "endDate": "2020-06-30", "netIncome": 121202000, "changeToLiabilities": 0}, {"maxAge": 1, "endDate": "2020-03-31", "netIncome": 115818000, "changeToLiabilities": 0}], "maxAge": 86400}, "insiderHolders": {"holders": [{"maxAge": 1, "name": "Burren Energy India, Ltd.", "relation": "Promoter", "url": "", "transactionDescription": "Sale", "latestTransDate": "2016-08-02", "positionDirect": 5745, "positionDirectDate": "2016-08-02"}, {"maxAge": 1, "name": "Burren Shakti Ltd", "relation": "Promoter", "url": "", "transactionDescription": "Sale", "latestTransDate": "2016-08-02", "positionDirectDate": "2016-08-02"}, {"maxAge": 1, "name": "HOEC ESOS Trust", "relation": "Institution- Corporation", "url": "", "transactionDescription": "Sale", "latestTransDate": "2011-12-13", "positionDirect": 48260, "positionDirectDate": "2011-12-13"}, {"maxAge": 1, "name": "Hura (Rajiv)", "relation": "Chief Operating Officer", "url": "", "transactionDescription": "Acquisition", "latestTransDate": "2011-12-12", "positionDirect": 850, "positionDirectDate": "2011-12-12"}, {"maxAge": 1, "name": "Jain (Vikash)", "relation": "Secretary", "url": "", "transactionDescription": "Acquisition", "latestTransDate": "2010-01-05", "positionDirect": 118, "positionDirectDate": "2010-01-05"}, {"maxAge": 1, "name": "Jeevanandam (Ramasamy)", "relation": "Chief Financial Officer", "url": "", "transactionDescription": "Other", "latestTransDate": "2019-09-12", "positionDirect": 5002124, "positionDirectDate": "2019-09-12"}, {"maxAge": 1, "name": "Khamesra (Sandeep)", "relation": "Chief Accounting Officer", "url": "", "transactionDescription": "Acquisition", "latestTransDate": "2009-06-24", "positionDirect": 118, "positionDirectDate": "2009-06-24"}, {"maxAge": 1, "name": "Maheshwari (Manish)", "relation": "Joint Managing director", "url": "", "transactionDescription": "Acquisition", "latestTransDate": "2009-10-29", "positionDirect": 9590, "positionDirectDate": "2009-10-29"}, {"maxAge": 1, "name": "Mehta (Sagar)", "relation": "Officer", "url": "", "transactionDescription": "Acquisition", "latestTransDate": "2009-10-29", "positionDirect": 4279, "positionDirectDate": "2009-10-29"}, {"maxAge": 1, "name": "Vasudevan (R)", "relation": "Director (Independent)", "url": "", "transactionDescription": "Acquisition", "latestTransDate": "2012-02-09", "positionDirect": 9274, "positionDirectDate": "2012-02-09"}], "maxAge": 1}, "calendarEvents": {"maxAge": 1, "earnings": {"earningsDate": []}, "exDividendDate": "2010-08-23 05:30:00"}, "upgradeDowngradeHistory": {"history": [], "maxAge": 86400}, "price": {"maxAge": 1, "regularMarketChangePercent": 0.032928064, "regularMarketChange": 3.25, "regularMarketTime": "2021-04-30 15:30:00", "priceHint": 2, "regularMarketPrice": 101.95, "regularMarketDayHigh": 107.2, "regularMarketDayLow": 98.0, "regularMarketVolume": 2932184, "averageDailyVolume10Day": 470029, "averageDailyVolume3Month": 1016146, "regularMarketPreviousClose": 98.7, "regularMarketSource": "FREE_REALTIME", "regularMarketOpen": 98.25, "exchange": "NSI", "exchangeName": "NSE", "exchangeDataDelayedBy": 15, "marketState": "CLOSED", "quoteType": "EQUITY", "symbol": "HINDOILEXP.NS", "underlyingSymbol": null, "shortName": "HINDUSTAN OIL EXPL", "longName": "Hindustan Oil Exploration Company Limited", "currency": "INR", "quoteSourceName": "Delayed Quote", "currencySymbol": "\u20b9", "fromCurrency": null, "lastMarket": null, "marketCap": 13461681152}, "balanceSheetHistory": {"balanceSheetStatements": [{"maxAge": 1, "endDate": "2020-03-31", "cash": 706022000, "netReceivables": 385763000, "inventory": 265874000, "otherCurrentAssets": 295650000, "totalCurrentAssets": 2667093000, "longTermInvestments": 177390000, "propertyPlantEquipment": 6707098000, "intangibleAssets": 98217000, "otherAssets": 708628000, "totalAssets": 10358426000, "accountsPayable": 658859000, "shortLongTermDebt": 777000, "otherCurrentLiab": 1318442000, "longTermDebt": 319693000, "otherLiab": 1101031000, "totalCurrentLiabilities": 2140621000, "totalLiab": 3561345000, "commonStock": 1322433000, "retainedEarnings": -12024988000, "treasuryStock": 9613094000, "capitalSurplus": 7886542000, "otherStockholderEquity": 9613094000, "totalStockholderEquity": 6797081000, "netTangibleAssets": 6698864000}, {"maxAge": 1, "endDate": "2019-03-31", "cash": 276448000, "shortTermInvestments": 1302875000, "netReceivables": 506557000, "inventory": 278286000, "otherCurrentAssets": 185488000, "totalCurrentAssets": 2451459000, "longTermInvestments": 172213000, "propertyPlantEquipment": 3954237000, "intangibleAssets": 102699000, "otherAssets": 660867000, "totalAssets": 7341475000, "accountsPayable": 162765000, "shortLongTermDebt": 708000, "otherCurrentLiab": 344705000, "longTermDebt": 1776000, "otherLiab": 1279333000, "totalCurrentLiabilities": 657993000, "totalLiab": 1939102000, "commonStock": 1304933000, "retainedEarnings": -13402197000, "treasuryStock": 9658116000, "capitalSurplus": 7841521000, "otherStockholderEquity": 9658116000, "totalStockholderEquity": 5402373000, "netTangibleAssets": 5299674000}, {"maxAge": 1, "endDate": "2018-03-31", "cash": 843081000, "shortTermInvestments": 73297000, "netReceivables": 210829000, "inventory": 282747000, "otherCurrentAssets": 94758000, "totalCurrentAssets": 2017297000, "longTermInvestments": 520000, "propertyPlantEquipment": 2755523000, "intangibleAssets": 98275000, "otherAssets": 563614000, "totalAssets": 5435229000, "accountsPayable": 180686000, "shortLongTermDebt": 659000, "otherCurrentLiab": 213862000, "longTermDebt": 2486000, "otherLiab": 1189346000, "totalCurrentLiabilities": 411323000, "totalLiab": 1603155000, "commonStock": 1304933000, "retainedEarnings": -14968011000, "treasuryStock": 9653631000, "capitalSurplus": 7841521000, "otherStockholderEquity": 9653631000, "totalStockholderEquity": 3832074000, "netTangibleAssets": 3733799000}, {"maxAge": 1, "endDate": "2017-03-31", "cash": 284995000, "shortTermInvestments": 58033000, "netReceivables": 51557000, "inventory": 246969000, "otherCurrentAssets": 105054000, "totalCurrentAssets": 2352250000, "propertyPlantEquipment": 2350912000, "intangibleAssets": 19850000, "otherAssets": 524552000, "totalAssets": 5247564000, "accountsPayable": 182205000, "otherCurrentLiab": 484011000, "otherLiab": 1159591000, "totalCurrentLiabilities": 674521000, "totalLiab": 1834112000, "commonStock": 1304933000, "retainedEarnings": -15341612000, "treasuryStock": 9608610000, "capitalSurplus": 7841521000, "otherStockholderEquity": 9608610000, "totalStockholderEquity": 3413452000, "netTangibleAssets": 3393602000}], "maxAge": 86400}, "financialData": {"maxAge": 86400, "currentPrice": 101.95, "recommendationKey": "none", "totalCash": 1444089984, "totalCashPerShare": 10.835, "ebitda": 518495008, "totalDebt": 703166976, "totalRevenue": 1185400960, "debtToEquity": 9.994, "revenuePerShare": 9.02, "grossProfits": 1443012000, "earningsGrowth": -0.844, "revenueGrowth": -0.438, "grossMargins": 0.56646997, "ebitdaMargins": 0.4374, "operatingMargins": 0.21538, "profitMargins": 0.36952, "financialCurrency": "INR"}}}