{"HINDHARD.BO": {"recommendationTrend": {"trend": [{"period": "0m", "strongBuy": 0, "buy": 0, "hold": 0, "sell": 0, "strongSell": 0}, {"period": "-1m", "strongBuy": 0, "buy": 0, "hold": 0, "sell": 0, "strongSell": 0}, {"period": "-2m", "strongBuy": 0, "buy": 0, "hold": 0, "sell": 0, "strongSell": 0}, {"period": "-3m", "strongBuy": 0, "buy": 0, "hold": 0, "sell": 0, "strongSell": 0}], "maxAge": 86400}, "cashflowStatementHistory": {"cashflowStatements": [{"maxAge": 1, "endDate": "2020-03-31", "netIncome": 319000, "depreciation": 5800000, "changeToNetincome": 1465000, "changeToAccountReceivables": 32514000, "changeToLiabilities": -8371000, "changeToInventory": -344000, "changeToOperatingActivities": -2842000, "totalCashFromOperatingActivities": 28910000, "capitalExpenditures": -10340000, "otherCashflowsFromInvestingActivities": 664000, "totalCashflowsFromInvestingActivities": -9676000, "dividendsPaid": -1798000, "netBorrowings": -13955000, "otherCashflowsFromFinancingActivities": -3430000, "totalCashFromFinancingActivities": -19183000, "changeInCash": 51000}, {"maxAge": 1, "endDate": "2019-03-31", "netIncome": 3914000, "depreciation": 5346000, "changeToNetincome": 10546000, "changeToAccountReceivables": -12324000, "changeToLiabilities": 1114000, "changeToInventory": -11447000, "changeToOperatingActivities": 6256000, "totalCashFromOperatingActivities": 3686000, "capitalExpenditures": -10663000, "otherCashflowsFromInvestingActivities": 169000, "totalCashflowsFromInvestingActivities": -10494000, "dividendsPaid": -1798000, "netBorrowings": 9629000, "otherCashflowsFromFinancingActivities": -3554000, "totalCashFromFinancingActivities": 6075000, "changeInCash": -734000}, {"maxAge": 1, "endDate": "2018-03-31", "netIncome": 9149000, "depreciation": 6360000, "changeToNetincome": 4426000, "changeToAccountReceivables": -27357000, "changeToLiabilities": 11213000, "changeToInventory": -5471000, "changeToOperatingActivities": 21508000, "totalCashFromOperatingActivities": 20172000, "capitalExpenditures": -4729000, "otherCashflowsFromInvestingActivities": 422000, "totalCashflowsFromInvestingActivities": -4113000, "dividendsPaid": -1798000, "netBorrowings": -11821000, "otherCashflowsFromFinancingActivities": -4856000, "totalCashFromFinancingActivities": -16677000, "changeInCash": -618000}, {"maxAge": 1, "endDate": "2017-03-31", "netIncome": -7824000, "depreciation": 8682000, "changeToNetincome": 6285000, "changeToAccountReceivables": 19150000, "changeToLiabilities": -36646000, "changeToInventory": 14674000, "changeToOperatingActivities": 6032000, "totalCashFromOperatingActivities": 10566000, "capitalExpenditures": -7886000, "otherCashflowsFromInvestingActivities": 17672000, "totalCashflowsFromInvestingActivities": 9786000, "dividendsPaid": -1798000, "netBorrowings": -9936000, "otherCashflowsFromFinancingActivities": -8670000, "totalCashFromFinancingActivities": -18606000, "changeInCash": 1746000}], "maxAge": 86400}, "institutionOwnership": {"maxAge": 1, "ownershipList": []}, "balanceSheetHistoryQuarterly": {"balanceSheetStatements": [{"maxAge": 1, "endDate": "2020-06-30", "totalStockholderEquity": 84465000, "netTangibleAssets": 84027000}, {"maxAge": 1, "endDate": "2020-03-31", "cash": 783000, "netReceivables": 101287000, "inventory": 52663000, "otherCurrentAssets": 5300000, "totalCurrentAssets": 160677000, "propertyPlantEquipment": 51324000, "intangibleAssets": 392000, "otherAssets": 21528000, "deferredLongTermAssetCharges": 3256000, "totalAssets": 233921000, "accountsPayable": 75843000, "shortLongTermDebt": 3193000, "otherCurrentLiab": 22995000, "longTermDebt": 2117000, "otherLiab": 3432000, "totalCurrentLiabilities": 143908000, "totalLiab": 149457000, "commonStock": 14985000, "retainedEarnings": 67972000, "treasuryStock": 1507000, "otherStockholderEquity": 1507000, "totalStockholderEquity": 84464000, "netTangibleAssets": 84072000}, {"maxAge": 1, "endDate": "2019-12-31", "totalStockholderEquity": 80733000, "netTangibleAssets": 79814000}, {"maxAge": 1, "endDate": "2019-09-30", "cash": 2141000, "netReceivables": 98478000, "inventory": 51630000, "otherCurrentAssets": 5444000, "totalCurrentAssets": 157693000, "propertyPlantEquipment": 52362000, "intangibleAssets": 919000, "otherAssets": 22608000, "deferredLongTermAssetCharges": 4426000, "totalAssets": 233582000, "accountsPayable": 77562000, "shortLongTermDebt": 40389000, "otherCurrentLiab": 18922000, "longTermDebt": 3695000, "otherLiab": 3349000, "totalCurrentLiabilities": 145805000, "totalLiab": 152849000, "commonStock": 14985000, "treasuryStock": 65748000, "otherStockholderEquity": 65748000, "totalStockholderEquity": 80733000, "netTangibleAssets": 79814000}], "maxAge": 86400}, "earningsHistory": {"history": [{"maxAge": 1, "epsActual": {}, "epsEstimate": {}, "epsDifference": {}, "surprisePercent": {}, "quarter": {}, "period": "-4q"}, {"maxAge": 1, "epsActual": {}, "epsEstimate": {}, "epsDifference": {}, "surprisePercent": {}, "quarter": {}, "period": "-3q"}, {"maxAge": 1, "epsActual": {}, "epsEstimate": {}, "epsDifference": {}, "surprisePercent": {}, "quarter": {}, "period": "-2q"}, {"maxAge": 1, "epsActual": {}, "epsEstimate": {}, "epsDifference": {}, "surprisePercent": {}, "quarter": {}, "period": "-1q"}], "maxAge": 86400}, "indexTrend": {"maxAge": 1, "symbol": "SP5", "peRatio": 19.7411, "pegRatio": 1.34172, "estimates": [{"period": "0q", "growth": 0.549}, {"period": "+1q", "growth": 0.431}, {"period": "0y", "growth": 0.305}, {"period": "+1y", "growth": 0.109}, {"period": "+5y", "growth": 0.120859005}, {"period": "-5y"}]}, "industryTrend": {"maxAge": 1, "symbol": null, "estimates": []}, "insiderTransactions": {"transactions": [{"maxAge": 1, "shares": 390000, "filerUrl": "", "transactionText": "", "filerName": "Spicer Gelenkwellenbau GmbH", "filerRelation": "Promoter", "moneyText": "", "startDate": "2018-04-17", "ownership": "D"}, {"maxAge": 1, "shares": 390000, "filerUrl": "", "transactionText": "", "filerName": "XLO India Ltd", "filerRelation": "Promoter", "moneyText": "", "startDate": "2018-04-17", "ownership": "D"}], "maxAge": 1}, "quoteType": {"exchange": "BSE", "quoteType": "EQUITY", "symbol": "HINDHARD.BO", "underlyingSymbol": "HINDHARD.BO", "shortName": "HINDUSTAN HARDY LIMITED", "longName": "Hindustan Hardy Limited", "firstTradeDateEpochUtc": "2002-02-08 09:15:00", "timeZoneFullName": "Asia/Kolkata", "timeZoneShortName": "IST", "uuid": "829d51a6-233d-39de-b27e-b9bab73fd215", "messageBoardId": null, "gmtOffSetMilliseconds": 19800000, "maxAge": 1}, "incomeStatementHistory": {"incomeStatementHistory": [{"maxAge": 1, "endDate": "2020-03-31", "totalRevenue": 390984000, "costOfRevenue": 204916000, "grossProfit": 186068000, "researchDevelopment": {}, "sellingGeneralAdministrative": 99861000, "nonRecurring": {}, "otherOperatingExpenses": 78512000, "totalOperatingExpenses": 389458000, "operatingIncome": 1526000, "totalOtherIncomeExpenseNet": -210000, "ebit": 1526000, "interestExpense": -415000, "incomeBeforeTax": 1316000, "incomeTaxExpense": 997000, "minorityInterest": {}, "netIncomeFromContinuingOps": 319000, "discontinuedOperations": {}, "extraordinaryItems": {}, "effectOfAccountingCharges": {}, "otherItems": {}, "netIncome": 319000, "netIncomeApplicableToCommonShares": 319000}, {"maxAge": 1, "endDate": "2019-03-31", "totalRevenue": 465968000, "costOfRevenue": 254111000, "grossProfit": 211857000, "researchDevelopment": {}, "sellingGeneralAdministrative": 99928000, "nonRecurring": {}, "otherOperatingExpenses": 85460000, "totalOperatingExpenses": 445126000, "operatingIncome": 20842000, "totalOtherIncomeExpenseNet": -3793000, "ebit": 20842000, "interestExpense": -347000, "incomeBeforeTax": 17049000, "incomeTaxExpense": 13135000, "minorityInterest": {}, "netIncomeFromContinuingOps": 3914000, "discontinuedOperations": {}, "extraordinaryItems": {}, "effectOfAccountingCharges": {}, "otherItems": {}, "netIncome": 3914000, "netIncomeApplicableToCommonShares": 3914000}, {"maxAge": 1, "endDate": "2018-03-31", "totalRevenue": 382129000, "costOfRevenue": 200032000, "grossProfit": 182097000, "researchDevelopment": {}, "sellingGeneralAdministrative": 92805000, "nonRecurring": {}, "otherOperatingExpenses": 75951000, "totalOperatingExpenses": 375492000, "operatingIncome": 6637000, "totalOtherIncomeExpenseNet": 2608000, "ebit": 6637000, "interestExpense": -528000, "incomeBeforeTax": 9245000, "incomeTaxExpense": 96000, "minorityInterest": {}, "netIncomeFromContinuingOps": 9149000, "discontinuedOperations": {}, "extraordinaryItems": {}, "effectOfAccountingCharges": {}, "otherItems": {}, "netIncome": 9149000, "netIncomeApplicableToCommonShares": 9149000}, {"maxAge": 1, "endDate": "2017-03-31", "totalRevenue": 368473000, "costOfRevenue": 200887000, "grossProfit": 167586000, "researchDevelopment": {}, "sellingGeneralAdministrative": 81624000, "nonRecurring": {}, "otherOperatingExpenses": 76840000, "totalOperatingExpenses": 368246000, "operatingIncome": 227000, "totalOtherIncomeExpenseNet": -8548000, "ebit": 227000, "interestExpense": -840000, "incomeBeforeTax": -8321000, "incomeTaxExpense": -497000, "minorityInterest": {}, "netIncomeFromContinuingOps": -7824000, "discontinuedOperations": {}, "extraordinaryItems": {}, "effectOfAccountingCharges": {}, "otherItems": {}, "netIncome": -7824000, "netIncomeApplicableToCommonShares": -7824000}], "maxAge": 86400}, "fundOwnership": {"maxAge": 1, "ownershipList": []}, "summaryDetail": {"maxAge": 1, "priceHint": 2, "previousClose": 131.6, "open": 126.05, "dayLow": 126.0, "dayHigh": 130.0, "regularMarketPreviousClose": 131.6, "regularMarketOpen": 126.05, "regularMarketDayLow": 126.0, "regularMarketDayHigh": 130.0, "volume": 658, "regularMarketVolume": 658, "averageVolume": 306, "averageVolume10days": 337, "averageDailyVolume10Day": 337, "bid": 0.0, "ask": 130.0, "bidSize": 0, "askSize": 0, "marketCap": 194798496, "fiftyTwoWeekLow": 47.2, "fiftyTwoWeekHigh": 152.0, "fiftyDayAverage": 109.54, "twoHundredDayAverage": 80.103264, "trailingAnnualDividendRate": 1.2, "trailingAnnualDividendYield": 0.009118541, "currency": "INR", "fromCurrency": null, "toCurrency": null, "lastMarket": null, "algorithm": null, "tradeable": false}, "sectorTrend": {"maxAge": 1, "symbol": null, "estimates": []}, "incomeStatementHistoryQuarterly": {"incomeStatementHistory": [{"maxAge": 1, "endDate": "2020-06-30", "totalRevenue": 54677000, "costOfRevenue": 28022000, "grossProfit": 26655000, "researchDevelopment": {}, "sellingGeneralAdministrative": 21938000, "nonRecurring": {}, "otherOperatingExpenses": 9749000, "totalOperatingExpenses": 61162000, "operatingIncome": -6485000, "totalOtherIncomeExpenseNet": 832000, "ebit": -6485000, "interestExpense": -566000, "incomeBeforeTax": -5653000, "incomeTaxExpense": -1639000, "minorityInterest": {}, "netIncomeFromContinuingOps": -4014000, "discontinuedOperations": {}, "extraordinaryItems": {}, "effectOfAccountingCharges": {}, "otherItems": {}, "netIncome": -4014000, "netIncomeApplicableToCommonShares": -4014000}, {"maxAge": 1, "endDate": "2020-03-31", "totalRevenue": 90755000, "costOfRevenue": 48772000, "grossProfit": 41983000, "researchDevelopment": {}, "sellingGeneralAdministrative": 25814000, "nonRecurring": {}, "otherOperatingExpenses": 15243000, "totalOperatingExpenses": 91574000, "operatingIncome": -819000, "totalOtherIncomeExpenseNet": 2199000, "ebit": -819000, "interestExpense": -566000, "incomeBeforeTax": 1380000, "incomeTaxExpense": 727000, "minorityInterest": {}, "netIncomeFromContinuingOps": 653000, "discontinuedOperations": {}, "extraordinaryItems": {}, "effectOfAccountingCharges": {}, "otherItems": {}, "netIncome": 653000, "netIncomeApplicableToCommonShares": 653000}, {"maxAge": 1, "endDate": "2019-12-31", "totalRevenue": 108256000, "costOfRevenue": 57846000, "grossProfit": 50410000, "researchDevelopment": {}, "sellingGeneralAdministrative": 24460000, "nonRecurring": {}, "otherOperatingExpenses": 19509000, "totalOperatingExpenses": 103321000, "operatingIncome": 4935000, "totalOtherIncomeExpenseNet": -619000, "ebit": 4935000, "interestExpense": -619000, "incomeBeforeTax": 4316000, "incomeTaxExpense": 1199000, "minorityInterest": {}, "netIncomeFromContinuingOps": 3117000, "discontinuedOperations": {}, "extraordinaryItems": {}, "effectOfAccountingCharges": {}, "otherItems": {}, "netIncome": 3117000, "netIncomeApplicableToCommonShares": 3117000}, {"maxAge": 1, "endDate": "2019-09-30", "totalRevenue": 86759000, "costOfRevenue": 44233000, "grossProfit": 42526000, "researchDevelopment": {}, "sellingGeneralAdministrative": 24421000, "nonRecurring": {}, "otherOperatingExpenses": 19744000, "totalOperatingExpenses": 89908000, "operatingIncome": -3149000, "totalOtherIncomeExpenseNet": -769000, "ebit": -3149000, "interestExpense": -769000, "incomeBeforeTax": -3918000, "incomeTaxExpense": -820000, "minorityInterest": {}, "netIncomeFromContinuingOps": -3098000, "discontinuedOperations": {}, "extraordinaryItems": {}, "effectOfAccountingCharges": {}, "otherItems": {}, "netIncome": -3098000, "netIncomeApplicableToCommonShares": -3098000}], "maxAge": 86400}, "cashflowStatementHistoryQuarterly": {"cashflowStatements": [{"maxAge": 1, "endDate": "2020-06-30", "netIncome": -4014000, "changeToLiabilities": 0}, {"maxAge": 1, "endDate": "2020-03-31", "netIncome": 653000, "changeToLiabilities": 0}, {"maxAge": 1, "endDate": "2019-12-31", "netIncome": 3117000, "changeToLiabilities": 0}, {"maxAge": 1, "endDate": "2019-09-30", "netIncome": -3098000, "changeToLiabilities": 0}], "maxAge": 86400}, "insiderHolders": {"holders": [{"maxAge": 1, "name": "Spicer Gelenkwellenbau GmbH", "relation": "Promoter", "url": "", "transactionDescription": "Sale", "latestTransDate": "2018-04-17", "positionDirect": 0, "positionDirectDate": "2018-04-17"}, {"maxAge": 1, "name": "XLO India Ltd", "relation": "Promoter", "url": "", "transactionDescription": "Purchase", "latestTransDate": "2018-04-17", "positionDirect": 989993, "positionDirectDate": "2018-04-17"}], "maxAge": 1}, "earnings": {"maxAge": 86400, "earningsChart": {"quarterly": [], "earningsDate": []}, "financialsChart": {"yearly": [{"date": 2017, "revenue": 368473000, "earnings": -7824000}, {"date": 2018, "revenue": 382129000, "earnings": 9149000}, {"date": 2019, "revenue": 465968000, "earnings": 3914000}, {"date": 2020, "revenue": 390984000, "earnings": 319000}], "quarterly": [{"date": "3Q2019", "revenue": 86759000, "earnings": -3098000}, {"date": "4Q2019", "revenue": 108256000, "earnings": 3117000}, {"date": "1Q2020", "revenue": 90755000, "earnings": 653000}, {"date": "2Q2020", "revenue": 54677000, "earnings": -4014000}]}, "financialCurrency": "INR"}, "calendarEvents": {"maxAge": 1, "earnings": {"earningsDate": []}}, "price": {"maxAge": 1, "regularMarketChangePercent": -0.0121581005, "regularMarketChange": -1.6000061, "regularMarketTime": "2021-04-30 15:50:59", "priceHint": 2, "regularMarketPrice": 130.0, "regularMarketDayHigh": 130.0, "regularMarketDayLow": 126.0, "regularMarketVolume": 658, "averageDailyVolume10Day": 337, "averageDailyVolume3Month": 306, "regularMarketPreviousClose": 131.6, "regularMarketSource": "FREE_REALTIME", "regularMarketOpen": 126.05, "exchange": "BSE", "exchangeName": "BSE", "exchangeDataDelayedBy": 0, "marketState": "CLOSED", "quoteType": "EQUITY", "symbol": "HINDHARD.BO", "underlyingSymbol": null, "shortName": "HINDUSTAN HARDY LIMITED", "longName": "Hindustan Hardy Limited", "currency": "INR", "quoteSourceName": "Delayed Quote", "currencySymbol": "\u20b9", "fromCurrency": null, "toCurrency": null, "lastMarket": null, "marketCap": 194798496}, "balanceSheetHistory": {"balanceSheetStatements": [{"maxAge": 1, "endDate": "2020-03-31", "cash": 783000, "netReceivables": 101287000, "inventory": 52663000, "otherCurrentAssets": 5300000, "totalCurrentAssets": 160677000, "propertyPlantEquipment": 51324000, "intangibleAssets": 392000, "otherAssets": 21528000, "deferredLongTermAssetCharges": 3256000, "totalAssets": 233921000, "accountsPayable": 75843000, "shortLongTermDebt": 3193000, "otherCurrentLiab": 22995000, "longTermDebt": 2117000, "otherLiab": 3432000, "totalCurrentLiabilities": 143908000, "totalLiab": 149457000, "commonStock": 14985000, "retainedEarnings": 67972000, "treasuryStock": 1507000, "otherStockholderEquity": 1507000, "totalStockholderEquity": 84464000, "netTangibleAssets": 84072000}, {"maxAge": 1, "endDate": "2019-03-31", "cash": 733000, "netReceivables": 133418000, "inventory": 52319000, "otherCurrentAssets": 2142000, "totalCurrentAssets": 189379000, "propertyPlantEquipment": 46751000, "intangibleAssets": 519000, "otherAssets": 26978000, "deferredLongTermAssetCharges": 3335000, "totalAssets": 263627000, "accountsPayable": 84215000, "shortLongTermDebt": 2152000, "otherCurrentLiab": 29323000, "longTermDebt": 2141000, "otherLiab": 3188000, "totalCurrentLiabilities": 171772000, "totalLiab": 177101000, "commonStock": 14985000, "retainedEarnings": 70033000, "treasuryStock": 1508000, "otherStockholderEquity": 1508000, "totalStockholderEquity": 86526000, "netTangibleAssets": 86007000}, {"maxAge": 1, "endDate": "2018-03-31", "cash": 1466000, "netReceivables": 121164000, "inventory": 40872000, "otherCurrentAssets": 5612000, "totalCurrentAssets": 169930000, "propertyPlantEquipment": 41726000, "intangibleAssets": 509000, "otherAssets": 33761000, "deferredLongTermAssetCharges": 2598000, "totalAssets": 245926000, "accountsPayable": 83101000, "shortLongTermDebt": 3438000, "otherCurrentLiab": 28200000, "longTermDebt": 487000, "otherLiab": 2875000, "totalCurrentLiabilities": 160990000, "totalLiab": 164352000, "commonStock": 14985000, "retainedEarnings": 65082000, "treasuryStock": 1507000, "otherStockholderEquity": 1507000, "totalStockholderEquity": 81574000, "netTangibleAssets": 81065000}, {"maxAge": 1, "endDate": "2017-03-31", "cash": 2085000, "netReceivables": 90304000, "inventory": 35401000, "otherCurrentAssets": 5435000, "totalCurrentAssets": 134293000, "longTermInvestments": 55000, "propertyPlantEquipment": 43511000, "intangibleAssets": 750000, "otherAssets": 53435000, "deferredLongTermAssetCharges": 1919000, "totalAssets": 232044000, "accountsPayable": 71888000, "shortLongTermDebt": 2040000, "otherCurrentLiab": 23258000, "longTermDebt": 4982000, "otherLiab": 4171000, "totalCurrentLiabilities": 149410000, "totalLiab": 158563000, "commonStock": 14985000, "retainedEarnings": 56988000, "treasuryStock": 1508000, "otherStockholderEquity": 1508000, "totalStockholderEquity": 73481000, "netTangibleAssets": 72731000}], "maxAge": 86400}, "earningsTrend": {"trend": [{"maxAge": 1, "period": "0q", "endDate": null, "growth": {}, "earningsEstimate": {"avg": 0.0, "low": 0.0, "high": 0.0, "yearAgoEps": {}, "numberOfAnalysts": 0, "growth": {}}, "revenueEstimate": {"avg": 0, "low": 0, "high": 0, "numberOfAnalysts": 0, "yearAgoRevenue": {}, "growth": {}}, "epsTrend": {"current": 0.0, "7daysAgo": 0.0, "30daysAgo": 0.0, "60daysAgo": 0.0, "90daysAgo": 0.0}, "epsRevisions": {"upLast7days": 0, "upLast30days": 0, "downLast30days": 0, "downLast90days": {}}}, {"maxAge": 1, "period": "+1q", "endDate": null, "growth": {}, "earningsEstimate": {"avg": 0.0, "low": 0.0, "high": 0.0, "yearAgoEps": {}, "numberOfAnalysts": 0, "growth": {}}, "revenueEstimate": {"avg": 0, "low": 0, "high": 0, "numberOfAnalysts": 0, "yearAgoRevenue": {}, "growth": {}}, "epsTrend": {"current": 0.0, "7daysAgo": 0.0, "30daysAgo": 0.0, "60daysAgo": 0.0, "90daysAgo": 0.0}, "epsRevisions": {"upLast7days": 0, "upLast30days": 0, "downLast30days": 0, "downLast90days": {}}}, {"maxAge": 1, "period": "0y", "endDate": null, "growth": {}, "earningsEstimate": {"avg": 0.0, "low": 0.0, "high": 0.0, "yearAgoEps": {}, "numberOfAnalysts": 0, "growth": {}}, "revenueEstimate": {"avg": 0, "low": 0, "high": 0, "numberOfAnalysts": 0, "yearAgoRevenue": {}, "growth": {}}, "epsTrend": {"current": 0.0, "7daysAgo": 0.0, "30daysAgo": 0.0, "60daysAgo": 0.0, "90daysAgo": 0.0}, "epsRevisions": {"upLast7days": 0, "upLast30days": 0, "downLast30days": 0, "downLast90days": {}}}, {"maxAge": 1, "period": "+1y", "endDate": null, "growth": {}, "earningsEstimate": {"avg": 0.0, "low": 0.0, "high": 0.0, "yearAgoEps": {}, "numberOfAnalysts": 0, "growth": {}}, "revenueEstimate": {"avg": 0, "low": 0, "high": 0, "numberOfAnalysts": 0, "yearAgoRevenue": {}, "growth": {}}, "epsTrend": {"current": 0.0, "7daysAgo": 0.0, "30daysAgo": 0.0, "60daysAgo": 0.0, "90daysAgo": 0.0}, "epsRevisions": {"upLast7days": 0, "upLast30days": 0, "downLast30days": 0, "downLast90days": {}}}, {"maxAge": 1, "period": "+5y", "endDate": null, "growth": {}, "earningsEstimate": {"avg": {}, "low": {}, "high": {}, "yearAgoEps": {}, "numberOfAnalysts": {}, "growth": {}}, "revenueEstimate": {"avg": {}, "low": {}, "high": {}, "numberOfAnalysts": {}, "yearAgoRevenue": {}, "growth": {}}, "epsTrend": {"current": {}, "7daysAgo": {}, "30daysAgo": {}, "60daysAgo": {}, "90daysAgo": {}}, "epsRevisions": {"upLast7days": {}, "upLast30days": {}, "downLast30days": {}, "downLast90days": {}}}, {"maxAge": 1, "period": "-5y", "endDate": null, "growth": {}, "earningsEstimate": {"avg": {}, "low": {}, "high": {}, "yearAgoEps": {}, "numberOfAnalysts": {}, "growth": {}}, "revenueEstimate": {"avg": {}, "low": {}, "high": {}, "numberOfAnalysts": {}, "yearAgoRevenue": {}, "growth": {}}, "epsTrend": {"current": {}, "7daysAgo": {}, "30daysAgo": {}, "60daysAgo": {}, "90daysAgo": {}}, "epsRevisions": {"upLast7days": {}, "upLast30days": {}, "downLast30days": {}, "downLast90days": {}}}], "maxAge": 1}, "financialData": {"maxAge": 86400, "currentPrice": 130.0, "targetHighPrice": 94.0, "targetLowPrice": 94.0, "targetMeanPrice": 94.0, "targetMedianPrice": 94.0, "recommendationKey": "none", "numberOfAnalystOpinions": 1, "grossProfits": 186068000, "financialCurrency": "INR"}}}