{"HINDMOTORS.BO": {"recommendationTrend": {"trend": [{"period": "0m", "strongBuy": 0, "buy": 0, "hold": 0, "sell": 0, "strongSell": 0}, {"period": "-1m", "strongBuy": 0, "buy": 0, "hold": 0, "sell": 0, "strongSell": 0}, {"period": "-2m", "strongBuy": 0, "buy": 0, "hold": 0, "sell": 0, "strongSell": 0}, {"period": "-3m", "strongBuy": 0, "buy": 0, "hold": 0, "sell": 0, "strongSell": 0}], "maxAge": 86400}, "cashflowStatementHistory": {"cashflowStatements": [{"maxAge": 1, "endDate": "2020-03-31", "netIncome": -8250000, "depreciation": 8841000, "changeToNetincome": -57872000, "changeToAccountReceivables": -107000, "changeToLiabilities": -38224000, "changeToInventory": 2765000, "changeToOperatingActivities": 78481000, "totalCashFromOperatingActivities": -14366000, "otherCashflowsFromInvestingActivities": 442000, "totalCashflowsFromInvestingActivities": 1792000, "otherCashflowsFromFinancingActivities": -501000, "totalCashFromFinancingActivities": -501000, "changeInCash": -13075000}, {"maxAge": 1, "endDate": "2019-03-31", "netIncome": 267137000, "depreciation": 10504000, "changeToNetincome": -372060000, "changeToAccountReceivables": -2000, "changeToLiabilities": -26600000, "changeToInventory": 8505000, "changeToOperatingActivities": -28677000, "totalCashFromOperatingActivities": -139741000, "capitalExpenditures": -78000, "otherCashflowsFromInvestingActivities": 7039000, "totalCashflowsFromInvestingActivities": 22740000, "otherCashflowsFromFinancingActivities": -21645000, "totalCashFromFinancingActivities": -21645000, "changeInCash": -138646000}, {"maxAge": 1, "endDate": "2018-03-31", "netIncome": 565788000, "depreciation": 10137000, "changeToNetincome": -742519000, "changeToAccountReceivables": 9738000, "changeToLiabilities": -64091000, "changeToInventory": 19910000, "changeToOperatingActivities": -137753000, "totalCashFromOperatingActivities": -334595000, "capitalExpenditures": -5300000, "otherCashflowsFromInvestingActivities": 5497000, "totalCashflowsFromInvestingActivities": 792177000, "netBorrowings": -178482000, "otherCashflowsFromFinancingActivities": -113945000, "totalCashFromFinancingActivities": -292427000, "changeInCash": 165155000}, {"maxAge": 1, "endDate": "2017-03-31", "netIncome": -160295000, "depreciation": 10996000, "changeToNetincome": -14769000, "changeToAccountReceivables": 1503000, "changeToLiabilities": 94617000, "changeToInventory": 37269000, "changeToOperatingActivities": 132453000, "totalCashFromOperatingActivities": 106360000, "capitalExpenditures": -5300000, "investments": 9300000, "otherCashflowsFromInvestingActivities": 235000, "totalCashflowsFromInvestingActivities": 10033000, "netBorrowings": -21101000, "otherCashflowsFromFinancingActivities": -95254000, "totalCashFromFinancingActivities": -116355000, "changeInCash": 38000}], "maxAge": 86400}, "institutionOwnership": {"maxAge": 1, "ownershipList": []}, "balanceSheetHistoryQuarterly": {"balanceSheetStatements": [{"maxAge": 1, "endDate": "2020-06-30", "totalStockholderEquity": -313542000, "netTangibleAssets": -313542000}, {"maxAge": 1, "endDate": "2020-03-31", "cash": 13748000, "netReceivables": 21000000, "inventory": 1504000, "otherCurrentAssets": 12824000, "totalCurrentAssets": 49273000, "longTermInvestments": 1084000, "propertyPlantEquipment": 204892000, "otherAssets": 7569000, "totalAssets": 262818000, "accountsPayable": 109030000, "shortLongTermDebt": 179150000, "otherCurrentLiab": 84153000, "otherLiab": 40026000, "deferredLongTermLiab": 129000, "totalCurrentLiabilities": 536334000, "totalLiab": 576360000, "commonStock": 1043296000, "retainedEarnings": -1708785000, "treasuryStock": 74787000, "capitalSurplus": 277160000, "otherStockholderEquity": 74787000, "totalStockholderEquity": -313542000, "netTangibleAssets": -313542000}, {"maxAge": 1, "endDate": "2019-12-31", "totalStockholderEquity": -296980000, "netTangibleAssets": -296980000}, {"maxAge": 1, "endDate": "2019-09-30", "cash": 14525000, "shortTermInvestments": 19285000, "netReceivables": 1173000, "inventory": 2599000, "otherCurrentAssets": 16379000, "totalCurrentAssets": 53961000, "longTermInvestments": 1084000, "propertyPlantEquipment": 209304000, "otherAssets": 7955000, "totalAssets": 272304000, "accountsPayable": 139344000, "otherCurrentLiab": 390737000, "otherLiab": 36791000, "totalCurrentLiabilities": 532493000, "totalLiab": 569284000, "commonStock": 1043300000, "treasuryStock": -1340280000, "otherStockholderEquity": -1340280000, "totalStockholderEquity": -296980000, "netTangibleAssets": -296980000}], "maxAge": 86400}, "earningsHistory": {"history": [{"maxAge": 1, "epsActual": {}, "epsEstimate": {}, "epsDifference": {}, "surprisePercent": {}, "quarter": {}, "period": "-4q"}, {"maxAge": 1, "epsActual": {}, "epsEstimate": {}, "epsDifference": {}, "surprisePercent": {}, "quarter": {}, "period": "-3q"}, {"maxAge": 1, "epsActual": {}, "epsEstimate": {}, "epsDifference": {}, "surprisePercent": {}, "quarter": {}, "period": "-2q"}, {"maxAge": 1, "epsActual": {}, "epsEstimate": {}, "epsDifference": {}, "surprisePercent": {}, "quarter": {}, "period": "-1q"}], "maxAge": 86400}, "indexTrend": {"maxAge": 1, "symbol": "SP5", "peRatio": 19.7411, "pegRatio": 1.34172, "estimates": [{"period": "0q", "growth": 0.549}, {"period": "+1q", "growth": 0.431}, {"period": "0y", "growth": 0.305}, {"period": "+1y", "growth": 0.109}, {"period": "+5y", "growth": 0.120859005}, {"period": "-5y"}]}, "industryTrend": {"maxAge": 1, "symbol": null, "estimates": []}, "insiderTransactions": {"transactions": [{"maxAge": 1, "shares": 1300000, "filerUrl": "", "transactionText": "", "filerName": "Soorya Vanijya & Investment Ltd", "filerRelation": "Promoter", "moneyText": "", "startDate": "2017-09-21", "ownership": "D"}, {"maxAge": 1, "shares": 1300000, "filerUrl": "", "transactionText": "", "filerName": "Jaipur Finance & Dairy Products Pvt. Ltd.", "filerRelation": "Promoter", "moneyText": "", "startDate": "2017-09-21", "ownership": "D"}, {"maxAge": 1, "shares": 700000, "filerUrl": "", "transactionText": "", "filerName": "Jaipur Finance & Dairy Products Pvt. Ltd.", "filerRelation": "Promoter", "moneyText": "", "startDate": "2017-01-25", "ownership": "D"}, {"maxAge": 1, "shares": 700000, "filerUrl": "", "transactionText": "", "filerName": "India Silica Magnesite Works Ltd", "filerRelation": "Promoter", "moneyText": "", "startDate": "2017-01-25", "ownership": "D"}, {"maxAge": 1, "shares": 1000000, "filerUrl": "", "transactionText": "", "filerName": "Jaipur Finance & Dairy Products Pvt. Ltd.", "filerRelation": "Promoter", "moneyText": "", "startDate": "2016-12-06", "ownership": "D"}, {"maxAge": 1, "shares": 10743600, "filerUrl": "", "transactionText": "", "filerName": "ICICI Bank Ltd", "filerRelation": "Institution- Corporation", "moneyText": "", "startDate": "2014-09-29", "ownership": "D"}, {"maxAge": 1, "shares": 5400000, "filerUrl": "", "transactionText": "", "filerName": "Amer Investments (Delhi) Ltd", "filerRelation": "Promoter", "moneyText": "", "startDate": "2012-06-19", "ownership": "D"}, {"maxAge": 1, "shares": 6400000, "filerUrl": "", "transactionText": "", "filerName": "Central India Industries Ltd", "filerRelation": "Promoter", "moneyText": "", "startDate": "2012-06-19", "ownership": "D"}, {"maxAge": 1, "shares": 11800000, "filerUrl": "", "transactionText": "", "filerName": "Amer Investments (Delhi) Ltd", "filerRelation": "Promoter", "moneyText": "", "startDate": "2012-03-12", "ownership": "D"}, {"maxAge": 1, "shares": 11800000, "filerUrl": "", "transactionText": "", "filerName": "Central India Industries Ltd", "filerRelation": "Promoter", "moneyText": "", "startDate": "2012-03-12", "ownership": "D"}, {"maxAge": 1, "shares": 11800000, "filerUrl": "", "transactionText": "", "filerName": "Bengal Rubber Co. Ltd.", "filerRelation": "Promoter", "moneyText": "", "startDate": "2012-03-12", "ownership": "D"}, {"maxAge": 1, "shares": 3259676, "filerUrl": "", "transactionText": "", "filerName": "Life Insurance Corporation of India", "filerRelation": "Institution- Corporation", "moneyText": "", "startDate": "2010-09-14", "ownership": "D"}, {"maxAge": 1, "shares": 359996, "filerUrl": "", "transactionText": "", "filerName": "Birla (Nirmala)", "filerRelation": "UNREPORTED", "moneyText": "", "startDate": "2010-05-27", "ownership": "D"}], "maxAge": 1}, "quoteType": {"exchange": "BSE", "quoteType": "EQUITY", "symbol": "HINDMOTORS.BO", "underlyingSymbol": "HINDMOTORS.BO", "shortName": "HINDUSTAN MOTORS LTD.", "longName": "Hindustan Motors Limited", "firstTradeDateEpochUtc": "2000-01-03 09:15:00", "timeZoneFullName": "Asia/Kolkata", "timeZoneShortName": "IST", "uuid": "9a102396-36ac-322e-997c-ecca99fff6d1", "messageBoardId": null, "gmtOffSetMilliseconds": 19800000, "maxAge": 1}, "incomeStatementHistory": {"incomeStatementHistory": [{"maxAge": 1, "endDate": "2020-03-31", "totalRevenue": 2102000, "costOfRevenue": 4274000, "grossProfit": -2172000, "researchDevelopment": {}, "sellingGeneralAdministrative": 17352000, "nonRecurring": {}, "otherOperatingExpenses": 30940000, "totalOperatingExpenses": 61407000, "operatingIncome": -59305000, "totalOtherIncomeExpenseNet": 50846000, "ebit": -59305000, "interestExpense": -501000, "incomeBeforeTax": -8459000, "incomeTaxExpense": -209000, "minorityInterest": {}, "netIncomeFromContinuingOps": -8250000, "discontinuedOperations": {}, "extraordinaryItems": {}, "effectOfAccountingCharges": {}, "otherItems": {}, "netIncome": -8250000, "netIncomeApplicableToCommonShares": -8250000}, {"maxAge": 1, "endDate": "2019-03-31", "totalRevenue": 5397000, "costOfRevenue": 9564000, "grossProfit": -4167000, "researchDevelopment": {}, "sellingGeneralAdministrative": 23192000, "nonRecurring": {}, "otherOperatingExpenses": 26687000, "totalOperatingExpenses": 77543000, "operatingIncome": -72146000, "totalOtherIncomeExpenseNet": 338162000, "ebit": -72146000, "interestExpense": -16476000, "incomeBeforeTax": 266016000, "incomeTaxExpense": -1121000, "minorityInterest": {}, "netIncomeFromContinuingOps": 267137000, "discontinuedOperations": {}, "extraordinaryItems": {}, "effectOfAccountingCharges": {}, "otherItems": {}, "netIncome": 267137000, "netIncomeApplicableToCommonShares": 267137000}, {"maxAge": 1, "endDate": "2018-03-31", "totalRevenue": 0, "costOfRevenue": 22354000, "grossProfit": -22354000, "researchDevelopment": {}, "sellingGeneralAdministrative": 45388000, "nonRecurring": {}, "otherOperatingExpenses": 82571000, "totalOperatingExpenses": 173747000, "operatingIncome": -173747000, "totalOtherIncomeExpenseNet": 796453000, "ebit": -173747000, "interestExpense": -87063000, "incomeBeforeTax": 622706000, "incomeTaxExpense": 56918000, "minorityInterest": {}, "netIncomeFromContinuingOps": 565788000, "discontinuedOperations": {}, "extraordinaryItems": {}, "effectOfAccountingCharges": {}, "otherItems": {}, "netIncome": 565788000, "netIncomeApplicableToCommonShares": 565788000}, {"maxAge": 1, "endDate": "2017-03-31", "totalRevenue": 11293000, "costOfRevenue": 29918000, "grossProfit": -18625000, "researchDevelopment": {}, "sellingGeneralAdministrative": 99419000, "nonRecurring": {}, "otherOperatingExpenses": 45852000, "totalOperatingExpenses": 190771000, "operatingIncome": -179478000, "totalOtherIncomeExpenseNet": 19183000, "ebit": -179478000, "interestExpense": -102906000, "incomeBeforeTax": -160295000, "incomeTaxExpense": 0, "minorityInterest": {}, "netIncomeFromContinuingOps": -160295000, "discontinuedOperations": {}, "extraordinaryItems": {}, "effectOfAccountingCharges": {}, "otherItems": {}, "netIncome": -160295000, "netIncomeApplicableToCommonShares": -160295000}], "maxAge": 86400}, "fundOwnership": {"maxAge": 1, "ownershipList": []}, "summaryDetail": {"maxAge": 1, "priceHint": 2, "previousClose": 6.9, "open": 6.86, "dayLow": 6.57, "dayHigh": 7.01, "regularMarketPreviousClose": 6.9, "regularMarketOpen": 6.86, "regularMarketDayLow": 6.57, "regularMarketDayHigh": 7.01, "volume": 16029, "regularMarketVolume": 16029, "averageVolume": 91782, "averageVolume10days": 81135, "averageDailyVolume10Day": 81135, "bid": 6.75, "ask": 6.84, "bidSize": 0, "askSize": 0, "marketCap": 1408448256, "fiftyTwoWeekLow": 2.51, "fiftyTwoWeekHigh": 10.0, "fiftyDayAverage": 7.1414285, "twoHundredDayAverage": 6.1618977, "currency": "INR", "fromCurrency": null, "toCurrency": null, "lastMarket": null, "algorithm": null, "tradeable": false}, "sectorTrend": {"maxAge": 1, "symbol": null, "estimates": []}, "incomeStatementHistoryQuarterly": {"incomeStatementHistory": [{"maxAge": 1, "endDate": "2020-06-30", "totalRevenue": 400000, "costOfRevenue": 0, "grossProfit": 400000, "researchDevelopment": {}, "sellingGeneralAdministrative": 5800000, "nonRecurring": {}, "otherOperatingExpenses": 2700000, "totalOperatingExpenses": 10600000, "operatingIncome": -10200000, "totalOtherIncomeExpenseNet": 8000000, "ebit": -10200000, "interestExpense": -100000, "incomeBeforeTax": -2200000, "incomeTaxExpense": 0, "minorityInterest": {}, "netIncomeFromContinuingOps": -2200000, "discontinuedOperations": {}, "extraordinaryItems": {}, "effectOfAccountingCharges": {}, "otherItems": {}, "netIncome": -2200000, "netIncomeApplicableToCommonShares": -2200000}, {"maxAge": 1, "endDate": "2020-03-31", "totalRevenue": 1602000, "costOfRevenue": 2274000, "grossProfit": -672000, "researchDevelopment": {}, "sellingGeneralAdministrative": -8748000, "nonRecurring": {}, "otherOperatingExpenses": 20140000, "totalOperatingExpenses": 15807000, "operatingIncome": -14205000, "totalOtherIncomeExpenseNet": 8846000, "ebit": -14205000, "interestExpense": -101000, "incomeBeforeTax": -5359000, "incomeTaxExpense": -1409000, "minorityInterest": {}, "netIncomeFromContinuingOps": -3950000, "discontinuedOperations": {}, "extraordinaryItems": {}, "effectOfAccountingCharges": {}, "otherItems": {}, "netIncome": -3950000, "netIncomeApplicableToCommonShares": -3950000}, {"maxAge": 1, "endDate": "2019-12-31", "totalRevenue": 0, "costOfRevenue": 300000, "grossProfit": -300000, "researchDevelopment": {}, "sellingGeneralAdministrative": 6800000, "nonRecurring": {}, "otherOperatingExpenses": 3400000, "totalOperatingExpenses": 12700000, "operatingIncome": -12700000, "totalOtherIncomeExpenseNet": 1300000, "ebit": -12700000, "interestExpense": -101000, "incomeBeforeTax": -11400000, "incomeTaxExpense": 0, "minorityInterest": {}, "netIncomeFromContinuingOps": -11400000, "discontinuedOperations": {}, "extraordinaryItems": {}, "effectOfAccountingCharges": {}, "otherItems": {}, "netIncome": -11400000, "netIncomeApplicableToCommonShares": -11400000}, {"maxAge": 1, "endDate": "2019-09-30", "totalRevenue": 500000, "costOfRevenue": 700000, "grossProfit": -200000, "researchDevelopment": {}, "sellingGeneralAdministrative": 7700000, "nonRecurring": {}, "otherOperatingExpenses": 3600000, "totalOperatingExpenses": 14300000, "operatingIncome": -13800000, "totalOtherIncomeExpenseNet": 19300000, "ebit": -13800000, "interestExpense": -300000, "incomeBeforeTax": 5500000, "incomeTaxExpense": 1200000, "minorityInterest": {}, "netIncomeFromContinuingOps": 4300000, "discontinuedOperations": {}, "extraordinaryItems": {}, "effectOfAccountingCharges": {}, "otherItems": {}, "netIncome": 4300000, "netIncomeApplicableToCommonShares": 4300000}], "maxAge": 86400}, "cashflowStatementHistoryQuarterly": {"cashflowStatements": [{"maxAge": 1, "endDate": "2020-06-30", "netIncome": -2200000, "changeToLiabilities": 0}, {"maxAge": 1, "endDate": "2020-03-31", "netIncome": -3950000, "changeToLiabilities": 0}, {"maxAge": 1, "endDate": "2019-12-31", "netIncome": -11400000, "changeToLiabilities": 0}, {"maxAge": 1, "endDate": "2019-09-30", "netIncome": 4300000, "changeToLiabilities": 0}], "maxAge": 86400}, "insiderHolders": {"holders": [{"maxAge": 1, "name": "Amer Investments (Delhi) Ltd", "relation": "Promoter", "url": "", "transactionDescription": "Acquisition", "latestTransDate": "2012-06-19", "positionDirect": 8790000, "positionDirectDate": "2012-06-19"}, {"maxAge": 1, "name": "Bengal Rubber Co. Ltd.", "relation": "Promoter", "url": "", "transactionDescription": "Acquisition", "latestTransDate": "2012-03-12", "positionDirect": 5354950, "positionDirectDate": "2012-03-12"}, {"maxAge": 1, "name": "Birla (Nirmala)", "relation": "UNREPORTED", "url": "", "transactionDescription": "Acquisition", "latestTransDate": "2010-05-27", "positionDirect": 487992, "positionDirectDate": "2010-05-27"}, {"maxAge": 1, "name": "Central India Industries Ltd", "relation": "Promoter", "url": "", "transactionDescription": "Acquisition", "latestTransDate": "2012-06-19", "positionDirect": 18400600, "positionDirectDate": "2012-06-19"}, {"maxAge": 1, "name": "ICICI Bank Ltd", "relation": "Institution- Corporation", "url": "", "transactionDescription": "Other", "latestTransDate": "2014-09-29", "positionDirect": 10743600, "positionDirectDate": "2014-09-29"}, {"maxAge": 1, "name": "India Silica Magnesite Works Ltd", "relation": "Promoter", "url": "", "transactionDescription": "Sale", "latestTransDate": "2017-01-25", "positionDirect": 365000, "positionDirectDate": "2017-01-25"}, {"maxAge": 1, "name": "Jaipur Finance & Dairy Products Pvt. Ltd.", "relation": "Promoter", "url": "", "transactionDescription": "Acquisition", "latestTransDate": "2017-09-21", "positionDirect": 3662000, "positionDirectDate": "2017-09-21"}, {"maxAge": 1, "name": "Life Insurance Corporation of India", "relation": "Institution- Corporation", "url": "", "transactionDescription": "Sale", "latestTransDate": "2010-09-14", "positionDirect": 7305675, "positionDirectDate": "2010-09-14"}, {"maxAge": 1, "name": "Soorya Vanijya & Investment Ltd", "relation": "Promoter", "url": "", "transactionDescription": "Sale", "latestTransDate": "2017-09-21", "positionDirect": 1505000, "positionDirectDate": "2017-09-21"}], "maxAge": 1}, "earnings": {"maxAge": 86400, "earningsChart": {"quarterly": [], "earningsDate": []}, "financialsChart": {"yearly": [{"date": 2017, "revenue": 11293000, "earnings": -160295000}, {"date": 2018, "revenue": 0, "earnings": 565788000}, {"date": 2019, "revenue": 5397000, "earnings": 267137000}, {"date": 2020, "revenue": 2102000, "earnings": -8250000}], "quarterly": [{"date": "3Q2019", "revenue": 500000, "earnings": 4300000}, {"date": "4Q2019", "revenue": 0, "earnings": -11400000}, {"date": "1Q2020", "revenue": 1602000, "earnings": -3950000}, {"date": "2Q2020", "revenue": 400000, "earnings": -2200000}]}, "financialCurrency": "INR"}, "calendarEvents": {"maxAge": 1, "earnings": {"earningsDate": []}}, "price": {"maxAge": 1, "regularMarketChangePercent": -0.021739144, "regularMarketChange": -0.1500001, "regularMarketTime": "2021-04-30 15:49:57", "priceHint": 2, "regularMarketPrice": 6.75, "regularMarketDayHigh": 7.01, "regularMarketDayLow": 6.57, "regularMarketVolume": 16029, "averageDailyVolume10Day": 81135, "averageDailyVolume3Month": 91782, "regularMarketPreviousClose": 6.9, "regularMarketSource": "FREE_REALTIME", "regularMarketOpen": 6.86, "exchange": "BSE", "exchangeName": "BSE", "exchangeDataDelayedBy": 0, "marketState": "CLOSED", "quoteType": "EQUITY", "symbol": "HINDMOTORS.BO", "underlyingSymbol": null, "shortName": "HINDUSTAN MOTORS LTD.", "longName": "Hindustan Motors Limited", "currency": "INR", "quoteSourceName": "Delayed Quote", "currencySymbol": "\u20b9", "fromCurrency": null, "toCurrency": null, "lastMarket": null, "marketCap": 1408448256}, "balanceSheetHistory": {"balanceSheetStatements": [{"maxAge": 1, "endDate": "2020-03-31", "cash": 13748000, "netReceivables": 21000000, "inventory": 1504000, "otherCurrentAssets": 12824000, "totalCurrentAssets": 49273000, "longTermInvestments": 1084000, "propertyPlantEquipment": 204892000, "otherAssets": 7569000, "totalAssets": 262818000, "accountsPayable": 109030000, "shortLongTermDebt": 179150000, "otherCurrentLiab": 84153000, "otherLiab": 40026000, "deferredLongTermLiab": 129000, "totalCurrentLiabilities": 536334000, "totalLiab": 576360000, "commonStock": 1043296000, "retainedEarnings": -1708785000, "treasuryStock": 74787000, "capitalSurplus": 277160000, "otherStockholderEquity": 74787000, "totalStockholderEquity": -313542000, "netTangibleAssets": -313542000}, {"maxAge": 1, "endDate": "2019-03-31", "cash": 26823000, "netReceivables": 22554000, "inventory": 4269000, "otherCurrentAssets": 26500000, "totalCurrentAssets": 80716000, "longTermInvestments": 1084000, "propertyPlantEquipment": 213760000, "otherAssets": 8409000, "totalAssets": 303969000, "accountsPayable": 147254000, "shortLongTermDebt": 179150000, "otherCurrentLiab": 55745000, "otherLiab": 27583000, "deferredLongTermLiab": 131000, "totalCurrentLiabilities": 579056000, "totalLiab": 606639000, "commonStock": 1043296000, "retainedEarnings": -1697913000, "treasuryStock": 74787000, "capitalSurplus": 277160000, "otherStockholderEquity": 74787000, "totalStockholderEquity": -302670000, "netTangibleAssets": -302670000}, {"maxAge": 1, "endDate": "2018-03-31", "cash": 165469000, "netReceivables": 24570000, "inventory": 12774000, "otherCurrentAssets": 51327000, "totalCurrentAssets": 254311000, "longTermInvestments": 1084000, "propertyPlantEquipment": 238732000, "intangibleAssets": 1452000, "otherAssets": 8431000, "totalAssets": 504010000, "accountsPayable": 174331000, "shortLongTermDebt": 179150000, "otherCurrentLiab": 139322000, "otherLiab": 30411000, "deferredLongTermLiab": 133000, "totalCurrentLiabilities": 1040737000, "totalLiab": 1071148000, "commonStock": 1043296000, "retainedEarnings": -1962381000, "treasuryStock": 74787000, "capitalSurplus": 277160000, "otherStockholderEquity": 74787000, "totalStockholderEquity": -567138000, "netTangibleAssets": -568590000}, {"maxAge": 1, "endDate": "2017-03-31", "cash": 314000, "shortTermInvestments": 10000, "netReceivables": 37010000, "inventory": 32684000, "otherCurrentAssets": 22536000, "totalCurrentAssets": 93363000, "longTermInvestments": 1084000, "propertyPlantEquipment": 250176000, "intangibleAssets": 5647000, "otherAssets": 39409000, "totalAssets": 389679000, "accountsPayable": 238422000, "shortLongTermDebt": 316017000, "otherCurrentLiab": 129163000, "otherLiab": 48088000, "deferredLongTermLiab": 135000, "totalCurrentLiabilities": 1467571000, "totalLiab": 1515659000, "commonStock": 1043296000, "retainedEarnings": -2521807000, "treasuryStock": 75371000, "capitalSurplus": 277160000, "otherStockholderEquity": 75371000, "totalStockholderEquity": -1125980000, "netTangibleAssets": -1131627000}], "maxAge": 86400}, "earningsTrend": {"trend": [{"maxAge": 1, "period": "0q", "endDate": null, "growth": {}, "earningsEstimate": {"avg": 0.0, "low": 0.0, "high": 0.0, "yearAgoEps": {}, "numberOfAnalysts": 0, "growth": {}}, "revenueEstimate": {"avg": 0, "low": 0, "high": 0, "numberOfAnalysts": 0, "yearAgoRevenue": {}, "growth": {}}, "epsTrend": {"current": 0.0, "7daysAgo": 0.0, "30daysAgo": 0.0, "60daysAgo": 0.0, "90daysAgo": 0.0}, "epsRevisions": {"upLast7days": 0, "upLast30days": 0, "downLast30days": 0, "downLast90days": {}}}, {"maxAge": 1, "period": "+1q", "endDate": null, "growth": {}, "earningsEstimate": {"avg": 0.0, "low": 0.0, "high": 0.0, "yearAgoEps": {}, "numberOfAnalysts": 0, "growth": {}}, "revenueEstimate": {"avg": 0, "low": 0, "high": 0, "numberOfAnalysts": 0, "yearAgoRevenue": {}, "growth": {}}, "epsTrend": {"current": 0.0, "7daysAgo": 0.0, "30daysAgo": 0.0, "60daysAgo": 0.0, "90daysAgo": 0.0}, "epsRevisions": {"upLast7days": 0, "upLast30days": 0, "downLast30days": 0, "downLast90days": {}}}, {"maxAge": 1, "period": "0y", "endDate": null, "growth": {}, "earningsEstimate": {"avg": 0.0, "low": 0.0, "high": 0.0, "yearAgoEps": {}, "numberOfAnalysts": 0, "growth": {}}, "revenueEstimate": {"avg": 0, "low": 0, "high": 0, "numberOfAnalysts": 0, "yearAgoRevenue": {}, "growth": {}}, "epsTrend": {"current": 0.0, "7daysAgo": 0.0, "30daysAgo": 0.0, "60daysAgo": 0.0, "90daysAgo": 0.0}, "epsRevisions": {"upLast7days": 0, "upLast30days": 0, "downLast30days": 0, "downLast90days": {}}}, {"maxAge": 1, "period": "+1y", "endDate": null, "growth": {}, "earningsEstimate": {"avg": 0.0, "low": 0.0, "high": 0.0, "yearAgoEps": {}, "numberOfAnalysts": 0, "growth": {}}, "revenueEstimate": {"avg": 0, "low": 0, "high": 0, "numberOfAnalysts": 0, "yearAgoRevenue": {}, "growth": {}}, "epsTrend": {"current": 0.0, "7daysAgo": 0.0, "30daysAgo": 0.0, "60daysAgo": 0.0, "90daysAgo": 0.0}, "epsRevisions": {"upLast7days": 0, "upLast30days": 0, "downLast30days": 0, "downLast90days": {}}}, {"maxAge": 1, "period": "+5y", "endDate": null, "growth": {}, "earningsEstimate": {"avg": {}, "low": {}, "high": {}, "yearAgoEps": {}, "numberOfAnalysts": {}, "growth": {}}, "revenueEstimate": {"avg": {}, "low": {}, "high": {}, "numberOfAnalysts": {}, "yearAgoRevenue": {}, "growth": {}}, "epsTrend": {"current": {}, "7daysAgo": {}, "30daysAgo": {}, "60daysAgo": {}, "90daysAgo": {}}, "epsRevisions": {"upLast7days": {}, "upLast30days": {}, "downLast30days": {}, "downLast90days": {}}}, {"maxAge": 1, "period": "-5y", "endDate": null, "growth": 0.058920003, "earningsEstimate": {"avg": {}, "low": {}, "high": {}, "yearAgoEps": {}, "numberOfAnalysts": {}, "growth": {}}, "revenueEstimate": {"avg": {}, "low": {}, "high": {}, "numberOfAnalysts": {}, "yearAgoRevenue": {}, "growth": {}}, "epsTrend": {"current": {}, "7daysAgo": {}, "30daysAgo": {}, "60daysAgo": {}, "90daysAgo": {}}, "epsRevisions": {"upLast7days": {}, "upLast30days": {}, "downLast30days": {}, "downLast90days": {}}}], "maxAge": 1}, "financialData": {"maxAge": 86400, "currentPrice": 6.75, "targetHighPrice": 45.0, "targetLowPrice": 45.0, "targetMeanPrice": 45.0, "targetMedianPrice": 45.0, "recommendationKey": "none", "numberOfAnalystOpinions": 1, "grossProfits": -2172000, "financialCurrency": "INR"}}}