{"HINDTIN.BO": {"recommendationTrend": {"trend": [{"period": "0m", "strongBuy": 0, "buy": 0, "hold": 0, "sell": 0, "strongSell": 0}, {"period": "-1m", "strongBuy": 0, "buy": 0, "hold": 0, "sell": 0, "strongSell": 0}, {"period": "-2m", "strongBuy": 0, "buy": 0, "hold": 0, "sell": 0, "strongSell": 0}, {"period": "-3m", "strongBuy": 0, "buy": 0, "hold": 0, "sell": 0, "strongSell": 0}], "maxAge": 86400}, "cashflowStatementHistory": {"cashflowStatements": [{"maxAge": 1, "endDate": "2020-03-31", "netIncome": 76124374, "depreciation": 85650824, "changeToNetincome": 52698725, "changeToAccountReceivables": 9151897, "changeToLiabilities": 152788016, "changeToInventory": 119274709, "changeToOperatingActivities": 3945376, "totalCashFromOperatingActivities": 499687890, "capitalExpenditures": -68954596, "investments": 5210808, "otherCashflowsFromInvestingActivities": 12140611, "totalCashflowsFromInvestingActivities": -49037971, "dividendsPaid": -12445778, "netBorrowings": -352566392, "otherCashflowsFromFinancingActivities": -96640398, "totalCashFromFinancingActivities": -461652568, "changeInCash": -11002649}, {"maxAge": 1, "endDate": "2019-03-31", "netIncome": 78945442, "depreciation": 76194741, "changeToNetincome": 87141951, "changeToAccountReceivables": 92724529, "changeToLiabilities": -155298413, "changeToInventory": 107482917, "changeToOperatingActivities": -212433, "totalCashFromOperatingActivities": 287122976, "capitalExpenditures": -112017445, "investments": -775254, "otherCashflowsFromInvestingActivities": 14745793, "totalCashflowsFromInvestingActivities": -70830496, "dividendsPaid": -12532069, "netBorrowings": -90196722, "otherCashflowsFromFinancingActivities": -108753014, "totalCashFromFinancingActivities": -211481805, "changeInCash": 4810675}, {"maxAge": 1, "endDate": "2018-03-31", "netIncome": 96419000, "depreciation": 79137000, "changeToNetincome": 118498000, "changeToAccountReceivables": -235878000, "changeToLiabilities": -20310000, "changeToInventory": -99422000, "changeToOperatingActivities": -991000, "totalCashFromOperatingActivities": -62374000, "capitalExpenditures": -61954000, "investments": -114998000, "otherCashflowsFromInvestingActivities": 12286000, "totalCashflowsFromInvestingActivities": -137408000, "dividendsPaid": -10417000, "netBorrowings": 307608000, "otherCashflowsFromFinancingActivities": -97450000, "totalCashFromFinancingActivities": 199741000, "changeInCash": -41000}, {"maxAge": 1, "endDate": "2017-03-31", "netIncome": 70294000, "depreciation": 79477000, "changeToNetincome": 80411000, "changeToAccountReceivables": -5657000, "changeToLiabilities": 126306000, "changeToInventory": -99422000, "changeToOperatingActivities": -2462000, "totalCashFromOperatingActivities": 348524000, "capitalExpenditures": -36671000, "investments": -966000, "otherCashflowsFromInvestingActivities": 17041000, "totalCashflowsFromInvestingActivities": -34923000, "dividendsPaid": -10430000, "netBorrowings": -266590000, "otherCashflowsFromFinancingActivities": -91813000, "totalCashFromFinancingActivities": -368833000, "changeInCash": -55232000}], "maxAge": 86400}, "institutionOwnership": {"maxAge": 1, "ownershipList": []}, "balanceSheetHistoryQuarterly": {"balanceSheetStatements": [{"maxAge": 1, "endDate": "2020-06-30", "totalStockholderEquity": 1507437000, "netTangibleAssets": 1507426000}, {"maxAge": 1, "endDate": "2020-03-31", "cash": 32236653, "netReceivables": 1215453889, "inventory": 385323687, "otherCurrentAssets": 35437178, "totalCurrentAssets": 1671825737, "longTermInvestments": 115035381, "propertyPlantEquipment": 829391053, "intangibleAssets": 11156, "otherAssets": 16448736, "totalAssets": 2632712063, "accountsPayable": 318454275, "shortLongTermDebt": 70305294, "otherCurrentLiab": 20305214, "longTermDebt": 191355307, "otherLiab": 76289092, "totalCurrentLiabilities": 854659380, "totalLiab": 1125274934, "commonStock": 103996830, "retainedEarnings": 1108722879, "treasuryStock": 34407420, "capitalSurplus": 260310000, "otherStockholderEquity": 34407420, "totalStockholderEquity": 1507437129, "netTangibleAssets": 1507425973}, {"maxAge": 1, "endDate": "2019-12-31", "totalStockholderEquity": 1485977000, "netTangibleAssets": 1485938000}, {"maxAge": 1, "endDate": "2019-09-30", "cash": 56491000, "shortTermInvestments": 22276000, "netReceivables": 1250580000, "inventory": 423189000, "otherCurrentAssets": 103519000, "totalCurrentAssets": 1856055000, "longTermInvestments": 124971000, "propertyPlantEquipment": 844835000, "intangibleAssets": 39000, "otherAssets": 5559000, "totalAssets": 2831459000, "accountsPayable": 324403000, "shortLongTermDebt": 148736000, "otherCurrentLiab": 16517000, "longTermDebt": 150575000, "otherLiab": 76514000, "totalCurrentLiabilities": 1118393000, "totalLiab": 1345482000, "commonStock": 103997000, "treasuryStock": 1381980000, "otherStockholderEquity": 1381980000, "totalStockholderEquity": 1485977000, "netTangibleAssets": 1485938000}], "maxAge": 86400}, "earningsHistory": {"history": [{"maxAge": 1, "epsActual": {}, "epsEstimate": {}, "epsDifference": {}, "surprisePercent": {}, "quarter": {}, "period": "-4q"}, {"maxAge": 1, "epsActual": {}, "epsEstimate": {}, "epsDifference": {}, "surprisePercent": {}, "quarter": {}, "period": "-3q"}, {"maxAge": 1, "epsActual": {}, "epsEstimate": {}, "epsDifference": {}, "surprisePercent": {}, "quarter": {}, "period": "-2q"}, {"maxAge": 1, "epsActual": {}, "epsEstimate": {}, "epsDifference": {}, "surprisePercent": {}, "quarter": {}, "period": "-1q"}], "maxAge": 86400}, "indexTrend": {"maxAge": 1, "symbol": "SP5", "peRatio": 19.7411, "pegRatio": 1.34172, "estimates": [{"period": "0q", "growth": 0.549}, {"period": "+1q", "growth": 0.431}, {"period": "0y", "growth": 0.305}, {"period": "+1y", "growth": 0.109}, {"period": "+5y", "growth": 0.120859005}, {"period": "-5y"}]}, "industryTrend": {"maxAge": 1, "symbol": null, "estimates": []}, "insiderTransactions": {"transactions": [{"maxAge": 1, "shares": 25725, "value": 15365, "filerUrl": "", "transactionText": "Acquisition at price 0.60 per share.", "filerName": "Bhatia (Paras)", "filerRelation": "Promoter", "moneyText": "", "startDate": "2020-09-18", "ownership": "D"}, {"maxAge": 1, "shares": 23279, "value": 13878, "filerUrl": "", "transactionText": "Acquisition at price 0.60 per share.", "filerName": "Bhatia (Paras)", "filerRelation": "Promoter", "moneyText": "", "startDate": "2020-09-04", "ownership": "D"}, {"maxAge": 1, "shares": 23228, "value": 13864, "filerUrl": "", "transactionText": "Sale at price 0.60 per share.", "filerName": "Bhatia (Gaurav V)", "filerRelation": "Senior Vice President", "moneyText": "", "startDate": "2020-08-21", "ownership": "D"}, {"maxAge": 1, "shares": 39613, "value": 23652, "filerUrl": "", "transactionText": "Acquisition at price 0.60 per share.", "filerName": "Bhatia (Paras)", "filerRelation": "Promoter", "moneyText": "", "startDate": "2020-08-21", "ownership": "D"}, {"maxAge": 1, "shares": 50010, "value": 27570, "filerUrl": "", "transactionText": "Sale at price 0.55 per share.", "filerName": "Bhatia (Gaurav V)", "filerRelation": "Senior Vice President", "moneyText": "", "startDate": "2020-06-30", "ownership": "D"}, {"maxAge": 1, "shares": 24284, "filerUrl": "", "transactionText": "", "filerName": "Bhatia (Parikshit)", "filerRelation": "Promoter", "moneyText": "", "startDate": "2020-02-25", "ownership": "D"}, {"maxAge": 1, "shares": 24638, "filerUrl": "", "transactionText": "", "filerName": "Bhatia (Gaurav V)", "filerRelation": "Promoter", "moneyText": "", "startDate": "2020-02-20", "ownership": "D"}, {"maxAge": 1, "shares": 29214, "filerUrl": "", "transactionText": "", "filerName": "Bhatia (Parikshit)", "filerRelation": "Promoter", "moneyText": "", "startDate": "2020-02-19", "ownership": "D"}, {"maxAge": 1, "shares": 21408, "filerUrl": "", "transactionText": "", "filerName": "Bhatia (Parikshit)", "filerRelation": "Director", "moneyText": "", "startDate": "2019-12-26", "ownership": "D"}, {"maxAge": 1, "shares": 26114, "filerUrl": "", "transactionText": "", "filerName": "Bhatia (Parikshit)", "filerRelation": "Director", "moneyText": "", "startDate": "2019-12-20", "ownership": "D"}, {"maxAge": 1, "shares": 32961, "filerUrl": "", "transactionText": "", "filerName": "Bhatia (Parikshit)", "filerRelation": "Director", "moneyText": "", "startDate": "2019-12-11", "ownership": "D"}, {"maxAge": 1, "shares": 18112, "filerUrl": "", "transactionText": "", "filerName": "Bhatia (Parikshit)", "filerRelation": "Wholetime Director", "moneyText": "", "startDate": "2019-09-20", "ownership": "D"}, {"maxAge": 1, "shares": 22285, "filerUrl": "", "transactionText": "", "filerName": "Bhatia (Parikshit)", "filerRelation": "Promoter", "moneyText": "", "startDate": "2019-09-16", "ownership": "D"}, {"maxAge": 1, "shares": 20103, "filerUrl": "", "transactionText": "", "filerName": "Bhatia (Parikshit)", "filerRelation": "Promoter", "moneyText": "", "startDate": "2019-09-06", "ownership": "D"}, {"maxAge": 1, "shares": 51093, "filerUrl": "", "transactionText": "", "filerName": "Bhatia (Paras)", "filerRelation": "Promoter", "moneyText": "", "startDate": "2019-08-26", "ownership": "D"}, {"maxAge": 1, "shares": 21052, "filerUrl": "", "transactionText": "", "filerName": "Bhatia (Paras)", "filerRelation": "Promoter", "moneyText": "", "startDate": "2019-06-24", "ownership": "D"}, {"maxAge": 1, "shares": 32496, "filerUrl": "", "transactionText": "", "filerName": "Bhatia (Gaurav V)", "filerRelation": "Senior Vice President", "moneyText": "", "startDate": "2019-06-11", "ownership": "D"}, {"maxAge": 1, "shares": 35051, "filerUrl": "", "transactionText": "", "filerName": "Bhatia (Paras)", "filerRelation": "Promoter", "moneyText": "", "startDate": "2019-06-07", "ownership": "D"}, {"maxAge": 1, "shares": 22659, "filerUrl": "", "transactionText": "", "filerName": "Bhatia (Gaurav V)", "filerRelation": "Senior Vice President", "moneyText": "", "startDate": "2019-03-27", "ownership": "D"}, {"maxAge": 1, "shares": 20018, "filerUrl": "", "transactionText": "", "filerName": "Bhatia (Paras)", "filerRelation": "Promoter", "moneyText": "", "startDate": "2019-03-25", "ownership": "D"}, {"maxAge": 1, "shares": 29465, "filerUrl": "", "transactionText": "", "filerName": "Bhatia (Payal)", "filerRelation": "Promoter", "moneyText": "", "startDate": "2019-03-25", "ownership": "D"}, {"maxAge": 1, "shares": 20714, "filerUrl": "", "transactionText": "", "filerName": "Bhatia (Paras)", "filerRelation": "Promoter", "moneyText": "", "startDate": "2019-03-19", "ownership": "D"}, {"maxAge": 1, "shares": 30177, "filerUrl": "", "transactionText": "", "filerName": "Bhatia (Usha Vijaykumar)", "filerRelation": "Promoter", "moneyText": "", "startDate": "2019-03-19", "ownership": "D"}, {"maxAge": 1, "shares": 32958, "filerUrl": "", "transactionText": "", "filerName": "Bhatia (Paras)", "filerRelation": "Promoter", "moneyText": "", "startDate": "2019-03-15", "ownership": "D"}, {"maxAge": 1, "shares": 32981, "filerUrl": "", "transactionText": "", "filerName": "Bhatia (Usha Vijaykumar)", "filerRelation": "Promoter", "moneyText": "", "startDate": "2019-03-15", "ownership": "D"}, {"maxAge": 1, "shares": 28080, "filerUrl": "", "transactionText": "", "filerName": "Bhatia (Paras)", "filerRelation": "Promoter", "moneyText": "", "startDate": "2019-03-13", "ownership": "D"}, {"maxAge": 1, "shares": 40676, "filerUrl": "", "transactionText": "", "filerName": "Bhatia (Usha Vijaykumar)", "filerRelation": "Promoter", "moneyText": "", "startDate": "2019-03-13", "ownership": "D"}, {"maxAge": 1, "shares": 16100, "filerUrl": "", "transactionText": "", "filerName": "Bhatia (Paras)", "filerRelation": "Promoter", "moneyText": "", "startDate": "2018-12-24", "ownership": "D"}, {"maxAge": 1, "shares": 15700, "filerUrl": "", "transactionText": "", "filerName": "Bhatia (Usha Vijaykumar)", "filerRelation": "Promoter", "moneyText": "", "startDate": "2018-12-17", "ownership": "D"}, {"maxAge": 1, "shares": 15905, "filerUrl": "", "transactionText": "", "filerName": "Bhatia (Paras)", "filerRelation": "Promoter", "moneyText": "", "startDate": "2018-12-12", "ownership": "D"}, {"maxAge": 1, "shares": 15850, "filerUrl": "", "transactionText": "", "filerName": "Bhatia (Usha Vijaykumar)", "filerRelation": "Promoter", "moneyText": "", "startDate": "2018-12-11", "ownership": "D"}, {"maxAge": 1, "shares": 12325, "filerUrl": "", "transactionText": "", "filerName": "Bhatia (Payal)", "filerRelation": "Promoter", "moneyText": "", "startDate": "2018-12-06", "ownership": "D"}, {"maxAge": 1, "shares": 18647, "filerUrl": "", "transactionText": "", "filerName": "Bhatia (Paras)", "filerRelation": "Promoter", "moneyText": "", "startDate": "2018-11-29", "ownership": "D"}, {"maxAge": 1, "shares": 24100, "filerUrl": "", "transactionText": "", "filerName": "Bhatia (Paras)", "filerRelation": "Promoter", "moneyText": "", "startDate": "2018-11-22", "ownership": "D"}, {"maxAge": 1, "shares": 29815, "filerUrl": "", "transactionText": "", "filerName": "Bhatia (Usha Vijaykumar)", "filerRelation": "Promoter", "moneyText": "", "startDate": "2018-11-22", "ownership": "D"}, {"maxAge": 1, "shares": 23879, "filerUrl": "", "transactionText": "", "filerName": "Bhatia (Paras)", "filerRelation": "Executive Vice President", "moneyText": "", "startDate": "2018-11-20", "ownership": "D"}, {"maxAge": 1, "shares": 25000, "filerUrl": "", "transactionText": "", "filerName": "Bhatia (Usha Vijaykumar)", "filerRelation": "Promoter", "moneyText": "", "startDate": "2018-11-20", "ownership": "D"}, {"maxAge": 1, "shares": 17006, "filerUrl": "", "transactionText": "", "filerName": "Bhatia (Roopam Gorav)", "filerRelation": "UNREPORTED", "moneyText": "", "startDate": "2018-11-01", "ownership": "D"}], "maxAge": 1}, "quoteType": {"exchange": "BSE", "quoteType": "EQUITY", "symbol": "HINDTIN.BO", "underlyingSymbol": "HINDTIN.BO", "shortName": "HINDUSTAN TIN WORKS LTD.", "longName": "Hindustan Tin Works Limited", "firstTradeDateEpochUtc": "2001-09-04 09:15:00", "timeZoneFullName": "Asia/Kolkata", "timeZoneShortName": "IST", "uuid": "11bf5ad4-e0de-3f30-baca-6f1969327f55", "messageBoardId": null, "gmtOffSetMilliseconds": 19800000, "maxAge": 1}, "incomeStatementHistory": {"incomeStatementHistory": [{"maxAge": 1, "endDate": "2020-03-31", "totalRevenue": 3010001730, "costOfRevenue": 2313634704, "grossProfit": 696367026, "researchDevelopment": {}, "sellingGeneralAdministrative": 260578210, "nonRecurring": {}, "otherOperatingExpenses": 198678082, "totalOperatingExpenses": 2858595789, "operatingIncome": 151405941, "totalOtherIncomeExpenseNet": -77883511, "ebit": 151405941, "interestExpense": -83299496, "incomeBeforeTax": 73522430, "incomeTaxExpense": -2601944, "minorityInterest": {}, "netIncomeFromContinuingOps": 76124374, "discontinuedOperations": {}, "extraordinaryItems": {}, "effectOfAccountingCharges": {}, "otherItems": {}, "netIncome": 76124374, "netIncomeApplicableToCommonShares": 76124374}, {"maxAge": 1, "endDate": "2019-03-31", "totalRevenue": 3396485977, "costOfRevenue": 2614384508, "grossProfit": 782101469, "researchDevelopment": {}, "sellingGeneralAdministrative": 262103132, "nonRecurring": {}, "otherOperatingExpenses": 227805119, "totalOperatingExpenses": 3183037503, "operatingIncome": 213448474, "totalOtherIncomeExpenseNet": -86544036, "ebit": 213448474, "interestExpense": -96964668, "incomeBeforeTax": 126904438, "incomeTaxExpense": 47958996, "minorityInterest": {}, "netIncomeFromContinuingOps": 78945442, "discontinuedOperations": {}, "extraordinaryItems": {}, "effectOfAccountingCharges": {}, "otherItems": {}, "netIncome": 78945442, "netIncomeApplicableToCommonShares": 78945442}, {"maxAge": 1, "endDate": "2018-03-31", "totalRevenue": 3193203000, "costOfRevenue": 2411949000, "grossProfit": 781254000, "researchDevelopment": {}, "sellingGeneralAdministrative": 261357807, "nonRecurring": {}, "otherOperatingExpenses": 245813193, "totalOperatingExpenses": 2998429000, "operatingIncome": 194774000, "totalOtherIncomeExpenseNet": -39217000, "ebit": 194774000, "interestExpense": -86074000, "incomeBeforeTax": 155557000, "incomeTaxExpense": 59138000, "minorityInterest": {}, "netIncomeFromContinuingOps": 96419000, "discontinuedOperations": {}, "extraordinaryItems": {}, "effectOfAccountingCharges": {}, "otherItems": {}, "netIncome": 96419000, "netIncomeApplicableToCommonShares": 96419000}, {"maxAge": 1, "endDate": "2017-03-31", "totalRevenue": 2683693000, "costOfRevenue": 1965805000, "grossProfit": 717888000, "researchDevelopment": {}, "sellingGeneralAdministrative": 245533000, "nonRecurring": {}, "otherOperatingExpenses": 232228000, "totalOperatingExpenses": 2523198000, "operatingIncome": 160495000, "totalOtherIncomeExpenseNet": -57223000, "ebit": 160495000, "interestExpense": -82259000, "incomeBeforeTax": 103272000, "incomeTaxExpense": 32978000, "minorityInterest": {}, "netIncomeFromContinuingOps": 70294000, "discontinuedOperations": {}, "extraordinaryItems": {}, "effectOfAccountingCharges": {}, "otherItems": {}, "netIncome": 70294000, "netIncomeApplicableToCommonShares": 70294000}], "maxAge": 86400}, "fundOwnership": {"maxAge": 1, "ownershipList": []}, "summaryDetail": {"maxAge": 1, "priceHint": 2, "previousClose": 70.55, "open": 71.7, "dayLow": 67.0, "dayHigh": 72.0, "regularMarketPreviousClose": 70.55, "regularMarketOpen": 71.7, "regularMarketDayLow": 67.0, "regularMarketDayHigh": 72.0, "trailingPE": 9.208015, "volume": 50693, "regularMarketVolume": 50693, "averageVolume": 43010, "averageVolume10days": 139705, "averageDailyVolume10Day": 139705, "bid": 67.0, "ask": 68.0, "bidSize": 0, "askSize": 0, "marketCap": 702499776, "fiftyTwoWeekLow": 23.05, "fiftyTwoWeekHigh": 72.0, "fiftyDayAverage": 57.122856, "twoHundredDayAverage": 48.87409, "trailingAnnualDividendRate": 0.6, "trailingAnnualDividendYield": 0.008504607, "currency": "INR", "fromCurrency": null, "toCurrency": null, "lastMarket": null, "algorithm": null, "tradeable": false}, "sectorTrend": {"maxAge": 1, "symbol": null, "estimates": []}, "incomeStatementHistoryQuarterly": {"incomeStatementHistory": [{"maxAge": 1, "endDate": "2020-06-30", "totalRevenue": 533356000, "costOfRevenue": 387714000, "grossProfit": 145642000, "researchDevelopment": {}, "sellingGeneralAdministrative": 49496000, "nonRecurring": {}, "otherOperatingExpenses": 48178000, "totalOperatingExpenses": 506346000, "operatingIncome": 27010000, "totalOtherIncomeExpenseNet": -21540000, "ebit": 27010000, "interestExpense": -21540000, "incomeBeforeTax": 5470000, "incomeTaxExpense": 1316000, "minorityInterest": {}, "netIncomeFromContinuingOps": 4154000, "discontinuedOperations": {}, "extraordinaryItems": {}, "effectOfAccountingCharges": {}, "otherItems": {}, "netIncome": 4154000, "netIncomeApplicableToCommonShares": 4154000}, {"maxAge": 1, "endDate": "2020-03-31", "totalRevenue": 631155730, "costOfRevenue": 510733704, "grossProfit": 120422026, "researchDevelopment": {}, "sellingGeneralAdministrative": 64330210, "nonRecurring": {}, "otherOperatingExpenses": 37489082, "totalOperatingExpenses": 635889789, "operatingIncome": -4734059, "totalOtherIncomeExpenseNet": -3405511, "ebit": -4734059, "interestExpense": -8821496, "incomeBeforeTax": -8139570, "incomeTaxExpense": -11097944, "minorityInterest": {}, "netIncomeFromContinuingOps": 2958374, "discontinuedOperations": {}, "extraordinaryItems": {}, "effectOfAccountingCharges": {}, "otherItems": {}, "netIncome": 2958374, "netIncomeApplicableToCommonShares": 2958374}, {"maxAge": 1, "endDate": "2019-12-31", "totalRevenue": 687657000, "costOfRevenue": 514001000, "grossProfit": 173656000, "researchDevelopment": {}, "sellingGeneralAdministrative": 67181000, "nonRecurring": {}, "otherOperatingExpenses": 46140000, "totalOperatingExpenses": 648908000, "operatingIncome": 38749000, "totalOtherIncomeExpenseNet": -21104000, "ebit": 38749000, "interestExpense": -21104000, "incomeBeforeTax": 17645000, "incomeTaxExpense": -60000, "minorityInterest": {}, "netIncomeFromContinuingOps": 17705000, "discontinuedOperations": {}, "extraordinaryItems": {}, "effectOfAccountingCharges": {}, "otherItems": {}, "netIncome": 17705000, "netIncomeApplicableToCommonShares": 17705000}, {"maxAge": 1, "endDate": "2019-09-30", "totalRevenue": 827698000, "costOfRevenue": 619305000, "grossProfit": 208393000, "researchDevelopment": {}, "sellingGeneralAdministrative": 65994000, "nonRecurring": {}, "otherOperatingExpenses": 52567000, "totalOperatingExpenses": 759190000, "operatingIncome": 68508000, "totalOtherIncomeExpenseNet": -27167000, "ebit": 68508000, "interestExpense": -27167000, "incomeBeforeTax": 41341000, "incomeTaxExpense": -947000, "minorityInterest": {}, "netIncomeFromContinuingOps": 42288000, "discontinuedOperations": {}, "extraordinaryItems": {}, "effectOfAccountingCharges": {}, "otherItems": {}, "netIncome": 42288000, "netIncomeApplicableToCommonShares": 42288000}], "maxAge": 86400}, "cashflowStatementHistoryQuarterly": {"cashflowStatements": [{"maxAge": 1, "endDate": "2020-06-30", "netIncome": 4154000, "changeToLiabilities": 0}, {"maxAge": 1, "endDate": "2020-03-31", "netIncome": 2958374, "changeToLiabilities": 0}, {"maxAge": 1, "endDate": "2019-12-31", "netIncome": 17705000, "changeToLiabilities": 0}, {"maxAge": 1, "endDate": "2019-09-30", "netIncome": 42288000, "changeToLiabilities": 0}], "maxAge": 86400}, "insiderHolders": {"holders": [{"maxAge": 1, "name": "Bhatia (Gaurav V)", "relation": "Senior Vice President", "url": "", "transactionDescription": "Sale", "latestTransDate": "2020-08-21", "positionDirect": 20548, "positionDirectDate": "2020-08-21"}, {"maxAge": 1, "name": "Bhatia (Paras)", "relation": "Promoter", "url": "", "transactionDescription": "Acquisition", "latestTransDate": "2020-09-18", "positionDirect": 534844, "positionDirectDate": "2020-09-18"}, {"maxAge": 1, "name": "Bhatia (Parikshit)", "relation": "Promoter", "url": "", "transactionDescription": "Acquisition", "latestTransDate": "2020-02-25", "positionDirect": 324661, "positionDirectDate": "2020-02-25"}, {"maxAge": 1, "name": "Bhatia (Payal)", "relation": "Promoter", "url": "", "transactionDescription": "Acquisition", "latestTransDate": "2019-03-25", "positionDirect": 148290, "positionDirectDate": "2019-03-25"}, {"maxAge": 1, "name": "Bhatia (Roopam Gorav)", "relation": "UNREPORTED", "url": "", "transactionDescription": "Sale", "latestTransDate": "2018-11-01", "positionDirect": 12469, "positionDirectDate": "2018-11-01"}, {"maxAge": 1, "name": "Bhatia (Usha Vijaykumar)", "relation": "Promoter", "url": "", "transactionDescription": "Sale", "latestTransDate": "2019-03-19", "positionDirect": 13503, "positionDirectDate": "2019-03-19"}], "maxAge": 1}, "earnings": {"maxAge": 86400, "earningsChart": {"quarterly": [], "earningsDate": ["2020-08-13 05:30:S"]}, "financialsChart": {"yearly": [{"date": 2017, "revenue": 2683693000, "earnings": 70294000}, {"date": 2018, "revenue": 3193203000, "earnings": 96419000}, {"date": 2019, "revenue": 3396485977, "earnings": 78945442}, {"date": 2020, "revenue": 3010001730, "earnings": 76124374}], "quarterly": [{"date": "3Q2019", "revenue": 827698000, "earnings": 42288000}, {"date": "4Q2019", "revenue": 687657000, "earnings": 17705000}, {"date": "1Q2020", "revenue": 631155730, "earnings": 2958374}, {"date": "2Q2020", "revenue": 533356000, "earnings": 4154000}]}, "financialCurrency": "INR"}, "calendarEvents": {"maxAge": 1, "earnings": {"earningsDate": ["2020-08-13 05:30:S"]}}, "price": {"maxAge": 1, "regularMarketChangePercent": -0.04252303, "regularMarketChange": -3.0, "regularMarketTime": "2021-04-30 15:29:57", "priceHint": 2, "regularMarketPrice": 67.55, "regularMarketDayHigh": 72.0, "regularMarketDayLow": 67.0, "regularMarketVolume": 50693, "averageDailyVolume10Day": 139705, "averageDailyVolume3Month": 43010, "regularMarketPreviousClose": 70.55, "regularMarketSource": "FREE_REALTIME", "regularMarketOpen": 71.7, "exchange": "BSE", "exchangeName": "BSE", "exchangeDataDelayedBy": 0, "marketState": "CLOSED", "quoteType": "EQUITY", "symbol": "HINDTIN.BO", "underlyingSymbol": null, "shortName": "HINDUSTAN TIN WORKS LTD.", "longName": "Hindustan Tin Works Limited", "currency": "INR", "quoteSourceName": "Delayed Quote", "currencySymbol": "\u20b9", "fromCurrency": null, "toCurrency": null, "lastMarket": null, "marketCap": 702499776}, "balanceSheetHistory": {"balanceSheetStatements": [{"maxAge": 1, "endDate": "2020-03-31", "cash": 32236653, "netReceivables": 1215453889, "inventory": 385323687, "otherCurrentAssets": 35437178, "totalCurrentAssets": 1671825737, "longTermInvestments": 115035381, "propertyPlantEquipment": 829391053, "intangibleAssets": 11156, "otherAssets": 16448736, "totalAssets": 2632712063, "accountsPayable": 318454275, "shortLongTermDebt": 70305294, "otherCurrentLiab": 20305214, "longTermDebt": 191355307, "otherLiab": 76289092, "totalCurrentLiabilities": 854659380, "totalLiab": 1125274934, "commonStock": 103996830, "retainedEarnings": 1108722879, "treasuryStock": 34407420, "capitalSurplus": 260310000, "otherStockholderEquity": 34407420, "totalStockholderEquity": 1507437129, "netTangibleAssets": 1507425973}, {"maxAge": 1, "endDate": "2019-03-31", "cash": 43239302, "netReceivables": 1197937384, "inventory": 504598396, "otherCurrentAssets": 40311575, "totalCurrentAssets": 1791171980, "longTermInvestments": 131394242, "propertyPlantEquipment": 844288796, "intangibleAssets": 50725, "otherAssets": 13871876, "totalAssets": 2780777619, "accountsPayable": 163548685, "shortLongTermDebt": 188468851, "otherCurrentLiab": 30756911, "longTermDebt": 177354025, "otherLiab": 85672804, "totalCurrentLiabilities": 1072889948, "totalLiab": 1335916777, "commonStock": 103996830, "retainedEarnings": 1046146592, "treasuryStock": 34407420, "capitalSurplus": 260310000, "otherStockholderEquity": 34407420, "totalStockholderEquity": 1444860842, "netTangibleAssets": 1444810117}, {"maxAge": 1, "endDate": "2018-03-31", "cash": 38429000, "netReceivables": 1312664000, "inventory": 612081000, "otherCurrentAssets": 42254000, "totalCurrentAssets": 2010893000, "longTermInvestments": 135269000, "propertyPlantEquipment": 811983000, "intangibleAssets": 195000, "otherAssets": 13443000, "totalAssets": 2971783000, "accountsPayable": 302523000, "shortLongTermDebt": 105054000, "otherCurrentLiab": 54711000, "longTermDebt": 179432000, "otherLiab": 80018000, "totalCurrentLiabilities": 1334233000, "totalLiab": 1593683000, "commonStock": 103997000, "retainedEarnings": 979386000, "treasuryStock": 34407000, "capitalSurplus": 260310000, "otherStockholderEquity": 34407000, "totalStockholderEquity": 1378100000, "netTangibleAssets": 1377905000}, {"maxAge": 1, "endDate": "2017-03-31", "cash": 38473000, "netReceivables": 1116898000, "inventory": 511936000, "otherCurrentAssets": 73782000, "totalCurrentAssets": 1747121000, "longTermInvestments": 25000, "propertyPlantEquipment": 825691000, "intangibleAssets": 368000, "otherAssets": 17041000, "totalAssets": 2590246000, "accountsPayable": 323585000, "shortLongTermDebt": 100254000, "otherCurrentLiab": 33859000, "longTermDebt": 180098000, "otherLiab": 82879000, "totalCurrentLiabilities": 1035957000, "totalLiab": 1298934000, "commonStock": 103997000, "retainedEarnings": 892598000, "treasuryStock": 34407000, "capitalSurplus": 260310000, "otherStockholderEquity": 34407000, "totalStockholderEquity": 1291312000, "netTangibleAssets": 1290944000}], "maxAge": 86400}, "earningsTrend": {"trend": [{"maxAge": 1, "period": "0q", "endDate": null, "growth": {}, "earningsEstimate": {"avg": 0.0, "low": 0.0, "high": 0.0, "yearAgoEps": {}, "numberOfAnalysts": 0, "growth": {}}, "revenueEstimate": {"avg": 0, "low": 0, "high": 0, "numberOfAnalysts": 0, "yearAgoRevenue": {}, "growth": {}}, "epsTrend": {"current": 0.0, "7daysAgo": 0.0, "30daysAgo": 0.0, "60daysAgo": 0.0, "90daysAgo": 0.0}, "epsRevisions": {"upLast7days": 0, "upLast30days": 0, "downLast30days": 0, "downLast90days": {}}}, {"maxAge": 1, "period": "+1q", "endDate": null, "growth": {}, "earningsEstimate": {"avg": 0.0, "low": 0.0, "high": 0.0, "yearAgoEps": {}, "numberOfAnalysts": 0, "growth": {}}, "revenueEstimate": {"avg": 0, "low": 0, "high": 0, "numberOfAnalysts": 0, "yearAgoRevenue": {}, "growth": {}}, "epsTrend": {"current": 0.0, "7daysAgo": 0.0, "30daysAgo": 0.0, "60daysAgo": 0.0, "90daysAgo": 0.0}, "epsRevisions": {"upLast7days": 0, "upLast30days": 0, "downLast30days": 0, "downLast90days": {}}}, {"maxAge": 1, "period": "0y", "endDate": null, "growth": {}, "earningsEstimate": {"avg": 0.0, "low": 0.0, "high": 0.0, "yearAgoEps": {}, "numberOfAnalysts": 0, "growth": {}}, "revenueEstimate": {"avg": 0, "low": 0, "high": 0, "numberOfAnalysts": 0, "yearAgoRevenue": {}, "growth": {}}, "epsTrend": {"current": 0.0, "7daysAgo": 0.0, "30daysAgo": 0.0, "60daysAgo": 0.0, "90daysAgo": 0.0}, "epsRevisions": {"upLast7days": 0, "upLast30days": 0, "downLast30days": 0, "downLast90days": {}}}, {"maxAge": 1, "period": "+1y", "endDate": null, "growth": {}, "earningsEstimate": {"avg": 0.0, "low": 0.0, "high": 0.0, "yearAgoEps": {}, "numberOfAnalysts": 0, "growth": {}}, "revenueEstimate": {"avg": 0, "low": 0, "high": 0, "numberOfAnalysts": 0, "yearAgoRevenue": {}, "growth": {}}, "epsTrend": {"current": 0.0, "7daysAgo": 0.0, "30daysAgo": 0.0, "60daysAgo": 0.0, "90daysAgo": 0.0}, "epsRevisions": {"upLast7days": 0, "upLast30days": 0, "downLast30days": 0, "downLast90days": {}}}, {"maxAge": 1, "period": "+5y", "endDate": null, "growth": {}, "earningsEstimate": {"avg": {}, "low": {}, "high": {}, "yearAgoEps": {}, "numberOfAnalysts": {}, "growth": {}}, "revenueEstimate": {"avg": {}, "low": {}, "high": {}, "numberOfAnalysts": {}, "yearAgoRevenue": {}, "growth": {}}, "epsTrend": {"current": {}, "7daysAgo": {}, "30daysAgo": {}, "60daysAgo": {}, "90daysAgo": {}}, "epsRevisions": {"upLast7days": {}, "upLast30days": {}, "downLast30days": {}, "downLast90days": {}}}, {"maxAge": 1, "period": "-5y", "endDate": null, "growth": {}, "earningsEstimate": {"avg": {}, "low": {}, "high": {}, "yearAgoEps": {}, "numberOfAnalysts": {}, "growth": {}}, "revenueEstimate": {"avg": {}, "low": {}, "high": {}, "numberOfAnalysts": {}, "yearAgoRevenue": {}, "growth": {}}, "epsTrend": {"current": {}, "7daysAgo": {}, "30daysAgo": {}, "60daysAgo": {}, "90daysAgo": {}}, "epsRevisions": {"upLast7days": {}, "upLast30days": {}, "downLast30days": {}, "downLast90days": {}}}], "maxAge": 1}, "financialData": {"maxAge": 86400, "currentPrice": 67.55, "recommendationKey": "none", "grossProfits": 696367026, "financialCurrency": "INR"}}}