{"HINDCOPPER.BO": {"recommendationTrend": {"trend": [{"period": "0m", "strongBuy": 0, "buy": 0, "hold": 0, "sell": 0, "strongSell": 0}, {"period": "-1m", "strongBuy": 0, "buy": 0, "hold": 0, "sell": 0, "strongSell": 0}, {"period": "-2m", "strongBuy": 0, "buy": 0, "hold": 0, "sell": 0, "strongSell": 0}, {"period": "-3m", "strongBuy": 0, "buy": 0, "hold": 0, "sell": 0, "strongSell": 0}], "maxAge": 86400}, "cashflowStatementHistory": {"cashflowStatements": [{"maxAge": 1, "endDate": "2020-03-31", "netIncome": -5694846000, "depreciation": 359033000, "changeToNetincome": 2034770000, "changeToAccountReceivables": 2792174000, "changeToLiabilities": 0, "changeToInventory": -568260000, "changeToOperatingActivities": -590284000, "totalCashFromOperatingActivities": 859760000, "capitalExpenditures": -4400856000, "investments": -300000, "otherCashflowsFromInvestingActivities": 101568000, "totalCashflowsFromInvestingActivities": -4298385000, "dividendsPaid": -481114000, "netBorrowings": 1589520000, "otherCashflowsFromFinancingActivities": -688485000, "totalCashFromFinancingActivities": 419921000, "changeInCash": -3018704000}, {"maxAge": 1, "endDate": "2019-03-31", "netIncome": 1453271000, "depreciation": 366230000, "changeToNetincome": 882198000, "changeToAccountReceivables": -2800435000, "changeToLiabilities": 0, "changeToInventory": 1441296000, "changeToOperatingActivities": -984197000, "totalCashFromOperatingActivities": 2521073000, "capitalExpenditures": -5940934000, "investments": -300000, "otherCashflowsFromInvestingActivities": 67639000, "totalCashflowsFromInvestingActivities": -5865288000, "dividendsPaid": -231305000, "netBorrowings": 5266968000, "otherCashflowsFromFinancingActivities": -589185000, "totalCashFromFinancingActivities": 4446478000, "changeInCash": 1102263000}, {"maxAge": 1, "endDate": "2018-03-31", "netIncome": 796053000, "depreciation": 1646525000, "changeToNetincome": 537604000, "changeToAccountReceivables": 834878000, "changeToLiabilities": 0, "changeToInventory": 331659000, "changeToOperatingActivities": -428835000, "totalCashFromOperatingActivities": 3717884000, "capitalExpenditures": -5825125000, "investments": -300000, "otherCashflowsFromInvestingActivities": 246798000, "totalCashflowsFromInvestingActivities": -5575067000, "dividendsPaid": -185043000, "netBorrowings": -520741000, "otherCashflowsFromFinancingActivities": -254765000, "totalCashFromFinancingActivities": -960549000, "changeInCash": -2817732000}, {"maxAge": 1, "endDate": "2017-03-31", "netIncome": 619360000, "depreciation": 1419027000, "changeToNetincome": -3881000, "changeToAccountReceivables": -1077627000, "changeToLiabilities": 0, "changeToInventory": -3042685000, "changeToOperatingActivities": -509852000, "totalCashFromOperatingActivities": -2595658000, "capitalExpenditures": -2899605000, "investments": -300000, "otherCashflowsFromInvestingActivities": 318827000, "totalCashflowsFromInvestingActivities": -2577475000, "dividendsPaid": -185043000, "netBorrowings": -520741000, "otherCashflowsFromFinancingActivities": -84065000, "totalCashFromFinancingActivities": -84065000, "changeInCash": -5257198000}], "maxAge": 86400}, "institutionOwnership": {"ownershipList": [], "maxAge": 1}, "balanceSheetHistoryQuarterly": {"balanceSheetStatements": [{"maxAge": 1, "endDate": "2020-06-30", "totalStockholderEquity": 9599509000, "netTangibleAssets": 9599509000}, {"maxAge": 1, "endDate": "2020-03-31", "cash": 114434000, "shortTermInvestments": 43221000, "netReceivables": 3826341000, "inventory": 5198272000, "otherCurrentAssets": 1206954000, "totalCurrentAssets": 10389222000, "longTermInvestments": 2936000, "propertyPlantEquipment": 20024225000, "otherAssets": 761275000, "deferredLongTermAssetCharges": 529081000, "totalAssets": 31177658000, "accountsPayable": 2337442000, "shortLongTermDebt": 2284655000, "otherCurrentLiab": 2037645000, "longTermDebt": 6361753000, "otherLiab": 740947000, "minorityInterest": 5000, "totalCurrentLiabilities": 14475444000, "totalLiab": 21578144000, "commonStock": 4626090000, "retainedEarnings": 3093860000, "treasuryStock": 1879559000, "otherStockholderEquity": 1879559000, "totalStockholderEquity": 9599509000, "netTangibleAssets": 9599509000}, {"maxAge": 1, "endDate": "2019-12-31", "totalStockholderEquity": 16060600000, "netTangibleAssets": 16060600000}, {"maxAge": 1, "endDate": "2019-09-30", "cash": 88000000, "shortTermInvestments": 592800000, "netReceivables": 2307300000, "inventory": 7656700000, "otherCurrentAssets": 3455500000, "totalCurrentAssets": 14100300000, "longTermInvestments": 43000000, "propertyPlantEquipment": 14040100000, "otherAssets": 5929300000, "deferredLongTermAssetCharges": 646500000, "totalAssets": 34112700000, "accountsPayable": 1687900000, "shortLongTermDebt": 5641100000, "otherCurrentLiab": 2754800000, "longTermDebt": 7292800000, "otherLiab": 675500000, "totalCurrentLiabilities": 10083800000, "totalLiab": 18052100000, "commonStock": 4626100000, "treasuryStock": 11434500000, "otherStockholderEquity": 11434500000, "totalStockholderEquity": 16060600000, "netTangibleAssets": 16060600000}], "maxAge": 86400}, "earningsHistory": {"history": [{"maxAge": 1, "epsActual": {}, "epsEstimate": {}, "epsDifference": {}, "surprisePercent": {}, "quarter": {}, "period": "-4q"}, {"maxAge": 1, "epsActual": {}, "epsEstimate": {}, "epsDifference": {}, "surprisePercent": {}, "quarter": {}, "period": "-3q"}, {"maxAge": 1, "epsActual": {}, "epsEstimate": {}, "epsDifference": {}, "surprisePercent": {}, "quarter": {}, "period": "-2q"}, {"maxAge": 1, "epsActual": {}, "epsEstimate": {}, "epsDifference": {}, "surprisePercent": {}, "quarter": {}, "period": "-1q"}], "maxAge": 86400}, "indexTrend": {"maxAge": 1, "symbol": "SP5", "peRatio": 19.7411, "pegRatio": 1.34172, "estimates": [{"period": "0q", "growth": 0.549}, {"period": "+1q", "growth": 0.431}, {"period": "0y", "growth": 0.305}, {"period": "+1y", "growth": 0.109}, {"period": "+5y", "growth": 0.120865}, {"period": "-5y"}]}, "industryTrend": {"maxAge": 1, "symbol": null, "estimates": []}, "insiderTransactions": {"transactions": [{"maxAge": 1, "shares": 59110, "filerUrl": "", "transactionText": "", "filerName": "President of India", "filerRelation": "Promoter", "moneyText": "", "startDate": "2017-10-18", "ownership": "D"}, {"maxAge": 1, "shares": 12637066, "filerUrl": "", "transactionText": "", "filerName": "President of India", "filerRelation": "Promoter", "moneyText": "", "startDate": "2017-08-03", "ownership": "D"}, {"maxAge": 1, "shares": 50535783, "filerUrl": "", "transactionText": "", "filerName": "President of India", "filerRelation": "Promoter", "moneyText": "", "startDate": "2017-08-02", "ownership": "D"}, {"maxAge": 1, "shares": 25365, "filerUrl": "", "transactionText": "", "filerName": "President of India", "filerRelation": "Promoter", "moneyText": "", "startDate": "2017-04-03", "ownership": "D"}, {"maxAge": 1, "shares": 608023, "filerUrl": "", "transactionText": "", "filerName": "President of India", "filerRelation": "Promoter", "moneyText": "", "startDate": "2017-03-31", "ownership": "D"}, {"maxAge": 1, "shares": 12953052, "filerUrl": "", "transactionText": "", "filerName": "President of India", "filerRelation": "Promoter", "moneyText": "", "startDate": "2016-09-30", "ownership": "D"}, {"maxAge": 1, "shares": 52289949, "filerUrl": "", "transactionText": "", "filerName": "President of India", "filerRelation": "Promoter", "moneyText": "", "startDate": "2016-09-29", "ownership": "D"}, {"maxAge": 1, "shares": 25389251, "filerUrl": "", "transactionText": "", "filerName": "Life Insurance Corporation of India", "filerRelation": "Institution- Corporation", "moneyText": "", "startDate": "2013-07-03", "ownership": "D"}, {"maxAge": 1, "shares": 37119152, "filerUrl": "", "transactionText": "", "filerName": "President of India", "filerRelation": "Promoter", "moneyText": "", "startDate": "2013-07-03", "ownership": "D"}, {"maxAge": 1, "shares": 51604148, "filerUrl": "", "transactionText": "", "filerName": "President of India", "filerRelation": "Promoter", "moneyText": "", "startDate": "2012-11-23", "ownership": "D"}], "maxAge": 1}, "quoteType": {"exchange": "BSE", "quoteType": "EQUITY", "symbol": "HINDCOPPER.BO", "underlyingSymbol": "HINDCOPPER.BO", "shortName": "HINDUSTAN COPPER LTD.", "longName": "Hindustan Copper Limited", "firstTradeDateEpochUtc": "2000-01-04 09:15:00", "timeZoneFullName": "Asia/Kolkata", "timeZoneShortName": "IST", "uuid": "8d12b59a-2378-3137-97cc-bf1598215575", "gmtOffSetMilliseconds": 19800000, "maxAge": 1}, "incomeStatementHistory": {"incomeStatementHistory": [{"maxAge": 1, "endDate": "2020-03-31", "totalRevenue": 8556931000, "costOfRevenue": 48180000, "grossProfit": 8508751000, "researchDevelopment": {}, "sellingGeneralAdministrative": 10712068000, "nonRecurring": {}, "otherOperatingExpenses": -133013000, "totalOperatingExpenses": 13513441000, "operatingIncome": -4956510000, "totalOtherIncomeExpenseNet": -421938000, "ebit": -4956510000, "interestExpense": -200193000, "incomeBeforeTax": -5378448000, "incomeTaxExpense": 313801000, "minorityInterest": 5000, "netIncomeFromContinuingOps": -5692249000, "discontinuedOperations": -2597000, "extraordinaryItems": {}, "effectOfAccountingCharges": {}, "otherItems": {}, "netIncome": -5694846000, "netIncomeApplicableToCommonShares": -5694846000}, {"maxAge": 1, "endDate": "2019-03-31", "totalRevenue": 18380246000, "costOfRevenue": 2659643000, "grossProfit": 15720603000, "researchDevelopment": {}, "sellingGeneralAdministrative": 10352269000, "nonRecurring": {}, "otherOperatingExpenses": -44486000, "totalOperatingExpenses": 15496366000, "operatingIncome": 2883880000, "totalOtherIncomeExpenseNet": -582895000, "ebit": 2883880000, "interestExpense": -133900000, "incomeBeforeTax": 2300985000, "incomeTaxExpense": 846102000, "minorityInterest": 5000, "netIncomeFromContinuingOps": 1454883000, "discontinuedOperations": -2257000, "extraordinaryItems": {}, "effectOfAccountingCharges": {}, "otherItems": {}, "netIncome": 1453271000, "netIncomeApplicableToCommonShares": 1453271000}, {"maxAge": 1, "endDate": "2018-03-31", "totalRevenue": 16993839000, "costOfRevenue": 4008829000, "grossProfit": 12985010000, "researchDevelopment": {}, "sellingGeneralAdministrative": 10026855000, "nonRecurring": {}, "otherOperatingExpenses": -44486000, "totalOperatingExpenses": 15682209000, "operatingIncome": 1311630000, "totalOtherIncomeExpenseNet": -91276000, "ebit": 1311630000, "interestExpense": -53362000, "incomeBeforeTax": 1220354000, "incomeTaxExpense": 422032000, "minorityInterest": 5000, "netIncomeFromContinuingOps": 798322000, "discontinuedOperations": -2269000, "extraordinaryItems": {}, "effectOfAccountingCharges": {}, "otherItems": {}, "netIncome": 796053000, "netIncomeApplicableToCommonShares": 796053000}, {"maxAge": 1, "endDate": "2017-03-31", "totalRevenue": 12143903000, "costOfRevenue": -592177000, "grossProfit": 12736080000, "researchDevelopment": {}, "sellingGeneralAdministrative": 10451667000, "nonRecurring": {}, "otherOperatingExpenses": -44486000, "totalOperatingExpenses": 11278517000, "operatingIncome": 865386000, "totalOtherIncomeExpenseNet": 80039000, "ebit": 865386000, "interestExpense": -25208000, "incomeBeforeTax": 945425000, "incomeTaxExpense": 323796000, "minorityInterest": 5000, "netIncomeFromContinuingOps": 621629000, "discontinuedOperations": -2269000, "extraordinaryItems": {}, "effectOfAccountingCharges": {}, "otherItems": {}, "netIncome": 619360000, "netIncomeApplicableToCommonShares": 619360000}], "maxAge": 86400}, "fundOwnership": {"ownershipList": [{"maxAge": 1, "reportDate": "2020-08-31", "organization": "WisdomTree Tr-WisdomTree Emerging Markets Small Cap Dividend Fund", "pctHeld": 0.00090000004, "position": 847315, "value": 30842266}, {"maxAge": 1, "reportDate": "2020-08-31", "organization": "SPDR (R) Idx Shares-SPDR (R) Emerging Markets Small Cap ETF", "pctHeld": 0.00029999999, "position": 242409, "value": 8823687}, {"maxAge": 1, "reportDate": "2020-08-31", "organization": "WisdomTree Tr-WisdomTree India Earnings Fd", "pctHeld": 0.0001, "position": 87540, "value": 3186456}], "maxAge": 1}, "summaryDetail": {"maxAge": 1, "priceHint": 2, "previousClose": 158.15, "open": 156.9, "dayLow": 153.3, "dayHigh": 163.65, "regularMarketPreviousClose": 158.15, "regularMarketOpen": 156.9, "regularMarketDayLow": 153.3, "regularMarketDayHigh": 163.65, "volume": 331098, "regularMarketVolume": 331098, "averageVolume": 452640, "averageVolume10days": 385352, "averageDailyVolume10Day": 385352, "bid": 153.85, "ask": 154.85, "bidSize": 0, "askSize": 0, "marketCap": 143270002688, "fiftyTwoWeekLow": 18.3, "fiftyTwoWeekHigh": 163.65, "fiftyDayAverage": 61.293938, "twoHundredDayAverage": 42.67647, "trailingAnnualDividendRate": 0.52, "trailingAnnualDividendYield": 0.0032880178, "currency": "INR", "fromCurrency": null, "lastMarket": null, "algorithm": null, "tradeable": false}, "sectorTrend": {"maxAge": 1, "symbol": null, "estimates": []}, "incomeStatementHistoryQuarterly": {"incomeStatementHistory": [{"maxAge": 1, "endDate": "2020-06-30", "totalRevenue": 4413800000, "costOfRevenue": 2218000000, "grossProfit": 2195800000, "researchDevelopment": {}, "sellingGeneralAdministrative": 666200000, "nonRecurring": {}, "otherOperatingExpenses": 565900000, "totalOperatingExpenses": 3991100000, "operatingIncome": 422700000, "totalOtherIncomeExpenseNet": -174800000, "ebit": 422700000, "interestExpense": -174800000, "incomeBeforeTax": 247900000, "incomeTaxExpense": -49700000, "minorityInterest": {}, "netIncomeFromContinuingOps": 297600000, "discontinuedOperations": -700000, "extraordinaryItems": {}, "effectOfAccountingCharges": {}, "otherItems": {}, "netIncome": 296900000, "netIncomeApplicableToCommonShares": 296900000}, {"maxAge": 1, "endDate": "2020-03-31", "totalRevenue": 1333531000, "costOfRevenue": -49620000, "grossProfit": 1383151000, "researchDevelopment": {}, "sellingGeneralAdministrative": 8583468000, "nonRecurring": {}, "otherOperatingExpenses": -3083813000, "totalOperatingExpenses": 6164041000, "operatingIncome": -4830510000, "totalOtherIncomeExpenseNet": 15862000, "ebit": -4830510000, "interestExpense": -174800000, "incomeBeforeTax": -4814648000, "incomeTaxExpense": 329901000, "minorityInterest": 5000, "netIncomeFromContinuingOps": -5144549000, "discontinuedOperations": -897000, "extraordinaryItems": {}, "effectOfAccountingCharges": {}, "otherItems": {}, "netIncome": -5145446000, "netIncomeApplicableToCommonShares": -5145446000}, {"maxAge": 1, "endDate": "2019-12-31", "totalRevenue": 1064800000, "costOfRevenue": -351300000, "grossProfit": 1416100000, "researchDevelopment": {}, "sellingGeneralAdministrative": 699600000, "nonRecurring": {}, "otherOperatingExpenses": 995300000, "totalOperatingExpenses": 2132100000, "operatingIncome": -1067300000, "totalOtherIncomeExpenseNet": -144200000, "ebit": -1067300000, "interestExpense": -144200000, "incomeBeforeTax": -1211500000, "incomeTaxExpense": -256000000, "minorityInterest": 5000, "netIncomeFromContinuingOps": -955500000, "discontinuedOperations": -600000, "extraordinaryItems": {}, "effectOfAccountingCharges": {}, "otherItems": {}, "netIncome": -956100000, "netIncomeApplicableToCommonShares": -956100000}, {"maxAge": 1, "endDate": "2019-09-30", "totalRevenue": 2958500000, "costOfRevenue": 38100000, "grossProfit": 2920400000, "researchDevelopment": {}, "sellingGeneralAdministrative": 676900000, "nonRecurring": {}, "otherOperatingExpenses": 1010800000, "totalOperatingExpenses": 2448200000, "operatingIncome": 510300000, "totalOtherIncomeExpenseNet": -181100000, "ebit": 510300000, "interestExpense": -181100000, "incomeBeforeTax": 329200000, "incomeTaxExpense": 134000000, "minorityInterest": 5000, "netIncomeFromContinuingOps": 195200000, "discontinuedOperations": -500000, "extraordinaryItems": {}, "effectOfAccountingCharges": {}, "otherItems": {}, "netIncome": 194700000, "netIncomeApplicableToCommonShares": 194700000}], "maxAge": 86400}, "cashflowStatementHistoryQuarterly": {"cashflowStatements": [{"maxAge": 1, "endDate": "2020-06-30", "netIncome": 296900000, "changeToLiabilities": 0}, {"maxAge": 1, "endDate": "2020-03-31", "netIncome": -5145446000, "changeToLiabilities": 0}, {"maxAge": 1, "endDate": "2019-12-31", "netIncome": -956100000, "changeToLiabilities": 0}, {"maxAge": 1, "endDate": "2019-09-30", "netIncome": 194700000, "changeToLiabilities": 0}], "maxAge": 86400}, "insiderHolders": {"holders": [{"maxAge": 1, "name": "Life Insurance Corporation of India", "relation": "Institution- Corporation", "url": "", "transactionDescription": "Acquisition", "latestTransDate": "2013-07-03", "positionDirect": 51893711, "positionDirectDate": "2013-07-03"}, {"maxAge": 1, "name": "President of India", "relation": "Promoter", "url": "", "transactionDescription": "Sale", "latestTransDate": "2017-10-18", "positionDirect": 703587852, "positionDirectDate": "2017-10-18"}], "maxAge": 1}, "earnings": {"maxAge": 86400, "earningsChart": {"quarterly": [], "earningsDate": []}, "financialsChart": {"yearly": [{"date": 2017, "revenue": 12143903000, "earnings": 619360000}, {"date": 2018, "revenue": 16993839000, "earnings": 796053000}, {"date": 2019, "revenue": 18380246000, "earnings": 1453271000}, {"date": 2020, "revenue": 8556931000, "earnings": -5694846000}], "quarterly": [{"date": "3Q2019", "revenue": 2958500000, "earnings": 194700000}, {"date": "4Q2019", "revenue": 1064800000, "earnings": -956100000}, {"date": "1Q2020", "revenue": 1333531000, "earnings": -5145446000}, {"date": "2Q2020", "revenue": 4413800000, "earnings": 296900000}]}, "financialCurrency": "INR"}, "calendarEvents": {"maxAge": 1, "earnings": {"earningsDate": []}}, "upgradeDowngradeHistory": {"history": [], "maxAge": 86400}, "price": {"maxAge": 1, "regularMarketChangePercent": -0.02086619, "regularMarketChange": -3.2999878, "regularMarketTime": "2021-04-30 15:47:06", "priceHint": 2, "regularMarketPrice": 154.85, "regularMarketDayHigh": 163.65, "regularMarketDayLow": 153.3, "regularMarketVolume": 331098, "averageDailyVolume10Day": 385352, "averageDailyVolume3Month": 452640, "regularMarketPreviousClose": 158.15, "regularMarketSource": "FREE_REALTIME", "regularMarketOpen": 156.9, "exchange": "BSE", "exchangeName": "BSE", "exchangeDataDelayedBy": 0, "marketState": "CLOSED", "quoteType": "EQUITY", "symbol": "HINDCOPPER.BO", "underlyingSymbol": null, "shortName": "HINDUSTAN COPPER LTD.", "longName": "Hindustan Copper Limited", "currency": "INR", "quoteSourceName": "Delayed Quote", "currencySymbol": "\u20b9", "fromCurrency": null, "lastMarket": null, "marketCap": 143270002688}, "balanceSheetHistory": {"balanceSheetStatements": [{"maxAge": 1, "endDate": "2020-03-31", "cash": 114434000, "shortTermInvestments": 43221000, "netReceivables": 3826341000, "inventory": 5198272000, "otherCurrentAssets": 1206954000, "totalCurrentAssets": 10389222000, "longTermInvestments": 2936000, "propertyPlantEquipment": 20024225000, "otherAssets": 761275000, "deferredLongTermAssetCharges": 529081000, "totalAssets": 31177658000, "accountsPayable": 2337442000, "shortLongTermDebt": 2284655000, "otherCurrentLiab": 2037645000, "longTermDebt": 6361753000, "otherLiab": 740947000, "minorityInterest": 5000, "totalCurrentLiabilities": 14475444000, "totalLiab": 21578144000, "commonStock": 4626090000, "retainedEarnings": 3093860000, "treasuryStock": 1879559000, "otherStockholderEquity": 1879559000, "totalStockholderEquity": 9599509000, "netTangibleAssets": 9599509000}, {"maxAge": 1, "endDate": "2019-03-31", "cash": 67238000, "shortTermInvestments": 40833000, "netReceivables": 5936714000, "inventory": 6436677000, "otherCurrentAssets": 1218678000, "totalCurrentAssets": 13700140000, "longTermInvestments": 1247000, "propertyPlantEquipment": 18412639000, "otherAssets": 1045911000, "deferredLongTermAssetCharges": 683136000, "totalAssets": 33159937000, "accountsPayable": 2022908000, "shortLongTermDebt": 1073855000, "otherCurrentLiab": 2406308000, "longTermDebt": 5706573000, "otherLiab": 631512000, "minorityInterest": 5000, "totalCurrentLiabilities": 10453958000, "totalLiab": 16792043000, "commonStock": 4626090000, "retainedEarnings": 9593281000, "treasuryStock": 2148518000, "otherStockholderEquity": 2148518000, "totalStockholderEquity": 16367889000, "netTangibleAssets": 16367889000}, {"maxAge": 1, "endDate": "2018-03-31", "cash": 87967000, "shortTermInvestments": 38734000, "netReceivables": 3431134000, "inventory": 7886151000, "otherCurrentAssets": 1094216000, "totalCurrentAssets": 12549634000, "longTermInvestments": 144000, "propertyPlantEquipment": 14755810000, "otherAssets": 1447796000, "deferredLongTermAssetCharges": 557771000, "totalAssets": 28753384000, "accountsPayable": 2261335000, "otherCurrentLiab": 2868379000, "longTermDebt": 1529054000, "otherLiab": 911030000, "totalCurrentLiabilities": 11040401000, "totalLiab": 13480485000, "commonStock": 4626090000, "retainedEarnings": 8527907000, "treasuryStock": 2118902000, "otherStockholderEquity": 2118902000, "totalStockholderEquity": 15272899000, "netTangibleAssets": 15272899000}, {"maxAge": 1, "endDate": "2017-03-31", "cash": 12122000, "shortTermInvestments": 536275000, "netReceivables": 2761289000, "inventory": 8218693000, "otherCurrentAssets": 1574133000, "totalCurrentAssets": 13112075000, "longTermInvestments": 26633000, "propertyPlantEquipment": 10568816000, "otherAssets": 1389252000, "deferredLongTermAssetCharges": 515835000, "totalAssets": 25096776000, "accountsPayable": 1565640000, "otherCurrentLiab": 2146991000, "longTermDebt": 2049795000, "otherLiab": 896455000, "totalCurrentLiabilities": 7480907000, "totalLiab": 10427157000, "commonStock": 4626090000, "retainedEarnings": 7904615000, "treasuryStock": 2138914000, "otherStockholderEquity": 2138914000, "totalStockholderEquity": 14669619000, "netTangibleAssets": 14669619000}], "maxAge": 86400}, "earningsTrend": {"trend": [{"maxAge": 1, "period": "0q", "endDate": null, "growth": {}, "earningsEstimate": {"avg": 0.0, "low": 0.0, "high": 0.0, "yearAgoEps": {}, "numberOfAnalysts": 0, "growth": {}}, "revenueEstimate": {"avg": 0, "low": 0, "high": 0, "numberOfAnalysts": 0, "yearAgoRevenue": {}, "growth": {}}, "epsTrend": {"current": 0.0, "7daysAgo": 0.0, "30daysAgo": 0.0, "60daysAgo": 0.0, "90daysAgo": 0.0}, "epsRevisions": {"upLast7days": 0, "upLast30days": 0, "downLast30days": 0, "downLast90days": {}}}, {"maxAge": 1, "period": "+1q", "endDate": null, "growth": {}, "earningsEstimate": {"avg": 0.0, "low": 0.0, "high": 0.0, "yearAgoEps": {}, "numberOfAnalysts": 0, "growth": {}}, "revenueEstimate": {"avg": 0, "low": 0, "high": 0, "numberOfAnalysts": 0, "yearAgoRevenue": {}, "growth": {}}, "epsTrend": {"current": 0.0, "7daysAgo": 0.0, "30daysAgo": 0.0, "60daysAgo": 0.0, "90daysAgo": 0.0}, "epsRevisions": {"upLast7days": 0, "upLast30days": 0, "downLast30days": 0, "downLast90days": {}}}, {"maxAge": 1, "period": "0y", "endDate": null, "growth": {}, "earningsEstimate": {"avg": 0.0, "low": 0.0, "high": 0.0, "yearAgoEps": {}, "numberOfAnalysts": 0, "growth": {}}, "revenueEstimate": {"avg": 0, "low": 0, "high": 0, "numberOfAnalysts": 0, "yearAgoRevenue": {}, "growth": {}}, "epsTrend": {"current": 0.0, "7daysAgo": 0.0, "30daysAgo": 0.0, "60daysAgo": 0.0, "90daysAgo": 0.0}, "epsRevisions": {"upLast7days": 0, "upLast30days": 0, "downLast30days": 0, "downLast90days": {}}}, {"maxAge": 1, "period": "+1y", "endDate": null, "growth": {}, "earningsEstimate": {"avg": 0.0, "low": 0.0, "high": 0.0, "yearAgoEps": {}, "numberOfAnalysts": 0, "growth": {}}, "revenueEstimate": {"avg": 0, "low": 0, "high": 0, "numberOfAnalysts": 0, "yearAgoRevenue": {}, "growth": {}}, "epsTrend": {"current": 0.0, "7daysAgo": 0.0, "30daysAgo": 0.0, "60daysAgo": 0.0, "90daysAgo": 0.0}, "epsRevisions": {"upLast7days": 0, "upLast30days": 0, "downLast30days": 0, "downLast90days": {}}}, {"maxAge": 1, "period": "+5y", "endDate": null, "growth": {}, "earningsEstimate": {"avg": {}, "low": {}, "high": {}, "yearAgoEps": {}, "numberOfAnalysts": {}, "growth": {}}, "revenueEstimate": {"avg": {}, "low": {}, "high": {}, "numberOfAnalysts": {}, "yearAgoRevenue": {}, "growth": {}}, "epsTrend": {"current": {}, "7daysAgo": {}, "30daysAgo": {}, "60daysAgo": {}, "90daysAgo": {}}, "epsRevisions": {"upLast7days": {}, "upLast30days": {}, "downLast30days": {}, "downLast90days": {}}}, {"maxAge": 1, "period": "-5y", "endDate": null, "growth": {}, "earningsEstimate": {"avg": {}, "low": {}, "high": {}, "yearAgoEps": {}, "numberOfAnalysts": {}, "growth": {}}, "revenueEstimate": {"avg": {}, "low": {}, "high": {}, "numberOfAnalysts": {}, "yearAgoRevenue": {}, "growth": {}}, "epsTrend": {"current": {}, "7daysAgo": {}, "30daysAgo": {}, "60daysAgo": {}, "90daysAgo": {}}, "epsRevisions": {"upLast7days": {}, "upLast30days": {}, "downLast30days": {}, "downLast90days": {}}}], "maxAge": 1}, "financialData": {"maxAge": 86400, "currentPrice": 154.85, "targetHighPrice": 80.0, "targetLowPrice": 80.0, "targetMeanPrice": 80.0, "targetMedianPrice": 80.0, "recommendationKey": "none", "numberOfAnalystOpinions": 1, "grossProfits": 8508751000, "financialCurrency": "INR"}}}