{"HINDPETRO.BO": {"recommendationTrend": {"trend": [{"period": "0m", "strongBuy": 0, "buy": 0, "hold": 0, "sell": 0, "strongSell": 0}, {"period": "-1m", "strongBuy": 0, "buy": 0, "hold": 0, "sell": 0, "strongSell": 0}, {"period": "-2m", "strongBuy": 0, "buy": 0, "hold": 0, "sell": 0, "strongSell": 0}, {"period": "-3m", "strongBuy": 0, "buy": 0, "hold": 0, "sell": 0, "strongSell": 0}], "maxAge": 86400}, "cashflowStatementHistory": {"cashflowStatements": [{"maxAge": 1, "endDate": "2020-03-31", "netIncome": 26387300000, "depreciation": 33486600000, "changeToNetincome": -12818300000, "changeToAccountReceivables": 17332000000, "changeToLiabilities": -47057800000, "changeToInventory": 11151100000, "changeToOperatingActivities": 25999400000, "totalCashFromOperatingActivities": 54692400000, "capitalExpenditures": -138565100000, "investments": -9319100000, "otherCashflowsFromInvestingActivities": 5580900000, "totalCashflowsFromInvestingActivities": -141678900000, "dividendsPaid": -17251100000, "netBorrowings": 114632000000, "otherCashflowsFromFinancingActivities": -12861300000, "totalCashFromFinancingActivities": 84519600000, "changeInCash": -2466900000}, {"maxAge": 1, "endDate": "2019-03-31", "netIncome": 66906300000, "depreciation": 30853100000, "changeToNetincome": 12034700000, "changeToAccountReceivables": -1301700000, "changeToLiabilities": 52862500000, "changeToInventory": -18333500000, "changeToOperatingActivities": -57481100000, "totalCashFromOperatingActivities": 85540300000, "capitalExpenditures": -113380200000, "investments": -7346500000, "otherCashflowsFromInvestingActivities": 6195900000, "totalCashflowsFromInvestingActivities": -113817400000, "dividendsPaid": -13714400000, "netBorrowings": 50991900000, "otherCashflowsFromFinancingActivities": -11295400000, "totalCashFromFinancingActivities": 25982100000, "changeInCash": -2295000000}, {"maxAge": 1, "endDate": "2018-03-31", "netIncome": 72182800000, "depreciation": 28344000000, "changeToNetincome": 410000000, "changeToAccountReceivables": -15137500000, "changeToLiabilities": 0, "changeToInventory": 163700000, "changeToOperatingActivities": 24397200000, "totalCashFromOperatingActivities": 110372100000, "capitalExpenditures": -67153600000, "investments": -2670300000, "otherCashflowsFromInvestingActivities": -4279800000, "totalCashflowsFromInvestingActivities": -73979600000, "dividendsPaid": -27919000000, "netBorrowings": -11246800000, "otherCashflowsFromFinancingActivities": -5063800000, "totalCashFromFinancingActivities": -44229600000, "changeInCash": -7837100000}, {"maxAge": 1, "endDate": "2017-03-31", "netIncome": 82358200000, "depreciation": 27763700000, "changeToNetincome": -14213600000, "changeToAccountReceivables": -3174000000, "changeToLiabilities": 0, "changeToInventory": -52864800000, "changeToOperatingActivities": 62660300000, "totalCashFromOperatingActivities": 102544800000, "capitalExpenditures": -59070000000, "investments": 947200000, "otherCashflowsFromInvestingActivities": 4554400000, "totalCashflowsFromInvestingActivities": -53040300000, "dividendsPaid": -41771400000, "netBorrowings": 5260900000, "otherCashflowsFromFinancingActivities": -5876700000, "totalCashFromFinancingActivities": -42387200000, "changeInCash": 7117300000}], "maxAge": 86400}, "indexTrend": {"maxAge": 1, "symbol": "SP5", "peRatio": 19.7411, "pegRatio": 1.34172, "estimates": [{"period": "0q", "growth": 0.549}, {"period": "+1q", "growth": 0.431}, {"period": "0y", "growth": 0.305}, {"period": "+1y", "growth": 0.109}, {"period": "+5y", "growth": 0.120865}, {"period": "-5y"}]}, "industryTrend": {"maxAge": 1, "symbol": null, "estimates": []}, "quoteType": {"exchange": "BSE", "quoteType": "EQUITY", "symbol": "HINDPETRO.BO", "underlyingSymbol": "HINDPETRO.BO", "shortName": "HINDUSTAN PETROLEUM CORPORATIO", "longName": "Hindustan Petroleum Corporation Limited", "firstTradeDateEpochUtc": "1995-05-05 09:15:00", "timeZoneFullName": "Asia/Kolkata", "timeZoneShortName": "IST", "uuid": "b4e5bf49-ba73-391b-b527-7b67148e3e5c", "gmtOffSetMilliseconds": 19800000, "maxAge": 1}, "incomeStatementHistory": {"incomeStatementHistory": [{"maxAge": 1, "endDate": "2020-03-31", "totalRevenue": 2679237500000, "costOfRevenue": 2485257500000, "grossProfit": 193980000000, "researchDevelopment": {}, "sellingGeneralAdministrative": 36738500000, "nonRecurring": {}, "otherOperatingExpenses": 91552600000, "totalOperatingExpenses": 2647556900000, "operatingIncome": 31680600000, "totalOtherIncomeExpenseNet": -17937700000, "ebit": 31680600000, "interestExpense": -11179300000, "incomeBeforeTax": 13742900000, "incomeTaxExpense": -12644400000, "minorityInterest": {}, "netIncomeFromContinuingOps": 26387300000, "discontinuedOperations": {}, "extraordinaryItems": {}, "effectOfAccountingCharges": {}, "otherItems": {}, "netIncome": 26387300000, "netIncomeApplicableToCommonShares": 26387300000}, {"maxAge": 1, "endDate": "2019-03-31", "totalRevenue": 2742552300000, "costOfRevenue": 2496953800000, "grossProfit": 245598500000, "researchDevelopment": {}, "sellingGeneralAdministrative": 34987400000, "nonRecurring": {}, "otherOperatingExpenses": 88887400000, "totalOperatingExpenses": 2651871100000, "operatingIncome": 90681200000, "totalOtherIncomeExpenseNet": 9710800000, "ebit": 90681200000, "interestExpense": -7592000000, "incomeBeforeTax": 100392000000, "incomeTaxExpense": 33485700000, "minorityInterest": {}, "netIncomeFromContinuingOps": 66906300000, "discontinuedOperations": {}, "extraordinaryItems": {}, "effectOfAccountingCharges": {}, "otherItems": {}, "netIncome": 66906300000, "netIncomeApplicableToCommonShares": 66906300000}, {"maxAge": 1, "endDate": "2018-03-31", "totalRevenue": 2186469300000, "costOfRevenue": 1958547600000, "grossProfit": 227921700000, "researchDevelopment": {}, "sellingGeneralAdministrative": 34364400000, "nonRecurring": {}, "otherOperatingExpenses": 84930000000, "totalOperatingExpenses": 2106777500000, "operatingIncome": 79691800000, "totalOtherIncomeExpenseNet": 21409600000, "ebit": 79691800000, "interestExpense": -5702600000, "incomeBeforeTax": 101101400000, "incomeTaxExpense": 28918600000, "minorityInterest": {}, "netIncomeFromContinuingOps": 72182800000, "discontinuedOperations": {}, "extraordinaryItems": {}, "effectOfAccountingCharges": {}, "otherItems": {}, "netIncome": 72182800000, "netIncomeApplicableToCommonShares": 72182800000}, {"maxAge": 1, "endDate": "2017-03-31", "totalRevenue": 1871083900000, "costOfRevenue": 1701865600000, "grossProfit": 169218300000, "researchDevelopment": {}, "sellingGeneralAdministrative": 34665200000, "nonRecurring": {}, "otherOperatingExpenses": 25475000000, "totalOperatingExpenses": 1789978200000, "operatingIncome": 81105700000, "totalOtherIncomeExpenseNet": 30868500000, "ebit": 81105700000, "interestExpense": -5167800000, "incomeBeforeTax": 111974200000, "incomeTaxExpense": 29616000000, "minorityInterest": {}, "netIncomeFromContinuingOps": 82358200000, "discontinuedOperations": {}, "extraordinaryItems": {}, "effectOfAccountingCharges": {}, "otherItems": {}, "netIncome": 82358200000, "netIncomeApplicableToCommonShares": 82358200000}], "maxAge": 86400}, "fundOwnership": {"ownershipList": [{"maxAge": 1, "reportDate": "2020-07-31", "organization": "Vanguard International Stock Index-Total Intl Stock Indx", "pctHeld": 0.0069, "position": 10541788, "value": 2266484420}, {"maxAge": 1, "reportDate": "2020-07-31", "organization": "Vanguard International Stock Index-Emerging Markets Stk", "pctHeld": 0.0055, "position": 8315019, "value": 1787729085}, {"maxAge": 1, "reportDate": "2020-07-31", "organization": "iShares Core MSCI Emerging Markets ETF", "pctHeld": 0.003, "position": 4501732, "value": 967872380}, {"maxAge": 1, "reportDate": "2020-08-31", "organization": "iShares MSCI India ETF", "pctHeld": 0.0023999999, "position": 3596127, "value": 725338815}, {"maxAge": 1, "reportDate": "2020-07-31", "organization": "DFA Emerging Markets Core Equity Portfolio", "pctHeld": 0.0021, "position": 3152503, "value": 677788145}, {"maxAge": 1, "reportDate": "2020-08-31", "organization": "iShares MSCI Emerging Markets ETF", "pctHeld": 0.0015, "position": 2251452, "value": 454117868}, {"maxAge": 1, "reportDate": "2020-08-31", "organization": "WisdomTree Tr-WisdomTree India Earnings Fd", "pctHeld": 0.0013, "position": 2044261, "value": 412327443}, {"maxAge": 1, "reportDate": "2020-05-31", "organization": "Schwab Strategic Tr-Schwab Fundamental Emg Mkts Large Co Index ETF", "pctHeld": 0.0011, "position": 1630992, "value": 316412448}, {"maxAge": 1, "reportDate": "2020-08-31", "organization": "iShares Edge MSCI Min Vol Global ETF", "pctHeld": 0.001, "position": 1486858, "value": 299899258}, {"maxAge": 1, "reportDate": "2020-05-31", "organization": "BNY-Mellon Emerging Markets Fund", "pctHeld": 0.0008, "position": 1276310, "value": 247604140}], "maxAge": 1}, "summaryDetail": {"maxAge": 1, "priceHint": 2, "previousClose": 229.6, "open": 229.0, "dayLow": 226.9, "dayHigh": 245.85, "regularMarketPreviousClose": 229.6, "regularMarketOpen": 229.0, "regularMarketDayLow": 226.9, "regularMarketDayHigh": 245.85, "trailingPE": 8.903693, "forwardPE": 4.99574, "volume": 384622, "regularMarketVolume": 384622, "averageVolume": 386926, "averageVolume10days": 227574, "averageDailyVolume10Day": 227574, "bid": 234.55, "ask": 235.6, "bidSize": 0, "askSize": 0, "marketCap": 357477646336, "fiftyTwoWeekLow": 155.0, "fiftyTwoWeekHigh": 245.85, "fiftyDayAverage": 222.2409, "twoHundredDayAverage": 206.41875, "trailingAnnualDividendRate": 9.75, "trailingAnnualDividendYield": 0.042465154, "currency": "INR", "fromCurrency": null, "lastMarket": null, "algorithm": null, "tradeable": false}, "insiderHolders": {"holders": [{"maxAge": 1, "name": "Life Insurance Corporation of India", "relation": "Institution- Corporation", "url": "", "transactionDescription": "Sale", "latestTransDate": "2015-03-11", "positionDirect": 19990179, "positionDirectDate": "2015-03-11"}, {"maxAge": 1, "name": "President of India", "relation": "Promoter", "url": "", "transactionDescription": "Sale", "latestTransDate": "2018-01-31", "positionDirect": 0, "positionDirectDate": "2018-01-31"}, {"maxAge": 1, "name": "Rao (K. Venkateswara)", "relation": "Director", "url": "", "transactionDescription": "Acquisition", "latestTransDate": "2013-06-01", "positionDirect": 5, "positionDirectDate": "2013-06-01"}, {"maxAge": 1, "name": "Reliance Capital Trustee Co Ltd - Reliance", "relation": "Investment Management Company", "url": "", "transactionDescription": "Sale", "latestTransDate": "2013-04-30", "positionDirect": 10225422, "positionDirectDate": "2013-04-30"}, {"maxAge": 1, "name": "Reliance Capital Trustee Company Ltd", "relation": "Investment Management Company", "url": "", "transactionDescription": "Acquisition", "latestTransDate": "2011-05-06", "positionDirect": 17019544, "positionDirectDate": "2011-05-06"}], "maxAge": 1}, "calendarEvents": {"maxAge": 1, "earnings": {"earningsDate": [], "earningsAverage": 9.41, "earningsLow": 7.9, "earningsHigh": 11.47, "revenueAverage": 611861000000, "revenueLow": 533623000000, "revenueHigh": 690100000000}}, "upgradeDowngradeHistory": {"history": [], "maxAge": 86400}, "price": {"maxAge": 1, "regularMarketChangePercent": 0.02155922, "regularMarketChange": 4.949997, "regularMarketTime": "2021-04-30 15:56:04", "priceHint": 2, "regularMarketPrice": 234.55, "regularMarketDayHigh": 245.85, "regularMarketDayLow": 226.9, "regularMarketVolume": 384622, "averageDailyVolume10Day": 227574, "averageDailyVolume3Month": 386926, "regularMarketPreviousClose": 229.6, "regularMarketSource": "FREE_REALTIME", "regularMarketOpen": 229.0, "exchange": "BSE", "exchangeName": "BSE", "exchangeDataDelayedBy": 0, "marketState": "CLOSED", "quoteType": "EQUITY", "symbol": "HINDPETRO.BO", "underlyingSymbol": null, "shortName": "HINDUSTAN PETROLEUM CORPORATIO", "longName": "Hindustan Petroleum Corporation Limited", "currency": "INR", "quoteSourceName": "Delayed Quote", "currencySymbol": "\u20b9", "fromCurrency": null, "lastMarket": null, "marketCap": 357477646336}, "balanceSheetHistory": {"balanceSheetStatements": [{"maxAge": 1, "endDate": "2020-03-31", "cash": 2047600000, "shortTermInvestments": 58100000, "netReceivables": 122965000000, "inventory": 193259900000, "otherCurrentAssets": 1284800000, "totalCurrentAssets": 376178200000, "longTermInvestments": 90557200000, "propertyPlantEquipment": 655356700000, "goodWill": 166900000, "intangibleAssets": 5691800000, "otherAssets": 41111200000, "totalAssets": 1169062000000, "accountsPayable": 114687900000, "shortLongTermDebt": 43590200000, "otherCurrentLiab": 208089200000, "longTermDebt": 208729000000, "otherLiab": 57715900000, "totalCurrentLiabilities": 570443600000, "totalLiab": 859255800000, "commonStock": 15238200000, "retainedEarnings": 293129800000, "treasuryStock": 1438200000, "otherStockholderEquity": 1438200000, "totalStockholderEquity": 309806200000, "netTangibleAssets": 303947500000}, {"maxAge": 1, "endDate": "2019-03-31", "cash": 1987400000, "netReceivables": 169511500000, "inventory": 204436200000, "otherCurrentAssets": 4898200000, "totalCurrentAssets": 434900000000, "longTermInvestments": 92146600000, "propertyPlantEquipment": 506645400000, "goodWill": 166900000, "intangibleAssets": 4790000000, "otherAssets": 34815900000, "totalAssets": 1073464800000, "accountsPayable": 171333700000, "shortLongTermDebt": 21550600000, "otherCurrentLiab": 200874500000, "longTermDebt": 121278000000, "otherLiab": 76081200000, "totalCurrentLiabilities": 572099000000, "totalLiab": 769458200000, "commonStock": 15238200000, "retainedEarnings": 287511400000, "treasuryStock": 1257000000, "otherStockholderEquity": 1257000000, "totalStockholderEquity": 304006600000, "netTangibleAssets": 299049700000}, {"maxAge": 1, "endDate": "2018-03-31", "cash": 1215200000, "shortTermInvestments": 10500000, "netReceivables": 112089300000, "inventory": 186122300000, "otherCurrentAssets": 14680600000, "totalCurrentAssets": 365330800000, "longTermInvestments": 78852900000, "propertyPlantEquipment": 422147000000, "goodWill": 166900000, "intangibleAssets": 4742800000, "otherAssets": 25477100000, "totalAssets": 896717500000, "accountsPayable": 157799600000, "shortLongTermDebt": 14166600000, "otherCurrentLiab": 150388600000, "longTermDebt": 96559400000, "otherLiab": 69204100000, "totalCurrentLiabilities": 475629600000, "totalLiab": 641393100000, "commonStock": 15238200000, "retainedEarnings": 238007600000, "treasuryStock": 2078600000, "otherStockholderEquity": 2078600000, "totalStockholderEquity": 255324400000, "netTangibleAssets": 250414700000}, {"maxAge": 1, "endDate": "2017-03-31", "cash": 1114700000, "shortTermInvestments": 99200000, "netReceivables": 84759700000, "inventory": 186291600000, "otherCurrentAssets": 6316500000, "totalCurrentAssets": 330660800000, "longTermInvestments": 66647000000, "propertyPlantEquipment": 382331000000, "goodWill": 166900000, "intangibleAssets": 4939600000, "otherAssets": 18445100000, "totalAssets": 803190400000, "accountsPayable": 126996600000, "shortLongTermDebt": 40978900000, "otherCurrentLiab": 133949300000, "longTermDebt": 71178000000, "otherLiab": 63566500000, "totalCurrentLiabilities": 457731600000, "totalLiab": 592476100000, "commonStock": 10158800000, "retainedEarnings": 192749000000, "treasuryStock": 3041300000, "capitalSurplus": 4765200000, "otherStockholderEquity": 3041300000, "totalStockholderEquity": 210714300000, "netTangibleAssets": 205607800000}], "maxAge": 86400}, "earningsTrend": {"trend": [{"maxAge": 1, "period": "0q", "endDate": "2018-06-30", "growth": 0.034, "earningsEstimate": {"avg": 9.41, "low": 7.9, "high": 11.47, "yearAgoEps": 9.1, "numberOfAnalysts": 4, "growth": 0.034}, "revenueEstimate": {"avg": 611861000000, "low": 533623000000, "high": 690100000000, "numberOfAnalysts": 2, "yearAgoRevenue": 533848000000, "growth": 0.146}, "epsTrend": {"current": 9.41, "7daysAgo": 10.66, "30daysAgo": 11.41, "60daysAgo": 10.96, "90daysAgo": 10.96}, "epsRevisions": {"upLast7days": 0, "upLast30days": 0, "downLast30days": 0, "downLast90days": {}}}, {"maxAge": 1, "period": "+1q", "endDate": "2018-09-30", "growth": -0.16299999, "earningsEstimate": {"avg": 9.52, "low": 6.75, "high": 11.47, "yearAgoEps": 11.38, "numberOfAnalysts": 3, "growth": -0.16299999}, "revenueEstimate": {"avg": 426898000000, "low": 426898000000, "high": 426898000000, "numberOfAnalysts": 1, "yearAgoRevenue": 475226000000, "growth": -0.102}, "epsTrend": {"current": 9.52, "7daysAgo": 10.91, "30daysAgo": 11.66, "60daysAgo": 11.18, "90daysAgo": 11.18}, "epsRevisions": {"upLast7days": 0, "upLast30days": 0, "downLast30days": 0, "downLast90days": {}}}, {"maxAge": 1, "period": "0y", "endDate": "2019-03-31", "growth": -0.129, "earningsEstimate": {"avg": 36.35, "low": 21.0, "high": 53.59, "yearAgoEps": 41.72, "numberOfAnalysts": 22, "growth": -0.129}, "revenueEstimate": {"avg": 2515290000000, "low": 1617630000000, "high": 3170500000000, "numberOfAnalysts": 20, "yearAgoRevenue": 2184740000000, "growth": 0.15100001}, "epsTrend": {"current": 36.35, "7daysAgo": 36.35, "30daysAgo": 36.8, "60daysAgo": 38.16, "90daysAgo": 39.04}, "epsRevisions": {"upLast7days": 0, "upLast30days": 0, "downLast30days": 0, "downLast90days": {}}}, {"maxAge": 1, "period": "+1y", "endDate": "2020-03-31", "growth": 0.08, "earningsEstimate": {"avg": 39.27, "low": 28.0, "high": 62.17, "yearAgoEps": 36.35, "numberOfAnalysts": 21, "growth": 0.08}, "revenueEstimate": {"avg": 2639810000000, "low": 1686410000000, "high": 3277800000000, "numberOfAnalysts": 19, "yearAgoRevenue": 2515290000000, "growth": 0.05}, "epsTrend": {"current": 39.27, "7daysAgo": 39.27, "30daysAgo": 39.3, "60daysAgo": 40.0, "90daysAgo": 41.24}, "epsRevisions": {"upLast7days": 0, "upLast30days": 1, "downLast30days": 0, "downLast90days": {}}}, {"maxAge": 1, "period": "+5y", "endDate": null, "growth": -0.061, "earningsEstimate": {"avg": {}, "low": {}, "high": {}, "yearAgoEps": {}, "numberOfAnalysts": {}, "growth": {}}, "revenueEstimate": {"avg": {}, "low": {}, "high": {}, "numberOfAnalysts": {}, "yearAgoRevenue": {}, "growth": {}}, "epsTrend": {"current": {}, "7daysAgo": {}, "30daysAgo": {}, "60daysAgo": {}, "90daysAgo": {}}, "epsRevisions": {"upLast7days": {}, "upLast30days": {}, "downLast30days": {}, "downLast90days": {}}}, {"maxAge": 1, "period": "-5y", "endDate": null, "growth": 1.0232, "earningsEstimate": {"avg": {}, "low": {}, "high": {}, "yearAgoEps": {}, "numberOfAnalysts": {}, "growth": {}}, "revenueEstimate": {"avg": {}, "low": {}, "high": {}, "numberOfAnalysts": {}, "yearAgoRevenue": {}, "growth": {}}, "epsTrend": {"current": {}, "7daysAgo": {}, "30daysAgo": {}, "60daysAgo": {}, "90daysAgo": {}}, "epsRevisions": {"upLast7days": {}, "upLast30days": {}, "downLast30days": {}, "downLast90days": {}}}], "maxAge": 1}, "institutionOwnership": {"ownershipList": [], "maxAge": 1}, "balanceSheetHistoryQuarterly": {"balanceSheetStatements": [{"maxAge": 1, "endDate": "2020-06-30", "totalStockholderEquity": 309806200000, "netTangibleAssets": 303947500000}, {"maxAge": 1, "endDate": "2020-03-31", "cash": 2047600000, "shortTermInvestments": 58100000, "netReceivables": 122965000000, "inventory": 193259900000, "otherCurrentAssets": 1284800000, "totalCurrentAssets": 376178200000, "longTermInvestments": 90557200000, "propertyPlantEquipment": 655356700000, "goodWill": 166900000, "intangibleAssets": 5691800000, "otherAssets": 41111200000, "totalAssets": 1169062000000, "accountsPayable": 114687900000, "shortLongTermDebt": 43590200000, "otherCurrentLiab": 208089200000, "longTermDebt": 208729000000, "otherLiab": 57715900000, "totalCurrentLiabilities": 570443600000, "totalLiab": 859255800000, "commonStock": 15238200000, "retainedEarnings": 293129800000, "treasuryStock": 1438200000, "otherStockholderEquity": 1438200000, "totalStockholderEquity": 309806200000, "netTangibleAssets": 303947500000}, {"maxAge": 1, "endDate": "2019-12-31", "totalStockholderEquity": 301955100000, "netTangibleAssets": 297026700000}, {"maxAge": 1, "endDate": "2019-09-30", "cash": 7941800000, "shortTermInvestments": 115504900000, "netReceivables": 49125800000, "inventory": 233039300000, "otherCurrentAssets": 5347700000, "totalCurrentAssets": 410959500000, "longTermInvestments": 92295900000, "propertyPlantEquipment": 578134700000, "goodWill": 166900000, "intangibleAssets": 4761500000, "otherAssets": 31982700000, "totalAssets": 1118301200000, "accountsPayable": 174892800000, "otherCurrentLiab": 280407300000, "longTermDebt": 176910100000, "otherLiab": 77454800000, "totalCurrentLiabilities": 561981200000, "totalLiab": 816346100000, "commonStock": 15238200000, "treasuryStock": 286716900000, "otherStockholderEquity": 286716900000, "totalStockholderEquity": 301955100000, "netTangibleAssets": 297026700000}], "maxAge": 86400}, "earningsHistory": {"history": [{"maxAge": 1, "epsActual": 9.1, "epsEstimate": 8.09, "epsDifference": 1.01, "surprisePercent": 0.125, "quarter": "2017-06-30", "period": "-4q"}, {"maxAge": 1, "epsActual": 11.38, "epsEstimate": 11.95, "epsDifference": -0.57, "surprisePercent": -0.048, "quarter": "2017-09-30", "period": "-3q"}, {"maxAge": 1, "epsActual": 12.79, "epsEstimate": 10.34, "epsDifference": 2.45, "surprisePercent": 0.237, "quarter": "2017-12-31", "period": "-2q"}, {"maxAge": 1, "epsActual": 11.47, "epsEstimate": 14.91, "epsDifference": -3.44, "surprisePercent": -0.231, "quarter": "2018-03-31", "period": "-1q"}], "maxAge": 86400}, "esgScores": {"maxAge": 86400, "totalEsg": 40.4, "environmentScore": 22.39, "socialScore": 11.14, "governanceScore": 6.87, "ratingYear": 2020, "ratingMonth": 10, "highestControversy": 3.0, "esgPerformance": null, "peerCount": 39, "peerGroup": "Refiners & Pipelines", "relatedControversy": ["Employee Incidents"], "peerEsgScorePerformance": {"min": 18.81, "avg": 30.688461538461535, "max": 50.6}, "peerGovernancePerformance": {"min": 3.31, "avg": 5.169189189189189, "max": 7.52}, "peerSocialPerformance": {"min": 5.12, "avg": 9.017297297297299, "max": 16.2}, "peerEnvironmentPerformance": {"min": 7.91, "avg": 15.425405405405403, "max": 22.39}, "peerHighestControversyPerformance": {"min": 0.0, "avg": 1.9230769230769231, "max": 5.0}, "percentile": 84.79, "environmentPercentile": 0.0, "socialPercentile": 0.0, "governancePercentile": 0.0, "adult": false, "alcoholic": false, "animalTesting": false, "catholic": false, "controversialWeapons": false, "smallArms": false, "furLeather": false, "gambling": false, "gmo": false, "militaryContract": false, "nuclear": false, "pesticides": false, "palmOil": false, "coal": false, "tobacco": false}, "insiderTransactions": {"transactions": [{"maxAge": 1, "shares": 778845375, "filerUrl": "", "transactionText": "", "filerName": "President of India", "filerRelation": "Promoter", "moneyText": "", "startDate": "2018-01-31", "ownership": "D"}, {"maxAge": 1, "shares": 6838531, "filerUrl": "", "transactionText": "", "filerName": "Life Insurance Corporation of India", "filerRelation": "Institution- Corporation", "moneyText": "", "startDate": "2015-03-11", "ownership": "D"}, {"maxAge": 1, "shares": 6869833, "filerUrl": "", "transactionText": "", "filerName": "Life Insurance Corporation of India", "filerRelation": "Institution- Corporation", "moneyText": "", "startDate": "2014-10-14", "ownership": "D"}, {"maxAge": 1, "shares": 5, "filerUrl": "", "transactionText": "", "filerName": "Rao (K. Venkateswara)", "filerRelation": "Director", "moneyText": "", "startDate": "2013-06-01", "ownership": "D"}, {"maxAge": 1, "shares": 6794122, "filerUrl": "", "transactionText": "", "filerName": "Reliance Capital Trustee Co Ltd - Reliance", "filerRelation": "Investment Management Company", "moneyText": "", "startDate": "2013-04-30", "ownership": "D"}, {"maxAge": 1, "shares": 7378235, "filerUrl": "", "transactionText": "", "filerName": "Life Insurance Corporation of India", "filerRelation": "Institution- Corporation", "moneyText": "", "startDate": "2013-01-18", "ownership": "D"}, {"maxAge": 1, "shares": 317000, "filerUrl": "", "transactionText": "", "filerName": "Reliance Capital Trustee Company Ltd", "filerRelation": "Investment Management Company", "moneyText": "", "startDate": "2011-05-06", "ownership": "D"}], "maxAge": 1}, "sectorTrend": {"maxAge": 1, "symbol": null, "estimates": []}, "incomeStatementHistoryQuarterly": {"incomeStatementHistory": [{"maxAge": 1, "endDate": "2020-06-30", "totalRevenue": 375588000000, "costOfRevenue": 299649900000, "grossProfit": 75938100000, "researchDevelopment": {}, "sellingGeneralAdministrative": 8704500000, "nonRecurring": {}, "otherOperatingExpenses": 23620400000, "totalOperatingExpenses": 340805900000, "operatingIncome": 34782100000, "totalOtherIncomeExpenseNet": -3585000000, "ebit": 34782100000, "interestExpense": -3339800000, "incomeBeforeTax": 31197100000, "incomeTaxExpense": 8670600000, "minorityInterest": {}, "netIncomeFromContinuingOps": 22526500000, "discontinuedOperations": {}, "extraordinaryItems": {}, "effectOfAccountingCharges": {}, "otherItems": {}, "netIncome": 22526500000, "netIncomeApplicableToCommonShares": 22526500000}, {"maxAge": 1, "endDate": "2020-03-31", "totalRevenue": 659674600000, "costOfRevenue": 634627800000, "grossProfit": 25046800000, "researchDevelopment": {}, "sellingGeneralAdministrative": 12985800000, "nonRecurring": {}, "otherOperatingExpenses": 15154000000, "totalOperatingExpenses": 671418500000, "operatingIncome": -11743900000, "totalOtherIncomeExpenseNet": -14784700000, "ebit": -11743900000, "interestExpense": -3297100000, "incomeBeforeTax": -26528600000, "incomeTaxExpense": -26252300000, "minorityInterest": {}, "netIncomeFromContinuingOps": -276300000, "discontinuedOperations": {}, "extraordinaryItems": {}, "effectOfAccountingCharges": {}, "otherItems": {}, "netIncome": -276300000, "netIncomeApplicableToCommonShares": -276300000}, {"maxAge": 1, "endDate": "2019-12-31", "totalRevenue": 705180900000, "costOfRevenue": 646612000000, "grossProfit": 58568900000, "researchDevelopment": {}, "sellingGeneralAdministrative": 7727600000, "nonRecurring": {}, "otherOperatingExpenses": 30675000000, "totalOperatingExpenses": 693823000000, "operatingIncome": 11357900000, "totalOtherIncomeExpenseNet": 2846600000, "ebit": 11357900000, "interestExpense": -2666100000, "incomeBeforeTax": 14204500000, "incomeTaxExpense": 3932200000, "minorityInterest": {}, "netIncomeFromContinuingOps": 10272300000, "discontinuedOperations": {}, "extraordinaryItems": {}, "effectOfAccountingCharges": {}, "otherItems": {}, "netIncome": 10272300000, "netIncomeApplicableToCommonShares": 10272300000}, {"maxAge": 1, "endDate": "2019-09-30", "totalRevenue": 606617700000, "costOfRevenue": 546987400000, "grossProfit": 59630300000, "researchDevelopment": {}, "sellingGeneralAdministrative": 7841600000, "nonRecurring": {}, "otherOperatingExpenses": 28626100000, "totalOperatingExpenses": 591709500000, "operatingIncome": 14908200000, "totalOtherIncomeExpenseNet": -1855600000, "ebit": 14908200000, "interestExpense": -3003900000, "incomeBeforeTax": 13052600000, "incomeTaxExpense": 5436100000, "minorityInterest": {}, "netIncomeFromContinuingOps": 7616500000, "discontinuedOperations": {}, "extraordinaryItems": {}, "effectOfAccountingCharges": {}, "otherItems": {}, "netIncome": 7616500000, "netIncomeApplicableToCommonShares": 7616500000}], "maxAge": 86400}, "cashflowStatementHistoryQuarterly": {"cashflowStatements": [{"maxAge": 1, "endDate": "2020-06-30", "netIncome": 22526500000, "changeToLiabilities": 0}, {"maxAge": 1, "endDate": "2020-03-31", "netIncome": -276300000, "changeToLiabilities": 0}, {"maxAge": 1, "endDate": "2019-12-31", "netIncome": 10272300000, "changeToLiabilities": 0}, {"maxAge": 1, "endDate": "2019-09-30", "netIncome": 7616500000, "changeToLiabilities": 0}], "maxAge": 86400}, "earnings": {"maxAge": 86400, "earningsChart": {"quarterly": [{"date": "2Q2017", "actual": 9.1, "estimate": 8.09}, {"date": "3Q2017", "actual": 11.38, "estimate": 11.95}, {"date": "4Q2017", "actual": 12.79, "estimate": 10.34}, {"date": "1Q2018", "actual": 11.47, "estimate": 14.91}], "currentQuarterEstimate": 9.41, "currentQuarterEstimateDate": "2Q", "currentQuarterEstimateYear": 2018, "earningsDate": []}, "financialsChart": {"yearly": [{"date": 2017, "revenue": 1871083900000, "earnings": 82358200000}, {"date": 2018, "revenue": 2186469300000, "earnings": 72182800000}, {"date": 2019, "revenue": 2742552300000, "earnings": 66906300000}, {"date": 2020, "revenue": 2679237500000, "earnings": 26387300000}], "quarterly": [{"date": "3Q2019", "revenue": 606617700000, "earnings": 7616500000}, {"date": "4Q2019", "revenue": 705180900000, "earnings": 10272300000}, {"date": "1Q2020", "revenue": 659674600000, "earnings": -276300000}, {"date": "2Q2020", "revenue": 375588000000, "earnings": 22526500000}]}, "financialCurrency": "INR"}, "financialData": {"maxAge": 86400, "currentPrice": 234.55, "targetHighPrice": 510.0, "targetLowPrice": 270.0, "targetMeanPrice": 391.44, "targetMedianPrice": 401.5, "recommendationMean": 2.4, "recommendationKey": "buy", "numberOfAnalystOpinions": 36, "grossProfits": 193980000000, "financialCurrency": "INR"}}}