{"HINDZINC.BO": {"recommendationTrend": {"trend": [{"period": "0m", "strongBuy": 0, "buy": 0, "hold": 0, "sell": 0, "strongSell": 0}, {"period": "-1m", "strongBuy": 0, "buy": 0, "hold": 0, "sell": 0, "strongSell": 0}, {"period": "-2m", "strongBuy": 0, "buy": 0, "hold": 0, "sell": 0, "strongSell": 0}, {"period": "-3m", "strongBuy": 0, "buy": 0, "hold": 0, "sell": 0, "strongSell": 0}], "maxAge": 86400}, "cashflowStatementHistory": {"cashflowStatements": [{"maxAge": 1, "endDate": "2020-03-31", "netIncome": 68050000000, "depreciation": 22750000000, "changeToNetincome": -13460000000, "changeToAccountReceivables": -2050000000, "changeToLiabilities": 3130000000, "changeToInventory": -2910000000, "changeToOperatingActivities": -9340000000, "totalCashFromOperatingActivities": 66210000000, "capitalExpenditures": -36370000000, "investments": 4510000000, "otherCashflowsFromInvestingActivities": 5190000000, "totalCashflowsFromInvestingActivities": -26480000000, "netBorrowings": -19280000000, "otherCashflowsFromFinancingActivities": -1700000000, "totalCashFromFinancingActivities": -20980000000, "changeInCash": 18750000000}, {"maxAge": 1, "endDate": "2019-03-31", "netIncome": 79560000000, "depreciation": 18770000000, "changeToNetincome": -17290000000, "changeToAccountReceivables": -120000000, "changeToLiabilities": 2270000000, "changeToInventory": -1650000000, "changeToOperatingActivities": 6210000000, "totalCashFromOperatingActivities": 87810000000, "capitalExpenditures": -34000000000, "investments": 19960000000, "otherCashflowsFromInvestingActivities": 2530000000, "totalCashflowsFromInvestingActivities": -10920000000, "dividendsPaid": -17690000000, "netBorrowings": 25360000000, "otherCashflowsFromFinancingActivities": -19460000000, "totalCashFromFinancingActivities": -96300000000, "changeInCash": -19410000000}, {"maxAge": 1, "endDate": "2018-03-31", "netIncome": 92760000000, "depreciation": 14770000000, "changeToNetincome": -14760000000, "changeToAccountReceivables": -480000000, "changeToLiabilities": 1240000000, "changeToInventory": 5570000000, "changeToOperatingActivities": -1160000000, "totalCashFromOperatingActivities": 98000000000, "capitalExpenditures": -27330000000, "investments": 46200000000, "otherCashflowsFromInvestingActivities": 4990000000, "totalCashflowsFromInvestingActivities": 23960000000, "dividendsPaid": -104690000000, "netBorrowings": -79000000000, "otherCashflowsFromFinancingActivities": -2430000000, "totalCashFromFinancingActivities": -186120000000, "changeInCash": -64160000000}, {"maxAge": 1, "endDate": "2017-03-31", "netIncome": 83160000000, "depreciation": 18070000000, "changeToNetincome": -26470000000, "changeToAccountReceivables": -290000000, "changeToLiabilities": 2740000000, "changeToInventory": -8780000000, "changeToOperatingActivities": 7410000000, "totalCashFromOperatingActivities": 75880000000, "capitalExpenditures": -20080000000, "investments": 136670000000, "otherCashflowsFromInvestingActivities": 3270000000, "totalCashflowsFromInvestingActivities": 120070000000, "dividendsPaid": -80284210000, "netBorrowings": 79000000000, "otherCashflowsFromFinancingActivities": -1940000000, "totalCashFromFinancingActivities": -112660000000, "changeInCash": 83290000000}], "maxAge": 86400}, "institutionOwnership": {"ownershipList": [], "maxAge": 1}, "balanceSheetHistoryQuarterly": {"balanceSheetStatements": [{"maxAge": 1, "endDate": "2020-06-30", "totalStockholderEquity": 403100000000, "netTangibleAssets": 400580000000}, {"maxAge": 1, "endDate": "2020-03-31", "cash": 18780000000, "shortTermInvestments": 200000000, "netReceivables": 4250000000, "inventory": 19200000000, "otherCurrentAssets": 2210000000, "totalCurrentAssets": 248130000000, "longTermInvestments": 40000000, "propertyPlantEquipment": 187060000000, "intangibleAssets": 2520000000, "otherAssets": 32000000000, "deferredLongTermAssetCharges": 18220000000, "totalAssets": 469750000000, "accountsPayable": 14950000000, "otherCurrentLiab": 28450000000, "otherLiab": 12300000000, "totalCurrentLiabilities": 54130000000, "totalLiab": 66650000000, "commonStock": 8450000000, "retainedEarnings": 394640000000, "treasuryStock": 10000000, "otherStockholderEquity": 10000000, "totalStockholderEquity": 403100000000, "netTangibleAssets": 400580000000}, {"maxAge": 1, "endDate": "2019-12-31", "totalStockholderEquity": 374020000000, "netTangibleAssets": 372430000000}, {"maxAge": 1, "endDate": "2019-09-30", "cash": 6390000000, "shortTermInvestments": 190150000000, "netReceivables": 3040000000, "inventory": 16300000000, "otherCurrentAssets": 1970000000, "totalCurrentAssets": 217850000000, "propertyPlantEquipment": 177170000000, "intangibleAssets": 1590000000, "otherAssets": 33940000000, "deferredLongTermAssetCharges": 21270000000, "totalAssets": 430550000000, "accountsPayable": 13000000000, "otherCurrentLiab": 31710000000, "otherLiab": 11820000000, "totalCurrentLiabilities": 44710000000, "totalLiab": 56530000000, "commonStock": 8450000000, "treasuryStock": 365570000000, "otherStockholderEquity": 365570000000, "totalStockholderEquity": 374020000000, "netTangibleAssets": 372430000000}], "maxAge": 86400}, "earningsHistory": {"history": [{"maxAge": 1, "epsActual": 5.33, "epsEstimate": 5.84, "epsDifference": -0.51, "surprisePercent": -0.087, "quarter": "2017-09-30", "period": "-4q"}, {"maxAge": 1, "epsActual": 5.28, "epsEstimate": 6.32, "epsDifference": -1.04, "surprisePercent": -0.165, "quarter": "2017-12-31", "period": "-3q"}, {"maxAge": 1, "epsActual": 6.05, "epsEstimate": 6.12, "epsDifference": -0.07, "surprisePercent": -0.011, "quarter": "2018-03-31", "period": "-2q"}, {"maxAge": 1, "epsActual": 4.54, "epsEstimate": 5.19, "epsDifference": -0.65, "surprisePercent": -0.125, "quarter": "2018-06-30", "period": "-1q"}], "maxAge": 86400}, "indexTrend": {"maxAge": 1, "symbol": "SP5", "peRatio": 19.7411, "pegRatio": 1.34172, "estimates": [{"period": "0q", "growth": 0.549}, {"period": "+1q", "growth": 0.431}, {"period": "0y", "growth": 0.305}, {"period": "+1y", "growth": 0.109}, {"period": "+5y", "growth": 0.120865}, {"period": "-5y"}]}, "industryTrend": {"maxAge": 1, "symbol": null, "estimates": []}, "insiderTransactions": {"transactions": [{"maxAge": 1, "shares": 2743154310, "filerUrl": "", "transactionText": "", "filerName": "Sterlite Opportunities & Venture Ltd", "filerRelation": "Promoter", "moneyText": "", "startDate": "2012-04-19", "ownership": "D"}], "maxAge": 1}, "quoteType": {"exchange": "BSE", "quoteType": "EQUITY", "symbol": "HINDZINC.BO", "underlyingSymbol": "HINDZINC.BO", "shortName": "HINDUSTAN ZINC LTD.", "longName": "Hindustan Zinc Limited", "firstTradeDateEpochUtc": "1995-05-02 09:15:00", "timeZoneFullName": "Asia/Kolkata", "timeZoneShortName": "IST", "uuid": "317ea8e1-6854-3b56-8288-df315ec16e07", "gmtOffSetMilliseconds": 19800000, "maxAge": 1}, "incomeStatementHistory": {"incomeStatementHistory": [{"maxAge": 1, "endDate": "2020-03-31", "totalRevenue": 183910000000, "costOfRevenue": 53180000000, "grossProfit": 130730000000, "researchDevelopment": {}, "sellingGeneralAdministrative": 6890000000, "nonRecurring": {}, "otherOperatingExpenses": 34870000000, "totalOperatingExpenses": 117730000000, "operatingIncome": 66180000000, "totalOtherIncomeExpenseNet": 17720000000, "ebit": 66180000000, "interestExpense": -780000000, "incomeBeforeTax": 83900000000, "incomeTaxExpense": 15850000000, "minorityInterest": {}, "netIncomeFromContinuingOps": 68050000000, "discontinuedOperations": {}, "extraordinaryItems": {}, "effectOfAccountingCharges": {}, "otherItems": {}, "netIncome": 68050000000, "netIncomeApplicableToCommonShares": 68050000000}, {"maxAge": 1, "endDate": "2019-03-31", "totalRevenue": 209030000000, "costOfRevenue": 57350000000, "grossProfit": 151680000000, "researchDevelopment": {}, "sellingGeneralAdministrative": 9050000000, "nonRecurring": {}, "otherOperatingExpenses": 35260000000, "totalOperatingExpenses": 120490000000, "operatingIncome": 88540000000, "totalOtherIncomeExpenseNet": 16020000000, "ebit": 88540000000, "interestExpense": -800000000, "incomeBeforeTax": 104560000000, "incomeTaxExpense": 25000000000, "minorityInterest": {}, "netIncomeFromContinuingOps": 79560000000, "discontinuedOperations": {}, "extraordinaryItems": {}, "effectOfAccountingCharges": {}, "otherItems": {}, "netIncome": 79560000000, "netIncomeApplicableToCommonShares": 79560000000}, {"maxAge": 1, "endDate": "2018-03-31", "totalRevenue": 218730000000, "costOfRevenue": 59000000000, "grossProfit": 159730000000, "researchDevelopment": {}, "sellingGeneralAdministrative": 7760000000, "nonRecurring": {}, "otherOperatingExpenses": 29340000000, "totalOperatingExpenses": 110930000000, "operatingIncome": 107800000000, "totalOtherIncomeExpenseNet": 17170000000, "ebit": 107800000000, "interestExpense": -2310000000, "incomeBeforeTax": 124970000000, "incomeTaxExpense": 32210000000, "minorityInterest": {}, "netIncomeFromContinuingOps": 92760000000, "discontinuedOperations": {}, "extraordinaryItems": {}, "effectOfAccountingCharges": {}, "otherItems": {}, "netIncome": 92760000000, "netIncomeApplicableToCommonShares": 92760000000}, {"maxAge": 1, "endDate": "2017-03-31", "totalRevenue": 172730000000, "costOfRevenue": 40990000000, "grossProfit": 131740000000, "researchDevelopment": {}, "sellingGeneralAdministrative": 7220000000, "nonRecurring": {}, "otherOperatingExpenses": 25620000000, "totalOperatingExpenses": 92490000000, "operatingIncome": 80240000000, "totalOtherIncomeExpenseNet": 21760000000, "ebit": 80240000000, "interestExpense": -1910000000, "incomeBeforeTax": 102000000000, "incomeTaxExpense": 18840000000, "minorityInterest": {}, "netIncomeFromContinuingOps": 83160000000, "discontinuedOperations": {}, "extraordinaryItems": {}, "effectOfAccountingCharges": {}, "otherItems": {}, "netIncome": 83160000000, "netIncomeApplicableToCommonShares": 83160000000}], "maxAge": 86400}, "fundOwnership": {"ownershipList": [], "maxAge": 1}, "summaryDetail": {"maxAge": 1, "priceHint": 2, "previousClose": 307.1, "open": 306.7, "dayLow": 301.95, "dayHigh": 312.25, "regularMarketPreviousClose": 307.1, "regularMarketOpen": 306.7, "regularMarketDayLow": 301.95, "regularMarketDayHigh": 312.25, "trailingPE": 20.150484, "forwardPE": 13.514829, "volume": 100901, "regularMarketVolume": 100901, "averageVolume": 131029, "averageVolume10days": 161269, "averageDailyVolume10Day": 161269, "bid": 304.25, "ask": 305.3, "bidSize": 0, "askSize": 0, "marketCap": 1289990176768, "fiftyTwoWeekLow": 122.0, "fiftyTwoWeekHigh": 328.0, "fiftyDayAverage": 263.79242, "twoHundredDayAverage": 231.2092, "trailingAnnualDividendRate": 16.5, "trailingAnnualDividendYield": 0.053728428, "currency": "INR", "fromCurrency": null, "lastMarket": null, "algorithm": null, "tradeable": false}, "sectorTrend": {"maxAge": 1, "symbol": null, "estimates": []}, "incomeStatementHistoryQuarterly": {"incomeStatementHistory": [{"maxAge": 1, "endDate": "2020-06-30", "totalRevenue": 38980000000, "costOfRevenue": 10180000000, "grossProfit": 28800000000, "researchDevelopment": {}, "sellingGeneralAdministrative": 2350000000, "nonRecurring": {}, "otherOperatingExpenses": 10690000000, "totalOperatingExpenses": 28660000000, "operatingIncome": 10320000000, "totalOtherIncomeExpenseNet": 6320000000, "ebit": 10320000000, "interestExpense": -520000000, "incomeBeforeTax": 16640000000, "incomeTaxExpense": 3050000000, "minorityInterest": {}, "netIncomeFromContinuingOps": 13590000000, "discontinuedOperations": {}, "extraordinaryItems": {}, "effectOfAccountingCharges": {}, "otherItems": {}, "netIncome": 13590000000, "netIncomeApplicableToCommonShares": 13590000000}, {"maxAge": 1, "endDate": "2020-03-31", "totalRevenue": 43800000000, "costOfRevenue": 25010000000, "grossProfit": 18790000000, "researchDevelopment": {}, "sellingGeneralAdministrative": 1140000000, "nonRecurring": {}, "otherOperatingExpenses": -2490000000, "totalOperatingExpenses": 29190000000, "operatingIncome": 14610000000, "totalOtherIncomeExpenseNet": 4040000000, "ebit": 14610000000, "interestExpense": -520000000, "incomeBeforeTax": 18650000000, "incomeTaxExpense": 5260000000, "minorityInterest": {}, "netIncomeFromContinuingOps": 13390000000, "discontinuedOperations": {}, "extraordinaryItems": {}, "effectOfAccountingCharges": {}, "otherItems": {}, "netIncome": 13390000000, "netIncomeApplicableToCommonShares": 13390000000}, {"maxAge": 1, "endDate": "2019-12-31", "totalRevenue": 46260000000, "costOfRevenue": 8460000000, "grossProfit": 37800000000, "researchDevelopment": {}, "sellingGeneralAdministrative": 2010000000, "nonRecurring": {}, "otherOperatingExpenses": 12900000000, "totalOperatingExpenses": 29340000000, "operatingIncome": 16920000000, "totalOtherIncomeExpenseNet": 4030000000, "ebit": 16920000000, "interestExpense": -420000000, "incomeBeforeTax": 20950000000, "incomeTaxExpense": 4750000000, "minorityInterest": {}, "netIncomeFromContinuingOps": 16200000000, "discontinuedOperations": {}, "extraordinaryItems": {}, "effectOfAccountingCharges": {}, "otherItems": {}, "netIncome": 16200000000, "netIncomeApplicableToCommonShares": 16200000000}, {"maxAge": 1, "endDate": "2019-09-30", "totalRevenue": 44610000000, "costOfRevenue": 9380000000, "grossProfit": 35230000000, "researchDevelopment": {}, "sellingGeneralAdministrative": 1920000000, "nonRecurring": {}, "otherOperatingExpenses": 12140000000, "totalOperatingExpenses": 29390000000, "operatingIncome": 15220000000, "totalOtherIncomeExpenseNet": 5650000000, "ebit": 15220000000, "interestExpense": -250000000, "incomeBeforeTax": 20870000000, "incomeTaxExpense": 60000000, "minorityInterest": {}, "netIncomeFromContinuingOps": 20810000000, "discontinuedOperations": {}, "extraordinaryItems": {}, "effectOfAccountingCharges": {}, "otherItems": {}, "netIncome": 20810000000, "netIncomeApplicableToCommonShares": 20810000000}], "maxAge": 86400}, "cashflowStatementHistoryQuarterly": {"cashflowStatements": [{"maxAge": 1, "endDate": "2020-06-30", "netIncome": 13590000000, "changeToLiabilities": 0}, {"maxAge": 1, "endDate": "2020-03-31", "netIncome": 13390000000, "changeToLiabilities": 0}, {"maxAge": 1, "endDate": "2019-12-31", "netIncome": 16200000000, "changeToLiabilities": 0}, {"maxAge": 1, "endDate": "2019-09-30", "netIncome": 20810000000, "changeToLiabilities": 0}], "maxAge": 86400}, "insiderHolders": {"holders": [{"maxAge": 1, "name": "Sterlite Opportunities & Venture Ltd", "relation": "Promoter", "url": "", "transactionDescription": "Sale", "latestTransDate": "2012-04-19", "positionDirect": 0, "positionDirectDate": "2012-04-19"}], "maxAge": 1}, "earnings": {"maxAge": 86400, "earningsChart": {"quarterly": [{"date": "3Q2017", "actual": 5.33, "estimate": 5.84}, {"date": "4Q2017", "actual": 5.28, "estimate": 6.32}, {"date": "1Q2018", "actual": 6.05, "estimate": 6.12}, {"date": "2Q2018", "actual": 4.54, "estimate": 5.19}], "currentQuarterEstimateDate": "3Q", "currentQuarterEstimateYear": 2018, "earningsDate": []}, "financialsChart": {"yearly": [{"date": 2017, "revenue": 172730000000, "earnings": 83160000000}, {"date": 2018, "revenue": 218730000000, "earnings": 92760000000}, {"date": 2019, "revenue": 209030000000, "earnings": 79560000000}, {"date": 2020, "revenue": 183910000000, "earnings": 68050000000}], "quarterly": [{"date": "3Q2019", "revenue": 44610000000, "earnings": 20810000000}, {"date": "4Q2019", "revenue": 46260000000, "earnings": 16200000000}, {"date": "1Q2020", "revenue": 43800000000, "earnings": 13390000000}, {"date": "2Q2020", "revenue": 38980000000, "earnings": 13590000000}]}, "financialCurrency": "INR"}, "calendarEvents": {"maxAge": 1, "earnings": {"earningsDate": [], "revenueLow": 45387000000, "revenueHigh": 53403000000}}, "upgradeDowngradeHistory": {"history": [], "maxAge": 86400}, "price": {"maxAge": 1, "regularMarketChangePercent": -0.0058613424, "regularMarketChange": -1.8000183, "regularMarketTime": "2021-04-30 15:49:26", "priceHint": 2, "regularMarketPrice": 305.3, "regularMarketDayHigh": 312.25, "regularMarketDayLow": 301.95, "regularMarketVolume": 100901, "averageDailyVolume10Day": 161269, "averageDailyVolume3Month": 131029, "regularMarketPreviousClose": 307.1, "regularMarketSource": "FREE_REALTIME", "regularMarketOpen": 306.7, "exchange": "BSE", "exchangeName": "BSE", "exchangeDataDelayedBy": 0, "marketState": "CLOSED", "quoteType": "EQUITY", "symbol": "HINDZINC.BO", "underlyingSymbol": null, "shortName": "HINDUSTAN ZINC LTD.", "longName": "Hindustan Zinc Limited", "currency": "INR", "quoteSourceName": "Delayed Quote", "currencySymbol": "\u20b9", "fromCurrency": null, "lastMarket": null, "marketCap": 1289990176768}, "balanceSheetHistory": {"balanceSheetStatements": [{"maxAge": 1, "endDate": "2020-03-31", "cash": 18780000000, "shortTermInvestments": 200000000, "netReceivables": 4250000000, "inventory": 19200000000, "otherCurrentAssets": 2210000000, "totalCurrentAssets": 248130000000, "longTermInvestments": 40000000, "propertyPlantEquipment": 187060000000, "intangibleAssets": 2520000000, "otherAssets": 32000000000, "deferredLongTermAssetCharges": 18220000000, "totalAssets": 469750000000, "accountsPayable": 14950000000, "otherCurrentLiab": 28450000000, "otherLiab": 12300000000, "totalCurrentLiabilities": 54130000000, "totalLiab": 66650000000, "commonStock": 8450000000, "retainedEarnings": 394640000000, "treasuryStock": 10000000, "otherStockholderEquity": 10000000, "totalStockholderEquity": 403100000000, "netTangibleAssets": 400580000000}, {"maxAge": 1, "endDate": "2019-03-31", "cash": 20000000, "netReceivables": 2230000000, "inventory": 16080000000, "otherCurrentAssets": 2330000000, "totalCurrentAssets": 215720000000, "propertyPlantEquipment": 169220000000, "intangibleAssets": 1100000000, "otherAssets": 38540000000, "deferredLongTermAssetCharges": 19250000000, "totalAssets": 424580000000, "accountsPayable": 11880000000, "otherCurrentLiab": 33990000000, "otherLiab": 11090000000, "totalCurrentLiabilities": 77440000000, "totalLiab": 88530000000, "commonStock": 8450000000, "retainedEarnings": 327590000000, "treasuryStock": 10000000, "otherStockholderEquity": 10000000, "totalStockholderEquity": 336050000000, "netTangibleAssets": 334950000000}, {"maxAge": 1, "endDate": "2018-03-31", "cash": 1730000000, "netReceivables": 2640000000, "inventory": 16300000000, "otherCurrentAssets": 18340000000, "totalCurrentAssets": 241430000000, "propertyPlantEquipment": 144010000000, "intangibleAssets": 1210000000, "otherAssets": 42670000000, "deferredLongTermAssetCharges": 22080000000, "totalAssets": 429320000000, "accountsPayable": 9740000000, "otherCurrentLiab": 44300000000, "otherLiab": 9950000000, "totalCurrentLiabilities": 60050000000, "totalLiab": 70000000000, "commonStock": 8450000000, "retainedEarnings": 350150000000, "treasuryStock": 720000000, "otherStockholderEquity": 720000000, "totalStockholderEquity": 359320000000, "netTangibleAssets": 358110000000}, {"maxAge": 1, "endDate": "2017-03-31", "cash": 1890000000, "netReceivables": 2050000000, "inventory": 20630000000, "otherCurrentAssets": 83880000000, "totalCurrentAssets": 346490000000, "propertyPlantEquipment": 129360000000, "intangibleAssets": 1280000000, "otherAssets": 40820000000, "deferredLongTermAssetCharges": 27480000000, "totalAssets": 517950000000, "accountsPayable": 8490000000, "otherCurrentLiab": 107580000000, "otherLiab": 7600000000, "totalCurrentLiabilities": 202300000000, "totalLiab": 209900000000, "commonStock": 8450000000, "retainedEarnings": 298060000000, "treasuryStock": 1540000000, "otherStockholderEquity": 1540000000, "totalStockholderEquity": 308050000000, "netTangibleAssets": 306770000000}], "maxAge": 86400}, "earningsTrend": {"trend": [{"maxAge": 1, "period": "0q", "endDate": "2018-09-30", "growth": {}, "earningsEstimate": {"avg": 0.0, "low": 0.0, "high": 0.0, "yearAgoEps": 5.33, "numberOfAnalysts": 0, "growth": {}}, "revenueEstimate": {"avg": 0, "low": 45387000000, "high": 53403000000, "numberOfAnalysts": 12, "yearAgoRevenue": 53090000000, "growth": {}}, "epsTrend": {"current": 0.0, "7daysAgo": 4.29, "30daysAgo": 4.29, "60daysAgo": 4.29, "90daysAgo": 4.29}, "epsRevisions": {"upLast7days": 0, "upLast30days": 0, "downLast30days": 0, "downLast90days": {}}}, {"maxAge": 1, "period": "+1q", "endDate": "2018-12-31", "growth": {}, "earningsEstimate": {"avg": 0.0, "low": 0.0, "high": 0.0, "yearAgoEps": 5.28, "numberOfAnalysts": 0, "growth": {}}, "revenueEstimate": {"avg": 58471500000, "low": 56013000000, "high": 60930000000, "numberOfAnalysts": 2, "yearAgoRevenue": 59220000000, "growth": -0.012999999}, "epsTrend": {"current": 0.0, "7daysAgo": 4.58, "30daysAgo": 4.58, "60daysAgo": 4.58, "90daysAgo": 4.58}, "epsRevisions": {"upLast7days": 0, "upLast30days": 0, "downLast30days": 0, "downLast90days": {}}}, {"maxAge": 1, "period": "0y", "endDate": "2019-03-31", "growth": {}, "earningsEstimate": {"avg": 0.0, "low": 0.0, "high": 0.0, "yearAgoEps": {}, "numberOfAnalysts": 0, "growth": {}}, "revenueEstimate": {"avg": 233415000000, "low": 233415000000, "high": 233415000000, "numberOfAnalysts": 1, "yearAgoRevenue": {}, "growth": {}}, "epsTrend": {"current": 0.0, "7daysAgo": 22.97, "30daysAgo": 22.97, "60daysAgo": 22.97, "90daysAgo": 22.97}, "epsRevisions": {"upLast7days": 0, "upLast30days": 0, "downLast30days": 0, "downLast90days": {}}}, {"maxAge": 1, "period": "+1y", "endDate": "2020-03-31", "growth": {}, "earningsEstimate": {"avg": 0.0, "low": 0.0, "high": 0.0, "yearAgoEps": {}, "numberOfAnalysts": 0, "growth": {}}, "revenueEstimate": {"avg": 254430000000, "low": 219156000000, "high": 303038000000, "numberOfAnalysts": 22, "yearAgoRevenue": 233415000000, "growth": 0.09}, "epsTrend": {"current": 0.0, "7daysAgo": 24.16, "30daysAgo": 24.16, "60daysAgo": 24.16, "90daysAgo": 24.16}, "epsRevisions": {"upLast7days": 0, "upLast30days": 0, "downLast30days": 0, "downLast90days": {}}}, {"maxAge": 1, "period": "+5y", "endDate": null, "growth": 0.055999998, "earningsEstimate": {"avg": {}, "low": {}, "high": {}, "yearAgoEps": {}, "numberOfAnalysts": {}, "growth": {}}, "revenueEstimate": {"avg": {}, "low": {}, "high": {}, "numberOfAnalysts": {}, "yearAgoRevenue": {}, "growth": {}}, "epsTrend": {"current": {}, "7daysAgo": {}, "30daysAgo": {}, "60daysAgo": {}, "90daysAgo": {}}, "epsRevisions": {"upLast7days": {}, "upLast30days": {}, "downLast30days": {}, "downLast90days": {}}}, {"maxAge": 1, "period": "-5y", "endDate": null, "growth": {}, "earningsEstimate": {"avg": {}, "low": {}, "high": {}, "yearAgoEps": {}, "numberOfAnalysts": {}, "growth": {}}, "revenueEstimate": {"avg": {}, "low": {}, "high": {}, "numberOfAnalysts": {}, "yearAgoRevenue": {}, "growth": {}}, "epsTrend": {"current": {}, "7daysAgo": {}, "30daysAgo": {}, "60daysAgo": {}, "90daysAgo": {}}, "epsRevisions": {"upLast7days": {}, "upLast30days": {}, "downLast30days": {}, "downLast90days": {}}}], "maxAge": 1}, "financialData": {"maxAge": 86400, "currentPrice": 305.3, "targetHighPrice": 378.0, "targetLowPrice": 240.0, "targetMeanPrice": 287.63, "targetMedianPrice": 290.0, "recommendationKey": "none", "numberOfAnalystOpinions": 23, "grossProfits": 130730000000, "financialCurrency": "INR"}}}