{"HINDCOMPOS.BO": {"cashflowStatementHistory": {"cashflowStatements": [{"maxAge": 1, "endDate": "2020-03-31", "netIncome": 104741000, "depreciation": 94709000, "changeToNetincome": -173289000, "changeToAccountReceivables": 30252000, "changeToLiabilities": -28438000, "changeToInventory": -2688000, "totalCashFromOperatingActivities": 25608000, "capitalExpenditures": -68504000, "investments": -157680000, "otherCashflowsFromInvestingActivities": 270691000, "totalCashflowsFromInvestingActivities": 47249000, "dividendsPaid": -29538000, "netBorrowings": 23217000, "otherCashflowsFromFinancingActivities": -8329000, "totalCashFromFinancingActivities": -14650000, "changeInCash": 58207000}, {"maxAge": 1, "endDate": "2019-03-31", "netIncome": 175488000, "depreciation": 87371000, "changeToNetincome": -220082000, "changeToAccountReceivables": -17985000, "changeToLiabilities": 21504000, "changeToInventory": -12118000, "totalCashFromOperatingActivities": 34277000, "capitalExpenditures": -117060000, "investments": -35420000, "otherCashflowsFromInvestingActivities": 135193000, "totalCashflowsFromInvestingActivities": -16575000, "dividendsPaid": -7385000, "netBorrowings": -13997000, "otherCashflowsFromFinancingActivities": -3739000, "totalCashFromFinancingActivities": -25121000, "changeInCash": -7419000}, {"maxAge": 1, "endDate": "2018-03-31", "netIncome": 230086000, "depreciation": 86226000, "changeToNetincome": -270758000, "changeToAccountReceivables": 386976000, "changeToLiabilities": 91855000, "changeToInventory": -20549000, "totalCashFromOperatingActivities": 503962000, "capitalExpenditures": -71295000, "investments": -574905000, "otherCashflowsFromInvestingActivities": 127001000, "totalCashflowsFromInvestingActivities": -517215000, "dividendsPaid": -7385000, "netBorrowings": 2623000, "otherCashflowsFromFinancingActivities": -4580000, "totalCashFromFinancingActivities": -9342000, "changeInCash": -22595000}, {"maxAge": 1, "endDate": "2017-03-31", "netIncome": 232145000, "depreciation": 76920000, "changeToNetincome": -243115000, "changeToAccountReceivables": 27927000, "changeToLiabilities": 26015000, "changeToInventory": -23400000, "totalCashFromOperatingActivities": 96676000, "capitalExpenditures": -120937000, "investments": -201214000, "otherCashflowsFromInvestingActivities": 236838000, "totalCashflowsFromInvestingActivities": -77236000, "dividendsPaid": -4923000, "netBorrowings": -3514000, "otherCashflowsFromFinancingActivities": -2968000, "totalCashFromFinancingActivities": -11405000, "changeInCash": 8035000}], "maxAge": 86400}, "institutionOwnership": {"ownershipList": [], "maxAge": 1}, "balanceSheetHistoryQuarterly": {"balanceSheetStatements": [{"maxAge": 1, "endDate": "2020-06-30", "totalStockholderEquity": 7610400000, "netTangibleAssets": 7607100000}, {"maxAge": 1, "endDate": "2020-03-31", "cash": 65667000, "shortTermInvestments": 283705000, "netReceivables": 727690000, "inventory": 125665000, "otherCurrentAssets": 25461000, "totalCurrentAssets": 1232744000, "longTermInvestments": 5871758000, "propertyPlantEquipment": 1222649000, "intangibleAssets": 3315000, "otherAssets": 181527000, "totalAssets": 8511993000, "accountsPayable": 324707000, "shortLongTermDebt": 6475000, "otherCurrentLiab": 14075000, "longTermDebt": 4383000, "otherLiab": 488659000, "totalCurrentLiabilities": 408522000, "totalLiab": 901564000, "commonStock": 73845000, "retainedEarnings": 6689129000, "treasuryStock": 847455000, "otherStockholderEquity": 847455000, "totalStockholderEquity": 7610429000, "netTangibleAssets": 7607114000}, {"maxAge": 1, "endDate": "2019-12-31", "totalStockholderEquity": 7627800000, "netTangibleAssets": 7625800000}, {"maxAge": 1, "endDate": "2019-09-30", "cash": 19100000, "shortTermInvestments": 538800000, "netReceivables": 548700000, "inventory": 107300000, "otherCurrentAssets": 19400000, "totalCurrentAssets": 1233300000, "longTermInvestments": 5851000000, "propertyPlantEquipment": 1253100000, "intangibleAssets": 2000000, "otherAssets": 182200000, "totalAssets": 8521600000, "accountsPayable": 319800000, "otherCurrentLiab": 24400000, "longTermDebt": 5500000, "otherLiab": 526100000, "totalCurrentLiabilities": 362200000, "totalLiab": 893800000, "commonStock": 73800000, "treasuryStock": 7554000000, "otherStockholderEquity": 7554000000, "totalStockholderEquity": 7627800000, "netTangibleAssets": 7625800000}], "maxAge": 86400}, "indexTrend": {"maxAge": 1, "symbol": "SP5", "peRatio": 19.7411, "pegRatio": 1.34172, "estimates": [{"period": "0q", "growth": 0.549}, {"period": "+1q", "growth": 0.431}, {"period": "0y", "growth": 0.305}, {"period": "+1y", "growth": 0.109}, {"period": "+5y", "growth": 0.120865}, {"period": "-5y"}]}, "insiderTransactions": {"transactions": [{"maxAge": 1, "shares": 57263, "filerUrl": "", "transactionText": "", "filerName": "Rasoi, Ltd.", "filerRelation": "Institution- Corporation", "moneyText": "", "startDate": "2010-03-26", "ownership": "D"}, {"maxAge": 1, "shares": 123946, "filerUrl": "", "transactionText": "", "filerName": "Rasoi, Ltd.", "filerRelation": "Institution- Corporation", "moneyText": "", "startDate": "2010-03-08", "ownership": "D"}], "maxAge": 1}, "quoteType": {"exchange": "BSE", "quoteType": "EQUITY", "symbol": "HINDCOMPOS.BO", "underlyingSymbol": "HINDCOMPOS.BO", "shortName": "HINDUSTAN COMPOSITES LTD.", "longName": "Hindustan Composites Limited", "firstTradeDateEpochUtc": "2002-03-05 09:15:00", "timeZoneFullName": "Asia/Kolkata", "timeZoneShortName": "IST", "uuid": "c3d7dcef-8d3a-3f03-9021-0488436b2ff4", "gmtOffSetMilliseconds": 19800000, "maxAge": 1}, "incomeStatementHistory": {"incomeStatementHistory": [{"maxAge": 1, "endDate": "2020-03-31", "totalRevenue": 1780519000, "costOfRevenue": 750107000, "grossProfit": 1030412000, "researchDevelopment": {}, "sellingGeneralAdministrative": 348920000, "nonRecurring": {}, "otherOperatingExpenses": 485306000, "totalOperatingExpenses": 1679361000, "operatingIncome": 101158000, "totalOtherIncomeExpenseNet": -13619000, "ebit": 101158000, "interestExpense": -1436000, "incomeBeforeTax": 87539000, "incomeTaxExpense": -17202000, "minorityInterest": {}, "netIncomeFromContinuingOps": 104741000, "discontinuedOperations": {}, "extraordinaryItems": {}, "effectOfAccountingCharges": {}, "otherItems": {}, "netIncome": 104741000, "netIncomeApplicableToCommonShares": 104741000}, {"maxAge": 1, "endDate": "2019-03-31", "totalRevenue": 1966131000, "costOfRevenue": 887290000, "grossProfit": 1078841000, "researchDevelopment": {}, "sellingGeneralAdministrative": 332243000, "nonRecurring": {}, "otherOperatingExpenses": 489793000, "totalOperatingExpenses": 1796794000, "operatingIncome": 169337000, "totalOtherIncomeExpenseNet": -1517000, "ebit": 169337000, "interestExpense": -1743000, "incomeBeforeTax": 167820000, "incomeTaxExpense": -7668000, "minorityInterest": {}, "netIncomeFromContinuingOps": 175488000, "discontinuedOperations": {}, "extraordinaryItems": {}, "effectOfAccountingCharges": {}, "otherItems": {}, "netIncome": 175488000, "netIncomeApplicableToCommonShares": 175488000}, {"maxAge": 1, "endDate": "2018-03-31", "totalRevenue": 1991775000, "costOfRevenue": 809600000, "grossProfit": 1182175000, "researchDevelopment": {}, "sellingGeneralAdministrative": 307724000, "nonRecurring": {}, "otherOperatingExpenses": 503394000, "totalOperatingExpenses": 1707068000, "operatingIncome": 284707000, "totalOtherIncomeExpenseNet": -25436000, "ebit": 284707000, "interestExpense": -2381000, "incomeBeforeTax": 259271000, "incomeTaxExpense": 29185000, "minorityInterest": {}, "netIncomeFromContinuingOps": 230086000, "discontinuedOperations": {}, "extraordinaryItems": {}, "effectOfAccountingCharges": {}, "otherItems": {}, "netIncome": 230086000, "netIncomeApplicableToCommonShares": 230086000}, {"maxAge": 1, "endDate": "2017-03-31", "totalRevenue": 1661770000, "costOfRevenue": 604102000, "grossProfit": 1057668000, "researchDevelopment": {}, "sellingGeneralAdministrative": 267214000, "nonRecurring": {}, "otherOperatingExpenses": 399896000, "totalOperatingExpenses": 1348316000, "operatingIncome": 313454000, "totalOtherIncomeExpenseNet": -10165000, "ebit": 313454000, "interestExpense": -1372000, "incomeBeforeTax": 303289000, "incomeTaxExpense": 71144000, "minorityInterest": {}, "netIncomeFromContinuingOps": 232145000, "discontinuedOperations": {}, "extraordinaryItems": {}, "effectOfAccountingCharges": {}, "otherItems": {}, "netIncome": 232145000, "netIncomeApplicableToCommonShares": 232145000}], "maxAge": 86400}, "fundOwnership": {"ownershipList": [], "maxAge": 1}, "summaryDetail": {"maxAge": 1, "priceHint": 2, "previousClose": 259.7, "open": 260.45, "dayLow": 260.45, "dayHigh": 263.55, "regularMarketPreviousClose": 259.7, "regularMarketOpen": 260.45, "regularMarketDayLow": 260.45, "regularMarketDayHigh": 263.55, "trailingPE": 41.21855, "volume": 144, "regularMarketVolume": 144, "averageVolume": 5715, "averageVolume10days": 1778, "averageDailyVolume10Day": 1778, "bid": 260.4, "ask": 270.35, "bidSize": 0, "askSize": 0, "marketCap": 3870644736, "fiftyTwoWeekLow": 95.2, "fiftyTwoWeekHigh": 387.45, "fiftyDayAverage": 270.89697, "twoHundredDayAverage": 210.97058, "trailingAnnualDividendRate": 2.0, "trailingAnnualDividendYield": 0.0077011934, "currency": "INR", "fromCurrency": null, "lastMarket": null, "algorithm": null, "tradeable": false}, "incomeStatementHistoryQuarterly": {"incomeStatementHistory": [{"maxAge": 1, "endDate": "2020-06-30", "totalRevenue": 305200000, "costOfRevenue": 119700000, "grossProfit": 185500000, "researchDevelopment": {}, "sellingGeneralAdministrative": 69200000, "nonRecurring": {}, "otherOperatingExpenses": 70200000, "totalOperatingExpenses": 281800000, "operatingIncome": 23400000, "totalOtherIncomeExpenseNet": -4500000, "ebit": 23400000, "interestExpense": -600000, "incomeBeforeTax": 18900000, "incomeTaxExpense": 200000, "minorityInterest": {}, "netIncomeFromContinuingOps": 18700000, "discontinuedOperations": {}, "extraordinaryItems": {}, "effectOfAccountingCharges": {}, "otherItems": {}, "netIncome": 18700000, "netIncomeApplicableToCommonShares": 18700000}, {"maxAge": 1, "endDate": "2020-03-31", "totalRevenue": 415719000, "costOfRevenue": 196307000, "grossProfit": 219412000, "researchDevelopment": {}, "sellingGeneralAdministrative": 91920000, "nonRecurring": {}, "otherOperatingExpenses": 80306000, "totalOperatingExpenses": 392861000, "operatingIncome": 22858000, "totalOtherIncomeExpenseNet": -4919000, "ebit": 22858000, "interestExpense": -600000, "incomeBeforeTax": 17939000, "incomeTaxExpense": -5302000, "minorityInterest": {}, "netIncomeFromContinuingOps": 23241000, "discontinuedOperations": {}, "extraordinaryItems": {}, "effectOfAccountingCharges": {}, "otherItems": {}, "netIncome": 23241000, "netIncomeApplicableToCommonShares": 23241000}, {"maxAge": 1, "endDate": "2019-12-31", "totalRevenue": 437600000, "costOfRevenue": 168500000, "grossProfit": 269100000, "researchDevelopment": {}, "sellingGeneralAdministrative": 85400000, "nonRecurring": {}, "otherOperatingExpenses": 132500000, "totalOperatingExpenses": 410200000, "operatingIncome": 27400000, "totalOtherIncomeExpenseNet": -2800000, "ebit": 27400000, "interestExpense": -400000, "incomeBeforeTax": 24600000, "incomeTaxExpense": -6000000, "minorityInterest": {}, "netIncomeFromContinuingOps": 30600000, "discontinuedOperations": {}, "extraordinaryItems": {}, "effectOfAccountingCharges": {}, "otherItems": {}, "netIncome": 30600000, "netIncomeApplicableToCommonShares": 30600000}, {"maxAge": 1, "endDate": "2019-09-30", "totalRevenue": 428700000, "costOfRevenue": 168600000, "grossProfit": 260100000, "researchDevelopment": {}, "sellingGeneralAdministrative": 83500000, "nonRecurring": {}, "otherOperatingExpenses": 134000000, "totalOperatingExpenses": 409700000, "operatingIncome": 19000000, "totalOtherIncomeExpenseNet": -2500000, "ebit": 19000000, "interestExpense": -700000, "incomeBeforeTax": 16500000, "incomeTaxExpense": -4800000, "minorityInterest": {}, "netIncomeFromContinuingOps": 21300000, "discontinuedOperations": {}, "extraordinaryItems": {}, "effectOfAccountingCharges": {}, "otherItems": {}, "netIncome": 21300000, "netIncomeApplicableToCommonShares": 21300000}], "maxAge": 86400}, "cashflowStatementHistoryQuarterly": {"cashflowStatements": [{"maxAge": 1, "endDate": "2020-06-30", "netIncome": 18700000, "changeToLiabilities": 0}, {"maxAge": 1, "endDate": "2020-03-31", "netIncome": 23241000, "changeToLiabilities": 0}, {"maxAge": 1, "endDate": "2019-12-31", "netIncome": 30600000, "changeToLiabilities": 0}, {"maxAge": 1, "endDate": "2019-09-30", "netIncome": 21300000, "changeToLiabilities": 0}], "maxAge": 86400}, "insiderHolders": {"holders": [{"maxAge": 1, "name": "Rasoi, Ltd.", "relation": "Institution- Corporation", "url": "", "transactionDescription": "Acquisition", "latestTransDate": "2010-03-26", "positionDirect": 281209, "positionDirectDate": "2010-03-26"}], "maxAge": 1}, "calendarEvents": {"maxAge": 1, "earnings": {"earningsDate": []}}, "upgradeDowngradeHistory": {"history": [], "maxAge": 86400}, "price": {"maxAge": 1, "regularMarketChangePercent": 0.009433892, "regularMarketChange": 2.4499817, "regularMarketTime": "2021-04-30 14:21:49", "priceHint": 2, "regularMarketPrice": 262.15, "regularMarketDayHigh": 263.55, "regularMarketDayLow": 260.45, "regularMarketVolume": 144, "averageDailyVolume10Day": 1778, "averageDailyVolume3Month": 5715, "regularMarketPreviousClose": 259.7, "regularMarketSource": "FREE_REALTIME", "regularMarketOpen": 260.45, "exchange": "BSE", "exchangeName": "BSE", "exchangeDataDelayedBy": 0, "marketState": "CLOSED", "quoteType": "EQUITY", "symbol": "HINDCOMPOS.BO", "underlyingSymbol": null, "shortName": "HINDUSTAN COMPOSITES LTD.", "longName": "Hindustan Composites Limited", "currency": "INR", "quoteSourceName": "Delayed Quote", "currencySymbol": "\u20b9", "fromCurrency": null, "lastMarket": null, "marketCap": 3870644736}, "balanceSheetHistory": {"balanceSheetStatements": [{"maxAge": 1, "endDate": "2020-03-31", "cash": 65667000, "shortTermInvestments": 283705000, "netReceivables": 727690000, "inventory": 125665000, "otherCurrentAssets": 25461000, "totalCurrentAssets": 1232744000, "longTermInvestments": 5871758000, "propertyPlantEquipment": 1222649000, "intangibleAssets": 3315000, "otherAssets": 181527000, "totalAssets": 8511993000, "accountsPayable": 324707000, "shortLongTermDebt": 6475000, "otherCurrentLiab": 14075000, "longTermDebt": 4383000, "otherLiab": 488659000, "totalCurrentLiabilities": 408522000, "totalLiab": 901564000, "commonStock": 73845000, "retainedEarnings": 6689129000, "treasuryStock": 847455000, "otherStockholderEquity": 847455000, "totalStockholderEquity": 7610429000, "netTangibleAssets": 7607114000}, {"maxAge": 1, "endDate": "2019-03-31", "cash": 7460000, "shortTermInvestments": 377307000, "netReceivables": 797929000, "inventory": 122977000, "otherCurrentAssets": 19188000, "totalCurrentAssets": 1328784000, "longTermInvestments": 5703733000, "propertyPlantEquipment": 1253277000, "intangibleAssets": 340000, "otherAssets": 181524000, "totalAssets": 8467658000, "accountsPayable": 350352000, "shortLongTermDebt": 8568000, "otherCurrentLiab": 21519000, "longTermDebt": 10858000, "otherLiab": 506992000, "totalCurrentLiabilities": 411737000, "totalLiab": 929587000, "commonStock": 73845000, "retainedEarnings": 6580366000, "treasuryStock": 883860000, "otherStockholderEquity": 883860000, "totalStockholderEquity": 7538071000, "netTangibleAssets": 7537731000}, {"maxAge": 1, "endDate": "2018-03-31", "cash": 14877000, "shortTermInvestments": 210042000, "netReceivables": 820940000, "inventory": 110859000, "otherCurrentAssets": 13638000, "totalCurrentAssets": 1173144000, "longTermInvestments": 5841414000, "propertyPlantEquipment": 1224874000, "intangibleAssets": 439000, "otherAssets": 14317000, "totalAssets": 8254188000, "accountsPayable": 343118000, "shortLongTermDebt": 9880000, "otherCurrentLiab": 11689000, "longTermDebt": 19426000, "otherLiab": 505726000, "totalCurrentLiabilities": 403172000, "totalLiab": 928324000, "commonStock": 73845000, "retainedEarnings": 6373957000, "treasuryStock": 878062000, "otherStockholderEquity": 878062000, "totalStockholderEquity": 7325864000, "netTangibleAssets": 7325425000}, {"maxAge": 1, "endDate": "2017-03-31", "cash": 37474000, "shortTermInvestments": 74485000, "netReceivables": 640248000, "inventory": 90310000, "otherCurrentAssets": 57488000, "totalCurrentAssets": 904392000, "longTermInvestments": 5287622000, "propertyPlantEquipment": 1242417000, "intangibleAssets": 565000, "otherAssets": 328818000, "totalAssets": 7763814000, "accountsPayable": 255741000, "shortLongTermDebt": 11044000, "otherCurrentLiab": 12364000, "longTermDebt": 25242000, "otherLiab": 556441000, "totalCurrentLiabilities": 301642000, "totalLiab": 883325000, "commonStock": 49230000, "retainedEarnings": 5829579000, "treasuryStock": 1001680000, "otherStockholderEquity": 1001680000, "totalStockholderEquity": 6880489000, "netTangibleAssets": 6879924000}], "maxAge": 86400}, "financialData": {"maxAge": 86400, "currentPrice": 262.15, "recommendationKey": "none", "grossProfits": 1030412000, "financialCurrency": "INR"}}}