{"HINDADH.BO": {"recommendationTrend": {"trend": [{"period": "0m", "strongBuy": 0, "buy": 0, "hold": 0, "sell": 0, "strongSell": 0}, {"period": "-1m", "strongBuy": 0, "buy": 0, "hold": 0, "sell": 0, "strongSell": 0}, {"period": "-2m", "strongBuy": 0, "buy": 0, "hold": 0, "sell": 0, "strongSell": 0}, {"period": "-3m", "strongBuy": 0, "buy": 0, "hold": 0, "sell": 0, "strongSell": 0}], "maxAge": 86400}, "cashflowStatementHistory": {"cashflowStatements": [{"maxAge": 1, "endDate": "2020-03-31", "netIncome": 65808000, "depreciation": 68837000, "changeToNetincome": 22850000, "changeToAccountReceivables": -2058000, "changeToLiabilities": -88063000, "changeToInventory": 17782000, "changeToOperatingActivities": 15292000, "totalCashFromOperatingActivities": 100448000, "capitalExpenditures": -232057000, "investments": -516000, "otherCashflowsFromInvestingActivities": 2978000, "totalCashflowsFromInvestingActivities": -229595000, "netBorrowings": 166709000, "otherCashflowsFromFinancingActivities": -47259000, "totalCashFromFinancingActivities": 119450000, "changeInCash": -9697000}, {"maxAge": 1, "endDate": "2019-03-31", "netIncome": 23732000, "depreciation": 57683000, "changeToNetincome": 54721000, "changeToAccountReceivables": -42023000, "changeToLiabilities": 58764000, "changeToInventory": -32762000, "changeToOperatingActivities": -7062000, "totalCashFromOperatingActivities": 113053000, "capitalExpenditures": -102090000, "investments": 1961000, "otherCashflowsFromInvestingActivities": 1078000, "totalCashflowsFromInvestingActivities": -98862000, "netBorrowings": 43899000, "otherCashflowsFromFinancingActivities": -49344000, "totalCashFromFinancingActivities": -5445000, "changeInCash": 8746000}, {"maxAge": 1, "endDate": "2018-03-31", "netIncome": 24900000, "depreciation": 31300000, "changeToNetincome": 21900000, "changeToAccountReceivables": -18800000, "changeToLiabilities": 58700000, "changeToInventory": -62300000, "changeToOperatingActivities": -1800000, "totalCashFromOperatingActivities": 53900000, "capitalExpenditures": -316800000, "investments": 8400000, "otherCashflowsFromInvestingActivities": 900000, "totalCashflowsFromInvestingActivities": -307500000, "netBorrowings": 278200000, "otherCashflowsFromFinancingActivities": -19300000, "totalCashFromFinancingActivities": 258900000, "changeInCash": 5400000}, {"maxAge": 1, "endDate": "2017-03-31", "netIncome": 47746728, "depreciation": 36100868, "changeToNetincome": 21554684, "changeToAccountReceivables": -44905997, "changeToLiabilities": 14324588, "changeToInventory": 2054973, "changeToOperatingActivities": -1800000, "totalCashFromOperatingActivities": 76875844, "capitalExpenditures": -48693006, "investments": -1750000, "otherCashflowsFromInvestingActivities": 900000, "totalCashflowsFromInvestingActivities": -50443006, "dividendsPaid": -5116300, "netBorrowings": 1497573, "otherCashflowsFromFinancingActivities": -29339657, "totalCashFromFinancingActivities": -32958384, "changeInCash": -6525546}], "maxAge": 86400}, "institutionOwnership": {"ownershipList": [], "maxAge": 1}, "balanceSheetHistoryQuarterly": {"balanceSheetStatements": [{"maxAge": 1, "endDate": "2020-06-30", "totalStockholderEquity": 346318000, "netTangibleAssets": 346318000}, {"maxAge": 1, "endDate": "2020-03-31", "cash": 14300000, "netReceivables": 205204000, "inventory": 204286000, "otherCurrentAssets": 79209000, "totalCurrentAssets": 505640000, "longTermInvestments": 13267000, "propertyPlantEquipment": 724654000, "otherAssets": 16955000, "totalAssets": 1260516000, "accountsPayable": 109533000, "shortLongTermDebt": 70746000, "otherCurrentLiab": 48048000, "longTermDebt": 443750000, "otherLiab": 36449000, "totalCurrentLiabilities": 433999000, "totalLiab": 914198000, "commonStock": 51163000, "retainedEarnings": 268395000, "treasuryStock": 5500000, "capitalSurplus": 21260000, "otherStockholderEquity": 5500000, "totalStockholderEquity": 346318000, "netTangibleAssets": 346318000}, {"maxAge": 1, "endDate": "2019-12-31", "totalStockholderEquity": 329800000, "netTangibleAssets": 329800000}, {"maxAge": 1, "endDate": "2019-09-30", "cash": 18600000, "shortTermInvestments": 68400000, "netReceivables": 228900000, "inventory": 199400000, "totalCurrentAssets": 515300000, "longTermInvestments": 13800000, "propertyPlantEquipment": 546800000, "otherAssets": 10300000, "totalAssets": 1086200000, "accountsPayable": 140300000, "shortLongTermDebt": 250400000, "otherCurrentLiab": 38500000, "longTermDebt": 281200000, "otherLiab": 45100000, "totalCurrentLiabilities": 430100000, "totalLiab": 756400000, "commonStock": 51200000, "treasuryStock": 278600000, "otherStockholderEquity": 278600000, "totalStockholderEquity": 329800000, "netTangibleAssets": 329800000}], "maxAge": 86400}, "earningsHistory": {"history": [{"maxAge": 1, "epsActual": {}, "epsEstimate": {}, "epsDifference": {}, "surprisePercent": {}, "quarter": {}, "period": "-4q"}, {"maxAge": 1, "epsActual": {}, "epsEstimate": {}, "epsDifference": {}, "surprisePercent": {}, "quarter": {}, "period": "-3q"}, {"maxAge": 1, "epsActual": {}, "epsEstimate": {}, "epsDifference": {}, "surprisePercent": {}, "quarter": {}, "period": "-2q"}, {"maxAge": 1, "epsActual": {}, "epsEstimate": {}, "epsDifference": {}, "surprisePercent": {}, "quarter": {}, "period": "-1q"}], "maxAge": 86400}, "indexTrend": {"maxAge": 1, "symbol": "SP5", "peRatio": 19.7411, "pegRatio": 1.34172, "estimates": [{"period": "0q", "growth": 0.549}, {"period": "+1q", "growth": 0.431}, {"period": "0y", "growth": 0.305}, {"period": "+1y", "growth": 0.109}, {"period": "+5y", "growth": 0.120859005}, {"period": "-5y"}]}, "industryTrend": {"maxAge": 1, "symbol": null, "estimates": []}, "quoteType": {"exchange": "BSE", "quoteType": "EQUITY", "symbol": "HINDADH.BO", "underlyingSymbol": "HINDADH.BO", "shortName": "HINDUSTAN ADHESIVES LTD.", "longName": "Hindustan Adhesives Limited", "firstTradeDateEpochUtc": "2008-02-27 09:15:00", "timeZoneFullName": "Asia/Kolkata", "timeZoneShortName": "IST", "uuid": "d1f6b380-e96a-3c21-a908-fe34bc665db8", "gmtOffSetMilliseconds": 19800000, "maxAge": 1}, "incomeStatementHistory": {"incomeStatementHistory": [{"maxAge": 1, "endDate": "2020-03-31", "totalRevenue": 1560573000, "costOfRevenue": 995096000, "grossProfit": 565477000, "researchDevelopment": {}, "sellingGeneralAdministrative": 128911000, "nonRecurring": {}, "otherOperatingExpenses": 280798000, "totalOperatingExpenses": 1473642000, "operatingIncome": 86931000, "totalOtherIncomeExpenseNet": -29530000, "ebit": 86931000, "interestExpense": -47259000, "incomeBeforeTax": 57401000, "incomeTaxExpense": -8407000, "minorityInterest": {}, "netIncomeFromContinuingOps": 65808000, "discontinuedOperations": {}, "extraordinaryItems": {}, "effectOfAccountingCharges": {}, "otherItems": {}, "netIncome": 65808000, "netIncomeApplicableToCommonShares": 65808000}, {"maxAge": 1, "endDate": "2019-03-31", "totalRevenue": 1412502000, "costOfRevenue": 908614000, "grossProfit": 503888000, "researchDevelopment": {}, "sellingGeneralAdministrative": 112309000, "nonRecurring": {}, "otherOperatingExpenses": 253233000, "totalOperatingExpenses": 1331839000, "operatingIncome": 80663000, "totalOtherIncomeExpenseNet": -45139000, "ebit": 80663000, "interestExpense": -49344000, "incomeBeforeTax": 35524000, "incomeTaxExpense": 11792000, "minorityInterest": {}, "netIncomeFromContinuingOps": 23732000, "discontinuedOperations": {}, "extraordinaryItems": {}, "effectOfAccountingCharges": {}, "otherItems": {}, "netIncome": 23732000, "netIncomeApplicableToCommonShares": 23732000}, {"maxAge": 1, "endDate": "2018-03-31", "totalRevenue": 759600000, "costOfRevenue": 410600000, "grossProfit": 349000000, "researchDevelopment": {}, "sellingGeneralAdministrative": 84200000, "nonRecurring": {}, "otherOperatingExpenses": 178600000, "totalOperatingExpenses": 704700000, "operatingIncome": 54900000, "totalOtherIncomeExpenseNet": -21300000, "ebit": 54900000, "interestExpense": -19300000, "incomeBeforeTax": 33600000, "incomeTaxExpense": 8700000, "minorityInterest": {}, "netIncomeFromContinuingOps": 24900000, "discontinuedOperations": {}, "extraordinaryItems": {}, "effectOfAccountingCharges": {}, "otherItems": {}, "netIncome": 24900000, "netIncomeApplicableToCommonShares": 24900000}, {"maxAge": 1, "endDate": "2017-03-31", "totalRevenue": 762040090, "costOfRevenue": 375178190, "grossProfit": 386861900, "researchDevelopment": {}, "sellingGeneralAdministrative": 78805755, "nonRecurring": {}, "otherOperatingExpenses": 195178898, "totalOperatingExpenses": 685263711, "operatingIncome": 76776379, "totalOtherIncomeExpenseNet": -24575777, "ebit": 76776379, "interestExpense": -24839911, "incomeBeforeTax": 52200602, "incomeTaxExpense": 4453874, "minorityInterest": 2024117, "netIncomeFromContinuingOps": 47746728, "discontinuedOperations": {}, "extraordinaryItems": {}, "effectOfAccountingCharges": {}, "otherItems": {}, "netIncome": 47746728, "netIncomeApplicableToCommonShares": 47746728}], "maxAge": 86400}, "fundOwnership": {"ownershipList": [], "maxAge": 1}, "summaryDetail": {"maxAge": 1, "priceHint": 2, "previousClose": 105.55, "open": 102.7, "dayLow": 102.7, "dayHigh": 106.0, "regularMarketPreviousClose": 105.55, "regularMarketOpen": 102.7, "regularMarketDayLow": 102.7, "regularMarketDayHigh": 106.0, "trailingPE": 7.6302905, "forwardPE": 17.041801, "volume": 681, "regularMarketVolume": 681, "averageVolume": 2635, "averageVolume10days": 1199, "averageDailyVolume10Day": 1199, "bid": 104.05, "ask": 106.0, "bidSize": 0, "askSize": 0, "marketCap": 542720000, "fiftyTwoWeekLow": 55.0, "fiftyTwoWeekHigh": 136.9, "fiftyDayAverage": 117.57121, "twoHundredDayAverage": 96.05846, "trailingAnnualDividendRate": 1.0, "trailingAnnualDividendYield": 0.0094741825, "currency": "INR", "fromCurrency": null, "lastMarket": null, "algorithm": null, "tradeable": false}, "sectorTrend": {"maxAge": 1, "symbol": null, "estimates": []}, "incomeStatementHistoryQuarterly": {"incomeStatementHistory": [{"maxAge": 1, "endDate": "2020-06-30", "totalRevenue": 451900000, "costOfRevenue": 289400000, "grossProfit": 162500000, "researchDevelopment": {}, "sellingGeneralAdministrative": 28100000, "nonRecurring": {}, "otherOperatingExpenses": 76000000, "totalOperatingExpenses": 409900000, "operatingIncome": 42000000, "totalOtherIncomeExpenseNet": -15200000, "ebit": 42000000, "interestExpense": -15200000, "incomeBeforeTax": 26800000, "incomeTaxExpense": 0, "minorityInterest": {}, "netIncomeFromContinuingOps": 26800000, "discontinuedOperations": {}, "extraordinaryItems": {}, "effectOfAccountingCharges": {}, "otherItems": {}, "netIncome": 26800000, "netIncomeApplicableToCommonShares": 26800000}, {"maxAge": 1, "endDate": "2020-03-31", "totalRevenue": 310573000, "costOfRevenue": 224296000, "grossProfit": 86277000, "researchDevelopment": {}, "sellingGeneralAdministrative": 37311000, "nonRecurring": {}, "otherOperatingExpenses": 39398000, "totalOperatingExpenses": 326542000, "operatingIncome": -15969000, "totalOtherIncomeExpenseNet": 13170000, "ebit": -15969000, "interestExpense": -4559000, "incomeBeforeTax": -2799000, "incomeTaxExpense": -8407000, "minorityInterest": {}, "netIncomeFromContinuingOps": 5608000, "discontinuedOperations": {}, "extraordinaryItems": {}, "effectOfAccountingCharges": {}, "otherItems": {}, "netIncome": 5608000, "netIncomeApplicableToCommonShares": 5608000}, {"maxAge": 1, "endDate": "2019-12-31", "totalRevenue": 417400000, "costOfRevenue": 241100000, "grossProfit": 176300000, "researchDevelopment": {}, "sellingGeneralAdministrative": 31100000, "nonRecurring": {}, "otherOperatingExpenses": 96100000, "totalOperatingExpenses": 382400000, "operatingIncome": 35000000, "totalOtherIncomeExpenseNet": -11600000, "ebit": 35000000, "interestExpense": -11600000, "incomeBeforeTax": 23400000, "incomeTaxExpense": 0, "minorityInterest": {}, "netIncomeFromContinuingOps": 23400000, "discontinuedOperations": {}, "extraordinaryItems": {}, "effectOfAccountingCharges": {}, "otherItems": {}, "netIncome": 23400000, "netIncomeApplicableToCommonShares": 23400000}, {"maxAge": 1, "endDate": "2019-09-30", "totalRevenue": 419000000, "costOfRevenue": 264200000, "grossProfit": 154800000, "researchDevelopment": {}, "sellingGeneralAdministrative": 31000000, "nonRecurring": {}, "otherOperatingExpenses": 77800000, "totalOperatingExpenses": 387700000, "operatingIncome": 31300000, "totalOtherIncomeExpenseNet": -16000000, "ebit": 31300000, "interestExpense": -16000000, "incomeBeforeTax": 15300000, "incomeTaxExpense": 0, "minorityInterest": {}, "netIncomeFromContinuingOps": 15300000, "discontinuedOperations": {}, "extraordinaryItems": {}, "effectOfAccountingCharges": {}, "otherItems": {}, "netIncome": 15300000, "netIncomeApplicableToCommonShares": 15300000}], "maxAge": 86400}, "cashflowStatementHistoryQuarterly": {"cashflowStatements": [{"maxAge": 1, "endDate": "2020-06-30", "netIncome": 26800000, "changeToLiabilities": 0}, {"maxAge": 1, "endDate": "2020-03-31", "netIncome": 5608000, "changeToLiabilities": 0}, {"maxAge": 1, "endDate": "2019-12-31", "netIncome": 23400000, "changeToLiabilities": 0}, {"maxAge": 1, "endDate": "2019-09-30", "netIncome": 15300000, "changeToLiabilities": 0}], "maxAge": 86400}, "insiderHolders": {"holders": [], "maxAge": 1}, "earnings": {"maxAge": 86400, "earningsChart": {"quarterly": [], "earningsDate": ["2020-09-14 05:30:S"]}, "financialsChart": {"yearly": [{"date": 2017, "revenue": 762040090, "earnings": 47746728}, {"date": 2018, "revenue": 759600000, "earnings": 24900000}, {"date": 2019, "revenue": 1412502000, "earnings": 23732000}, {"date": 2020, "revenue": 1560573000, "earnings": 65808000}], "quarterly": [{"date": "3Q2019", "revenue": 419000000, "earnings": 15300000}, {"date": "4Q2019", "revenue": 417400000, "earnings": 23400000}, {"date": "1Q2020", "revenue": 310573000, "earnings": 5608000}, {"date": "2Q2020", "revenue": 451900000, "earnings": 26800000}]}, "financialCurrency": "INR"}, "calendarEvents": {"maxAge": 1, "earnings": {"earningsDate": ["2020-09-14 05:30:S"]}}, "upgradeDowngradeHistory": {"history": [], "maxAge": 86400}, "price": {"maxAge": 1, "regularMarketChangePercent": 0.004263353, "regularMarketChange": 0.44999695, "regularMarketTime": "2021-04-30 15:11:14", "priceHint": 2, "regularMarketPrice": 106.0, "regularMarketDayHigh": 106.0, "regularMarketDayLow": 102.7, "regularMarketVolume": 681, "averageDailyVolume10Day": 1199, "averageDailyVolume3Month": 2635, "regularMarketPreviousClose": 105.55, "regularMarketSource": "FREE_REALTIME", "regularMarketOpen": 102.7, "exchange": "BSE", "exchangeName": "BSE", "exchangeDataDelayedBy": 0, "marketState": "CLOSED", "quoteType": "EQUITY", "symbol": "HINDADH.BO", "underlyingSymbol": null, "shortName": "HINDUSTAN ADHESIVES LTD.", "longName": "Hindustan Adhesives Limited", "currency": "INR", "quoteSourceName": "Delayed Quote", "currencySymbol": "\u20b9", "fromCurrency": null, "lastMarket": null, "marketCap": 542720000}, "balanceSheetHistory": {"balanceSheetStatements": [{"maxAge": 1, "endDate": "2020-03-31", "cash": 14300000, "netReceivables": 205204000, "inventory": 204286000, "otherCurrentAssets": 79209000, "totalCurrentAssets": 505640000, "longTermInvestments": 13267000, "propertyPlantEquipment": 724654000, "otherAssets": 16955000, "totalAssets": 1260516000, "accountsPayable": 109533000, "shortLongTermDebt": 70746000, "otherCurrentLiab": 48048000, "longTermDebt": 443750000, "otherLiab": 36449000, "totalCurrentLiabilities": 433999000, "totalLiab": 914198000, "commonStock": 51163000, "retainedEarnings": 268395000, "treasuryStock": 5500000, "capitalSurplus": 21260000, "otherStockholderEquity": 5500000, "totalStockholderEquity": 346318000, "netTangibleAssets": 346318000}, {"maxAge": 1, "endDate": "2019-03-31", "cash": 23997000, "netReceivables": 239301000, "inventory": 220628000, "otherCurrentAssets": 38916000, "totalCurrentAssets": 524664000, "longTermInvestments": 13810000, "propertyPlantEquipment": 561433000, "otherAssets": 10815000, "totalAssets": 1110722000, "accountsPayable": 197596000, "shortLongTermDebt": 42691000, "otherCurrentLiab": 28588000, "longTermDebt": 289671000, "otherLiab": 43949000, "totalCurrentLiabilities": 483982000, "totalLiab": 817602000, "commonStock": 51163000, "retainedEarnings": 215197000, "treasuryStock": 5500000, "capitalSurplus": 21260000, "otherStockholderEquity": 5500000, "totalStockholderEquity": 293120000, "netTangibleAssets": 293120000}, {"maxAge": 1, "endDate": "2018-03-31", "cash": 15300000, "netReceivables": 154600000, "inventory": 191400000, "otherCurrentAssets": 50300000, "totalCurrentAssets": 413300000, "longTermInvestments": 15200000, "propertyPlantEquipment": 521000000, "otherAssets": 10400000, "totalAssets": 959900000, "accountsPayable": 139300000, "shortLongTermDebt": 36000000, "otherCurrentLiab": 17300000, "longTermDebt": 300300000, "otherLiab": 26400000, "totalCurrentLiabilities": 365600000, "totalLiab": 692300000, "commonStock": 51200000, "retainedEarnings": 189600000, "treasuryStock": 5500000, "capitalSurplus": 21300000, "otherStockholderEquity": 5500000, "totalStockholderEquity": 267600000, "netTangibleAssets": 267600000}, {"maxAge": 1, "endDate": "2017-03-31", "cash": 10355261, "netReceivables": 143090461, "inventory": 123079675, "otherCurrentAssets": 15896714, "totalCurrentAssets": 292422111, "longTermInvestments": 16750000, "propertyPlantEquipment": 242794799, "otherAssets": 31226743, "totalAssets": 583193653, "accountsPayable": 68639851, "shortLongTermDebt": 25371038, "otherCurrentLiab": 14232670, "longTermDebt": 34517339, "otherLiab": 24506081, "minorityInterest": 2024117, "totalCurrentLiabilities": 282180682, "totalLiab": 341204102, "commonStock": 51163000, "retainedEarnings": 161855507, "treasuryStock": 5687427, "capitalSurplus": 21259500, "otherStockholderEquity": 5687427, "totalStockholderEquity": 239965434, "netTangibleAssets": 239965434}], "maxAge": 86400}, "earningsTrend": {"trend": [{"maxAge": 1, "period": "0q", "endDate": null, "growth": {}, "earningsEstimate": {"avg": 0.0, "low": 0.0, "high": 0.0, "yearAgoEps": {}, "numberOfAnalysts": 0, "growth": {}}, "revenueEstimate": {"avg": 0, "low": 0, "high": 0, "numberOfAnalysts": 0, "yearAgoRevenue": {}, "growth": {}}, "epsTrend": {"current": 0.0, "7daysAgo": 0.0, "30daysAgo": 0.0, "60daysAgo": 0.0, "90daysAgo": 0.0}, "epsRevisions": {"upLast7days": 0, "upLast30days": 0, "downLast30days": 0, "downLast90days": {}}}, {"maxAge": 1, "period": "+1q", "endDate": null, "growth": {}, "earningsEstimate": {"avg": 0.0, "low": 0.0, "high": 0.0, "yearAgoEps": {}, "numberOfAnalysts": 0, "growth": {}}, "revenueEstimate": {"avg": 0, "low": 0, "high": 0, "numberOfAnalysts": 0, "yearAgoRevenue": {}, "growth": {}}, "epsTrend": {"current": 0.0, "7daysAgo": 0.0, "30daysAgo": 0.0, "60daysAgo": 0.0, "90daysAgo": 0.0}, "epsRevisions": {"upLast7days": 0, "upLast30days": 0, "downLast30days": 0, "downLast90days": {}}}, {"maxAge": 1, "period": "0y", "endDate": null, "growth": {}, "earningsEstimate": {"avg": 0.0, "low": 0.0, "high": 0.0, "yearAgoEps": {}, "numberOfAnalysts": 0, "growth": {}}, "revenueEstimate": {"avg": 0, "low": 0, "high": 0, "numberOfAnalysts": 0, "yearAgoRevenue": {}, "growth": {}}, "epsTrend": {"current": 0.0, "7daysAgo": 0.0, "30daysAgo": 0.0, "60daysAgo": 0.0, "90daysAgo": 0.0}, "epsRevisions": {"upLast7days": 0, "upLast30days": 0, "downLast30days": 0, "downLast90days": {}}}, {"maxAge": 1, "period": "+1y", "endDate": null, "growth": {}, "earningsEstimate": {"avg": 0.0, "low": 0.0, "high": 0.0, "yearAgoEps": {}, "numberOfAnalysts": 0, "growth": {}}, "revenueEstimate": {"avg": 0, "low": 0, "high": 0, "numberOfAnalysts": 0, "yearAgoRevenue": {}, "growth": {}}, "epsTrend": {"current": 0.0, "7daysAgo": 0.0, "30daysAgo": 0.0, "60daysAgo": 0.0, "90daysAgo": 0.0}, "epsRevisions": {"upLast7days": 0, "upLast30days": 0, "downLast30days": 0, "downLast90days": {}}}, {"maxAge": 1, "period": "+5y", "endDate": null, "growth": {}, "earningsEstimate": {"avg": {}, "low": {}, "high": {}, "yearAgoEps": {}, "numberOfAnalysts": {}, "growth": {}}, "revenueEstimate": {"avg": {}, "low": {}, "high": {}, "numberOfAnalysts": {}, "yearAgoRevenue": {}, "growth": {}}, "epsTrend": {"current": {}, "7daysAgo": {}, "30daysAgo": {}, "60daysAgo": {}, "90daysAgo": {}}, "epsRevisions": {"upLast7days": {}, "upLast30days": {}, "downLast30days": {}, "downLast90days": {}}}, {"maxAge": 1, "period": "-5y", "endDate": null, "growth": {}, "earningsEstimate": {"avg": {}, "low": {}, "high": {}, "yearAgoEps": {}, "numberOfAnalysts": {}, "growth": {}}, "revenueEstimate": {"avg": {}, "low": {}, "high": {}, "numberOfAnalysts": {}, "yearAgoRevenue": {}, "growth": {}}, "epsTrend": {"current": {}, "7daysAgo": {}, "30daysAgo": {}, "60daysAgo": {}, "90daysAgo": {}}, "epsRevisions": {"upLast7days": {}, "upLast30days": {}, "downLast30days": {}, "downLast90days": {}}}], "maxAge": 1}, "financialData": {"maxAge": 86400, "currentPrice": 106.0, "targetHighPrice": 44.0, "targetLowPrice": 44.0, "targetMeanPrice": 44.0, "targetMedianPrice": 44.0, "recommendationKey": "none", "numberOfAnalystOpinions": 1, "grossProfits": 565477000, "financialCurrency": "INR"}}}