{"HINDZINC.NS": {"assetProfile": {"address1": "Yashad Bhawan", "address2": "Yashadgarh", "city": "Udaipur", "zip": "313004", "country": "India", "phone": "91 29 4660 4000", "fax": "91 29 4242 7734", "website": "http://www.hzlindia.com", "industry": "Other Industrial Metals & Mining", "sector": "Basic Materials", "longBusinessSummary": "Hindustan Zinc Limited explores for, extracts, and processes minerals in India and internationally. The company operates through Zinc, Lead, Silver & others; and Wind Energy segments. It produces refined zinc and lead, and silver, as well as sulphuric acid. The company also operates thermal captive power plants with a total power generation capacity of 474 megawatts; wind power plants with a capacity of 273.5 megawatts; solar power plants with a capacity of 16 megawatts; and waste heat power plants with a capacity of 35.4 megawatts. Hindustan Zinc Limited was incorporated in 1966 and is based in Udaipur, India. Hindustan Zinc Limited is a subsidiary of Vedanta Limited.", "companyOfficers": [{"maxAge": 1, "name": "Mr. Rajendra  Pandwal", "title": "Compliance Officer & Company Sec.", "fiscalYear": 2020, "totalPay": 8151771, "exercisedValue": 0, "unexercisedValue": 0}, {"maxAge": 1, "name": "Mr. Arun  Misra", "age": 54, "title": "CEO & Whole Time Director", "yearBorn": 1966, "exercisedValue": 0, "unexercisedValue": 0}, {"maxAge": 1, "name": "Ms. Shweta  Arora", "title": "Head of Investor Relations", "exercisedValue": 0, "unexercisedValue": 0}, {"maxAge": 1, "name": "Mr. Vineet  Bose", "age": 43, "title": "Head of Legal", "yearBorn": 1977, "exercisedValue": 0, "unexercisedValue": 0}, {"maxAge": 1, "name": "Mr. Harsha  Shetty", "title": "Chief Marketing Officer", "exercisedValue": 0, "unexercisedValue": 0}, {"maxAge": 1, "name": "Ms. Kavita  Singh", "title": "Chief HR Officer", "exercisedValue": 0, "unexercisedValue": 0}, {"maxAge": 1, "name": "Mr. V.  Jayaraman", "title": "Head of Corp. Services", "fiscalYear": 2018, "exercisedValue": 0, "unexercisedValue": 0}, {"maxAge": 1, "name": "Mr. Sharad Kumar Gargiya", "age": 46, "title": "Chief Commercial Officer", "yearBorn": 1974, "exercisedValue": 0, "unexercisedValue": 0}, {"maxAge": 1, "name": "Mr. Rajinder Singh Ahuja", "title": "Head of HSE", "exercisedValue": 0, "unexercisedValue": 0}, {"maxAge": 1, "name": "Ms. Anupam  Nidhi", "title": "Head of CSR", "exercisedValue": 0, "unexercisedValue": 0}], "auditRisk": 3, "boardRisk": 7, "compensationRisk": 5, "shareHolderRightsRisk": 8, "overallRisk": 9, "governanceEpochDate": "2021-04-01 05:30:00", "compensationAsOfEpochDate": "2020-12-31 05:30:00", "maxAge": 86400}, "cashflowStatementHistory": {"cashflowStatements": [{"maxAge": 1, "endDate": "2021-03-31", "netIncome": 79800000000, "depreciation": 25310000000, "changeToNetincome": -5820000000, "changeToAccountReceivables": -260000000, "changeToLiabilities": 580000000, "changeToInventory": 4110000000, "changeToOperatingActivities": 1950000000, "totalCashFromOperatingActivities": 105670000000, "capitalExpenditures": -24810000000, "investments": 71930000000, "otherCashflowsFromInvestingActivities": -72010000000, "totalCashflowsFromInvestingActivities": -24350000000, "dividendsPaid": -159720000000, "netBorrowings": 65190000000, "otherCashflowsFromFinancingActivities": -2440000000, "totalCashFromFinancingActivities": -96970000000, "changeInCash": -15650000000}, {"maxAge": 1, "endDate": "2020-03-31", "netIncome": 68050000000, "depreciation": 22750000000, "changeToNetincome": -13460000000, "changeToAccountReceivables": -2050000000, "changeToLiabilities": 3130000000, "changeToInventory": -2910000000, "changeToOperatingActivities": -9340000000, "totalCashFromOperatingActivities": 66210000000, "capitalExpenditures": -36370000000, "investments": 4510000000, "otherCashflowsFromInvestingActivities": 5190000000, "totalCashflowsFromInvestingActivities": -26480000000, "dividendsPaid": -159720000000, "netBorrowings": -19280000000, "otherCashflowsFromFinancingActivities": -1700000000, "totalCashFromFinancingActivities": -20980000000, "changeInCash": 18750000000}, {"maxAge": 1, "endDate": "2019-03-31", "netIncome": 79560000000, "depreciation": 18770000000, "changeToNetincome": -17290000000, "changeToAccountReceivables": -120000000, "changeToLiabilities": 2270000000, "changeToInventory": -1650000000, "changeToOperatingActivities": 6210000000, "totalCashFromOperatingActivities": 87810000000, "capitalExpenditures": -34000000000, "investments": 19960000000, "otherCashflowsFromInvestingActivities": 2530000000, "totalCashflowsFromInvestingActivities": -10920000000, "dividendsPaid": -17690000000, "netBorrowings": 25360000000, "otherCashflowsFromFinancingActivities": -19460000000, "totalCashFromFinancingActivities": -96300000000, "changeInCash": -19410000000}, {"maxAge": 1, "endDate": "2018-03-31", "netIncome": 92760000000, "depreciation": 14770000000, "changeToNetincome": -14760000000, "changeToAccountReceivables": -480000000, "changeToLiabilities": 1240000000, "changeToInventory": 5570000000, "changeToOperatingActivities": -1160000000, "totalCashFromOperatingActivities": 98000000000, "capitalExpenditures": -27330000000, "investments": 46200000000, "otherCashflowsFromInvestingActivities": 4990000000, "totalCashflowsFromInvestingActivities": 23960000000, "dividendsPaid": -104690000000, "netBorrowings": -79000000000, "otherCashflowsFromFinancingActivities": -2430000000, "totalCashFromFinancingActivities": -186120000000, "changeInCash": -64160000000}], "maxAge": 86400}, "institutionOwnership": {"ownershipList": [], "maxAge": 1}, "majorHoldersBreakdown": {"maxAge": 1, "insidersPercentHeld": 0.94457, "institutionsPercentHeld": 0.0297, "institutionsFloatPercentHeld": 0.53574, "institutionsCount": 55}, "balanceSheetHistoryQuarterly": {"balanceSheetStatements": [{"maxAge": 1, "endDate": "2021-03-31", "cash": 93760000000, "shortTermInvestments": 130100000000, "netReceivables": 4080000000, "inventory": 14250000000, "otherCurrentAssets": 3490000000, "totalCurrentAssets": 245680000000, "longTermInvestments": 430000000, "propertyPlantEquipment": 183690000000, "intangibleAssets": 3610000000, "otherAssets": 23860000000, "deferredLongTermAssetCharges": 10580000000, "totalAssets": 457270000000, "accountsPayable": 15450000000, "shortLongTermDebt": 21610000000, "otherCurrentLiab": 41700000000, "longTermDebt": 43120000000, "otherLiab": 12180000000, "totalCurrentLiabilities": 78760000000, "totalLiab": 134140000000, "commonStock": 8450000000, "treasuryStock": 314680000000, "otherStockholderEquity": 314680000000, "totalStockholderEquity": 323130000000, "netTangibleAssets": 319520000000}, {"maxAge": 1, "endDate": "2020-12-31", "totalStockholderEquity": 366410000000, "netTangibleAssets": 363420000000}, {"maxAge": 1, "endDate": "2020-09-30", "cash": 121480000000, "shortTermInvestments": 155180000000, "netReceivables": 5080000000, "inventory": 15080000000, "otherCurrentAssets": 3160000000, "totalCurrentAssets": 299980000000, "longTermInvestments": 400000000, "propertyPlantEquipment": 185080000000, "intangibleAssets": 2990000000, "otherAssets": 29040000000, "deferredLongTermAssetCharges": 15740000000, "totalAssets": 517490000000, "accountsPayable": 14820000000, "shortLongTermDebt": 47780000000, "otherCurrentLiab": 32810000000, "longTermDebt": 43160000000, "otherLiab": 12310000000, "totalCurrentLiabilities": 95410000000, "totalLiab": 151080000000, "commonStock": 8450000000, "treasuryStock": 357960000000, "otherStockholderEquity": 357960000000, "totalStockholderEquity": 366410000000, "netTangibleAssets": 363420000000}, {"maxAge": 1, "endDate": "2020-06-30", "totalStockholderEquity": 403100000000, "netTangibleAssets": 400580000000}], "maxAge": 86400}, "indexTrend": {"maxAge": 1, "symbol": "SP5", "peRatio": 19.7411, "pegRatio": 1.34172, "estimates": [{"period": "0q", "growth": 0.549}, {"period": "+1q", "growth": 0.431}, {"period": "0y", "growth": 0.305}, {"period": "+1y", "growth": 0.109}, {"period": "+5y", "growth": 0.120865}, {"period": "-5y"}]}, "defaultKeyStatistics": {"maxAge": 1, "priceHint": 2, "enterpriseValue": 1139354107904, "profitMargins": 0.36156, "floatShares": 222994140, "sharesOutstanding": 4225319936, "heldPercentInsiders": 0.94457, "heldPercentInstitutions": 0.0297, "beta": 0.784376, "category": null, "bookValue": 76.452, "priceToBook": 3.990739, "fundFamily": null, "legalType": null, "lastFiscalYearEnd": "2021-03-31 05:30:00", "nextFiscalYearEnd": "2023-03-31 05:30:00", "mostRecentQuarter": "2021-03-31 05:30:00", "earningsQuarterlyGrowth": 0.853, "netIncomeToCommon": 79800000512, "trailingEps": 18.89, "lastSplitFactor": "2:1", "lastSplitDate": "2011-03-07 05:30:00", "enterpriseToRevenue": 5.162, "enterpriseToEbitda": 9.761}, "summaryProfile": {"address1": "Yashad Bhawan", "address2": "Yashadgarh", "city": "Udaipur", "zip": "313004", "country": "India", "phone": "91 29 4660 4000", "fax": "91 29 4242 7734", "website": "http://www.hzlindia.com", "industry": "Other Industrial Metals & Mining", "sector": "Basic Materials", "longBusinessSummary": "Hindustan Zinc Limited explores for, extracts, and processes minerals in India and internationally. The company operates through Zinc, Lead, Silver & others; and Wind Energy segments. It produces refined zinc and lead, and silver, as well as sulphuric acid. The company also operates thermal captive power plants with a total power generation capacity of 474 megawatts; wind power plants with a capacity of 273.5 megawatts; solar power plants with a capacity of 16 megawatts; and waste heat power plants with a capacity of 35.4 megawatts. Hindustan Zinc Limited was incorporated in 1966 and is based in Udaipur, India. Hindustan Zinc Limited is a subsidiary of Vedanta Limited.", "companyOfficers": [], "maxAge": 86400}, "netSharePurchaseActivity": {"maxAge": 1, "period": "6m", "buyInfoCount": 0, "buyInfoShares": 0, "sellInfoCount": 0, "netInfoCount": 0, "netInfoShares": 0, "netPercentInsiderShares": 0.0, "totalInsiderShares": 3992296704}, "insiderTransactions": {"transactions": [{"maxAge": 1, "shares": 2743154310, "filerUrl": "", "transactionText": "", "filerName": "Sterlite Opportunities & Venture Ltd", "filerRelation": "Promoter", "moneyText": "", "startDate": "2012-04-19", "ownership": "D"}], "maxAge": 1}, "quoteType": {"exchange": "NSI", "quoteType": "EQUITY", "symbol": "HINDZINC.NS", "underlyingSymbol": "HINDZINC.NS", "shortName": "HINDUSTAN ZINC", "longName": "Hindustan Zinc Limited", "firstTradeDateEpochUtc": "2002-08-12 09:15:00", "timeZoneFullName": "Asia/Kolkata", "timeZoneShortName": "IST", "uuid": "c82bf45b-eadc-3cba-937e-3cc9b035fc11", "gmtOffSetMilliseconds": 19800000, "maxAge": 1}, "incomeStatementHistory": {"incomeStatementHistory": [{"maxAge": 1, "endDate": "2021-03-31", "totalRevenue": 220710000000, "costOfRevenue": 47300000000, "grossProfit": 173410000000, "researchDevelopment": {}, "sellingGeneralAdministrative": 7600000000, "nonRecurring": {}, "otherOperatingExpenses": 49090000000, "totalOperatingExpenses": 129300000000, "operatingIncome": 91410000000, "totalOtherIncomeExpenseNet": 14330000000, "ebit": 91410000000, "interestExpense": -3860000000, "incomeBeforeTax": 105740000000, "incomeTaxExpense": 25940000000, "minorityInterest": {}, "netIncomeFromContinuingOps": 79800000000, "discontinuedOperations": {}, "extraordinaryItems": {}, "effectOfAccountingCharges": {}, "otherItems": {}, "netIncome": 79800000000, "netIncomeApplicableToCommonShares": 79800000000}, {"maxAge": 1, "endDate": "2020-03-31", "totalRevenue": 183910000000, "costOfRevenue": 53180000000, "grossProfit": 130730000000, "researchDevelopment": {}, "sellingGeneralAdministrative": 6890000000, "nonRecurring": {}, "otherOperatingExpenses": 34870000000, "totalOperatingExpenses": 117730000000, "operatingIncome": 66180000000, "totalOtherIncomeExpenseNet": 17720000000, "ebit": 66180000000, "interestExpense": -780000000, "incomeBeforeTax": 83900000000, "incomeTaxExpense": 15850000000, "minorityInterest": {}, "netIncomeFromContinuingOps": 68050000000, "discontinuedOperations": {}, "extraordinaryItems": {}, "effectOfAccountingCharges": {}, "otherItems": {}, "netIncome": 68050000000, "netIncomeApplicableToCommonShares": 68050000000}, {"maxAge": 1, "endDate": "2019-03-31", "totalRevenue": 209030000000, "costOfRevenue": 57350000000, "grossProfit": 151680000000, "researchDevelopment": {}, "sellingGeneralAdministrative": 9050000000, "nonRecurring": {}, "otherOperatingExpenses": 35260000000, "totalOperatingExpenses": 120490000000, "operatingIncome": 88540000000, "totalOtherIncomeExpenseNet": 16020000000, "ebit": 88540000000, "interestExpense": -800000000, "incomeBeforeTax": 104560000000, "incomeTaxExpense": 25000000000, "minorityInterest": {}, "netIncomeFromContinuingOps": 79560000000, "discontinuedOperations": {}, "extraordinaryItems": {}, "effectOfAccountingCharges": {}, "otherItems": {}, "netIncome": 79560000000, "netIncomeApplicableToCommonShares": 79560000000}, {"maxAge": 1, "endDate": "2018-03-31", "totalRevenue": 218730000000, "costOfRevenue": 59000000000, "grossProfit": 159730000000, "researchDevelopment": {}, "sellingGeneralAdministrative": 7760000000, "nonRecurring": {}, "otherOperatingExpenses": 29340000000, "totalOperatingExpenses": 110930000000, "operatingIncome": 107800000000, "totalOtherIncomeExpenseNet": 17170000000, "ebit": 107800000000, "interestExpense": -2310000000, "incomeBeforeTax": 124970000000, "incomeTaxExpense": 32210000000, "minorityInterest": {}, "netIncomeFromContinuingOps": 92760000000, "discontinuedOperations": {}, "extraordinaryItems": {}, "effectOfAccountingCharges": {}, "otherItems": {}, "netIncome": 92760000000, "netIncomeApplicableToCommonShares": 92760000000}], "maxAge": 86400}, "fundOwnership": {"ownershipList": [{"maxAge": 1, "reportDate": "2020-12-31", "organization": "Janus Henderson Overseas Fund", "pctHeld": 0.0019, "position": 8149485, "value": 1948134389}, {"maxAge": 1, "reportDate": "2020-12-31", "organization": "Janus Aspen Ser-Janus Henderson Overseas Portfolio", "pctHeld": 0.00090000004, "position": 3692019, "value": 882577141}, {"maxAge": 1, "reportDate": "2021-01-31", "organization": "Vanguard International Stock Index-Emerging Markets Stk", "pctHeld": 0.0008, "position": 3236547, "value": 889241288}, {"maxAge": 1, "reportDate": "2021-01-31", "organization": "Vanguard International Stock Index-Total Intl Stock Indx", "pctHeld": 0.0007, "position": 3107832, "value": 853876842}, {"maxAge": 1, "reportDate": "2021-02-28", "organization": "WisdomTree Tr-Wisdom Tree Emerging Markets High Dividend  Fd", "pctHeld": 0.0002, "position": 742229, "value": 220813127}, {"maxAge": 1, "reportDate": "2021-01-31", "organization": "Vanguard Intl Equity Index Fds-FTSE All World ex U.S. Index Fund", "pctHeld": 0.0001, "position": 443505, "value": 121852998}, {"maxAge": 1, "reportDate": "2021-02-28", "organization": "WisdomTree Tr-WisdomTree India Earnings Fd", "pctHeld": 0.0001, "position": 376667, "value": 112058432}, {"maxAge": 1, "reportDate": "2021-02-28", "organization": "Schwab Strategic Tr-Schwab Emerging Markets Equity ETF", "pctHeld": 0.0001, "position": 292851, "value": 87123172}, {"maxAge": 1, "reportDate": "2021-01-31", "organization": "Goldman Sachs Emerging Markets Equity Insights Fund", "pctHeld": 0.0001, "position": 268369, "value": 73734382}, {"maxAge": 1, "reportDate": "2021-03-31", "organization": "SPDR (R) Idx Shares-SPDR (R) S&P (R) Emerging Asia Pacific ETF", "pctHeld": 0.0001, "position": 220433, "value": 60156165}], "maxAge": 1}, "summaryDetail": {"maxAge": 1, "priceHint": 2, "previousClose": 307.2, "open": 305.5, "dayLow": 302.05, "dayHigh": 312.55, "regularMarketPreviousClose": 307.2, "regularMarketOpen": 305.5, "regularMarketDayLow": 302.05, "regularMarketDayHigh": 312.55, "dividendRate": 42.6, "dividendYield": 0.1387, "exDividendDate": "2020-10-27 05:30:00", "payoutRatio": 2.3362, "beta": 0.784376, "trailingPE": 16.151403, "volume": 1723055, "regularMarketVolume": 1723055, "averageVolume": 1941725, "averageVolume10days": 2011501, "averageDailyVolume10Day": 2011501, "bid": 0.0, "ask": 0.0, "bidSize": 0, "askSize": 0, "marketCap": 1288724152320, "fiftyTwoWeekLow": 159.65, "fiftyTwoWeekHigh": 334.4, "priceToSalesTrailing12Months": 5.838993, "fiftyDayAverage": 295.18384, "twoHundredDayAverage": 253.9805, "trailingAnnualDividendRate": 21.3, "trailingAnnualDividendYield": 0.06933593, "currency": "INR", "fromCurrency": null, "lastMarket": null, "algorithm": null, "tradeable": false}, "incomeStatementHistoryQuarterly": {"incomeStatementHistory": [{"maxAge": 1, "endDate": "2021-03-31", "totalRevenue": 67250000000, "costOfRevenue": 12670000000, "grossProfit": 54580000000, "researchDevelopment": {}, "sellingGeneralAdministrative": 1700000000, "nonRecurring": {}, "otherOperatingExpenses": 14130000000, "totalOperatingExpenses": 35460000000, "operatingIncome": 31790000000, "totalOtherIncomeExpenseNet": 1640000000, "ebit": 31790000000, "interestExpense": -1310000000, "incomeBeforeTax": 33430000000, "incomeTaxExpense": 8620000000, "minorityInterest": {}, "netIncomeFromContinuingOps": 24810000000, "discontinuedOperations": {}, "extraordinaryItems": {}, "effectOfAccountingCharges": {}, "otherItems": {}, "netIncome": 24810000000, "netIncomeApplicableToCommonShares": 24810000000}, {"maxAge": 1, "endDate": "2020-12-31", "totalRevenue": 59150000000, "costOfRevenue": 11950000000, "grossProfit": 47200000000, "researchDevelopment": {}, "sellingGeneralAdministrative": 1890000000, "nonRecurring": {}, "otherOperatingExpenses": 12620000000, "totalOperatingExpenses": 32850000000, "operatingIncome": 26300000000, "totalOtherIncomeExpenseNet": 3150000000, "ebit": 26300000000, "interestExpense": -1350000000, "incomeBeforeTax": 29450000000, "incomeTaxExpense": 7450000000, "minorityInterest": {}, "netIncomeFromContinuingOps": 22000000000, "discontinuedOperations": {}, "extraordinaryItems": {}, "effectOfAccountingCharges": {}, "otherItems": {}, "netIncome": 22000000000, "netIncomeApplicableToCommonShares": 22000000000}, {"maxAge": 1, "endDate": "2020-09-30", "totalRevenue": 55330000000, "costOfRevenue": 12500000000, "grossProfit": 42830000000, "researchDevelopment": {}, "sellingGeneralAdministrative": 1660000000, "nonRecurring": {}, "otherOperatingExpenses": 11650000000, "totalOperatingExpenses": 32330000000, "operatingIncome": 23000000000, "totalOtherIncomeExpenseNet": 3220000000, "ebit": 23000000000, "interestExpense": -680000000, "incomeBeforeTax": 26220000000, "incomeTaxExpense": 6820000000, "minorityInterest": {}, "netIncomeFromContinuingOps": 19400000000, "discontinuedOperations": {}, "extraordinaryItems": {}, "effectOfAccountingCharges": {}, "otherItems": {}, "netIncome": 19400000000, "netIncomeApplicableToCommonShares": 19400000000}, {"maxAge": 1, "endDate": "2020-06-30", "totalRevenue": 38980000000, "costOfRevenue": 10180000000, "grossProfit": 28800000000, "researchDevelopment": {}, "sellingGeneralAdministrative": 2350000000, "nonRecurring": {}, "otherOperatingExpenses": 10690000000, "totalOperatingExpenses": 28660000000, "operatingIncome": 10320000000, "totalOtherIncomeExpenseNet": 6320000000, "ebit": 10320000000, "interestExpense": -520000000, "incomeBeforeTax": 16640000000, "incomeTaxExpense": 3050000000, "minorityInterest": {}, "netIncomeFromContinuingOps": 13590000000, "discontinuedOperations": {}, "extraordinaryItems": {}, "effectOfAccountingCharges": {}, "otherItems": {}, "netIncome": 13590000000, "netIncomeApplicableToCommonShares": 13590000000}], "maxAge": 86400}, "cashflowStatementHistoryQuarterly": {"cashflowStatements": [{"maxAge": 1, "endDate": "2021-03-31", "netIncome": 24810000000, "changeToLiabilities": 0}, {"maxAge": 1, "endDate": "2020-12-31", "netIncome": 22000000000, "changeToLiabilities": 0}, {"maxAge": 1, "endDate": "2020-09-30", "netIncome": 19400000000, "changeToLiabilities": 0}, {"maxAge": 1, "endDate": "2020-06-30", "netIncome": 13590000000, "changeToLiabilities": 0}], "maxAge": 86400}, "insiderHolders": {"holders": [{"maxAge": 1, "name": "Sterlite Opportunities & Venture Ltd", "relation": "Promoter", "url": "", "transactionDescription": "Sale", "latestTransDate": "2012-04-19", "positionDirect": 0, "positionDirectDate": "2012-04-19"}], "maxAge": 1}, "calendarEvents": {"maxAge": 1, "earnings": {"earningsDate": []}, "exDividendDate": "2020-10-27 05:30:00"}, "upgradeDowngradeHistory": {"history": [], "maxAge": 86400}, "price": {"maxAge": 1, "regularMarketChangePercent": -0.006835957, "regularMarketChange": -2.100006, "regularMarketTime": "2021-04-30 15:30:00", "priceHint": 2, "regularMarketPrice": 305.1, "regularMarketDayHigh": 312.55, "regularMarketDayLow": 302.05, "regularMarketVolume": 1723055, "averageDailyVolume10Day": 2011501, "averageDailyVolume3Month": 1941725, "regularMarketPreviousClose": 307.2, "regularMarketSource": "FREE_REALTIME", "regularMarketOpen": 305.5, "exchange": "NSI", "exchangeName": "NSE", "exchangeDataDelayedBy": 15, "marketState": "CLOSED", "quoteType": "EQUITY", "symbol": "HINDZINC.NS", "underlyingSymbol": null, "shortName": "HINDUSTAN ZINC", "longName": "Hindustan Zinc Limited", "currency": "INR", "quoteSourceName": "Delayed Quote", "currencySymbol": "\u20b9", "fromCurrency": null, "lastMarket": null, "marketCap": 1288724152320}, "balanceSheetHistory": {"balanceSheetStatements": [{"maxAge": 1, "endDate": "2021-03-31", "cash": 93760000000, "shortTermInvestments": 130100000000, "netReceivables": 4080000000, "inventory": 14250000000, "otherCurrentAssets": 3490000000, "totalCurrentAssets": 245680000000, "longTermInvestments": 430000000, "propertyPlantEquipment": 183690000000, "intangibleAssets": 3610000000, "otherAssets": 23860000000, "deferredLongTermAssetCharges": 10580000000, "totalAssets": 457270000000, "accountsPayable": 15450000000, "shortLongTermDebt": 21610000000, "otherCurrentLiab": 41700000000, "longTermDebt": 43120000000, "otherLiab": 12180000000, "totalCurrentLiabilities": 78760000000, "totalLiab": 134140000000, "commonStock": 8450000000, "treasuryStock": 314680000000, "otherStockholderEquity": 314680000000, "totalStockholderEquity": 323130000000, "netTangibleAssets": 319520000000}, {"maxAge": 1, "endDate": "2020-03-31", "cash": 18780000000, "shortTermInvestments": 200000000, "netReceivables": 4250000000, "inventory": 19200000000, "otherCurrentAssets": 2210000000, "totalCurrentAssets": 248130000000, "longTermInvestments": 40000000, "propertyPlantEquipment": 187060000000, "intangibleAssets": 2520000000, "otherAssets": 32000000000, "deferredLongTermAssetCharges": 18220000000, "totalAssets": 469750000000, "accountsPayable": 14950000000, "otherCurrentLiab": 28450000000, "otherLiab": 12300000000, "totalCurrentLiabilities": 54130000000, "totalLiab": 66650000000, "commonStock": 8450000000, "retainedEarnings": 394640000000, "treasuryStock": 10000000, "otherStockholderEquity": 10000000, "totalStockholderEquity": 403100000000, "netTangibleAssets": 400580000000}, {"maxAge": 1, "endDate": "2019-03-31", "cash": 20000000, "netReceivables": 2230000000, "inventory": 16080000000, "otherCurrentAssets": 2330000000, "totalCurrentAssets": 215720000000, "propertyPlantEquipment": 169220000000, "intangibleAssets": 1100000000, "otherAssets": 38540000000, "deferredLongTermAssetCharges": 19250000000, "totalAssets": 424580000000, "accountsPayable": 11880000000, "otherCurrentLiab": 33990000000, "otherLiab": 11090000000, "totalCurrentLiabilities": 77440000000, "totalLiab": 88530000000, "commonStock": 8450000000, "retainedEarnings": 327590000000, "treasuryStock": 10000000, "otherStockholderEquity": 10000000, "totalStockholderEquity": 336050000000, "netTangibleAssets": 334950000000}, {"maxAge": 1, "endDate": "2018-03-31", "cash": 1730000000, "netReceivables": 2640000000, "inventory": 16300000000, "otherCurrentAssets": 18340000000, "totalCurrentAssets": 241430000000, "propertyPlantEquipment": 144010000000, "intangibleAssets": 1210000000, "otherAssets": 42670000000, "deferredLongTermAssetCharges": 22080000000, "totalAssets": 429320000000, "accountsPayable": 9740000000, "otherCurrentLiab": 44300000000, "otherLiab": 9950000000, "totalCurrentLiabilities": 60050000000, "totalLiab": 70000000000, "commonStock": 8450000000, "retainedEarnings": 350150000000, "treasuryStock": 720000000, "otherStockholderEquity": 720000000, "totalStockholderEquity": 359320000000, "netTangibleAssets": 358110000000}], "maxAge": 86400}, "financialData": {"maxAge": 86400, "currentPrice": 305.1, "recommendationKey": "none", "totalCash": 223859998720, "totalCashPerShare": 52.965, "ebitda": 116720001024, "totalDebt": 64810000384, "quickRatio": 2.894, "currentRatio": 3.119, "totalRevenue": 220709994496, "debtToEquity": 20.057, "revenuePerShare": 52.246, "returnOnAssets": 0.12326, "returnOnEquity": 0.21977, "grossProfits": 173410000000, "freeCashflow": 68448751616, "operatingCashflow": 105670000640, "earningsGrowth": 0.852, "revenueGrowth": 0.535, "grossMargins": 0.78569, "ebitdaMargins": 0.52884, "operatingMargins": 0.41416, "profitMargins": 0.36156, "financialCurrency": "INR"}}}