{"HINDALUMI.BO": {"recommendationTrend": {"trend": [{"period": "0m", "strongBuy": 0, "buy": 0, "hold": 0, "sell": 0, "strongSell": 0}, {"period": "-1m", "strongBuy": 0, "buy": 0, "hold": 0, "sell": 0, "strongSell": 0}, {"period": "-2m", "strongBuy": 0, "buy": 0, "hold": 0, "sell": 0, "strongSell": 0}, {"period": "-3m", "strongBuy": 0, "buy": 0, "hold": 0, "sell": 0, "strongSell": 0}], "maxAge": 86400}, "cashflowStatementHistory": {"cashflowStatements": [{"maxAge": 1, "endDate": "2020-03-31", "netIncome": -85440343, "depreciation": 34633975, "changeToNetincome": 37018541, "changeToAccountReceivables": 111317464, "changeToLiabilities": -194833544, "changeToInventory": 232681057, "changeToOperatingActivities": 49809922, "totalCashFromOperatingActivities": 185592254, "capitalExpenditures": -4906211, "investments": -13125765, "otherCashflowsFromInvestingActivities": -101124329, "totalCashflowsFromInvestingActivities": -118389981, "dividendsPaid": -3150100, "netBorrowings": 149433918, "otherCashflowsFromFinancingActivities": -109063036, "totalCashFromFinancingActivities": 37220782, "changeInCash": 104423055}, {"maxAge": 1, "endDate": "2019-03-31", "netIncome": 37802046, "depreciation": 37703687, "changeToNetincome": 29138650, "changeToAccountReceivables": 857629846, "changeToLiabilities": -168239545, "changeToInventory": -122318009, "changeToOperatingActivities": -40915476, "totalCashFromOperatingActivities": 631335894, "capitalExpenditures": -4871242, "investments": -11368261, "otherCashflowsFromInvestingActivities": -5877509, "totalCashflowsFromInvestingActivities": -21117922, "dividendsPaid": -10080320, "netBorrowings": -477925769, "otherCashflowsFromFinancingActivities": -139700994, "totalCashFromFinancingActivities": -627707083, "changeInCash": -17489111}, {"maxAge": 1, "endDate": "2018-03-31", "netIncome": 86026002, "depreciation": 37298603, "changeToNetincome": 167594731, "changeToAccountReceivables": -766082081, "changeToLiabilities": 116519613, "changeToInventory": 10008543, "changeToOperatingActivities": -40071260, "totalCashFromOperatingActivities": -388101156, "capitalExpenditures": -75626232, "investments": 10788995, "otherCashflowsFromInvestingActivities": 93480, "totalCashflowsFromInvestingActivities": 119342647, "dividendsPaid": -10080320, "netBorrowings": 447368011, "otherCashflowsFromFinancingActivities": -155838437, "totalCashFromFinancingActivities": 281449254, "changeInCash": 12690744}, {"maxAge": 1, "endDate": "2017-03-31", "netIncome": 53059741, "depreciation": 29744676, "changeToNetincome": 40361444, "changeToAccountReceivables": 425802381, "changeToLiabilities": -260757351, "changeToInventory": -80453210, "changeToOperatingActivities": -36134570, "totalCashFromOperatingActivities": 171993369, "capitalExpenditures": -28538199, "investments": 2167979, "otherCashflowsFromInvestingActivities": 63333, "totalCashflowsFromInvestingActivities": -216108645, "dividendsPaid": -10080320, "netBorrowings": 47218359, "otherCashflowsFromFinancingActivities": -56262634, "totalCashFromFinancingActivities": -7497929, "changeInCash": -51613205, "issuanceOfStock": 11626666}], "maxAge": 86400}, "institutionOwnership": {"maxAge": 1, "ownershipList": []}, "balanceSheetHistoryQuarterly": {"balanceSheetStatements": [{"maxAge": 1, "endDate": "2020-06-30", "totalStockholderEquity": 711162760, "netTangibleAssets": 710993356}, {"maxAge": 1, "endDate": "2020-03-31", "cash": 114104243, "netReceivables": 694510954, "inventory": 356366988, "otherCurrentAssets": 115789308, "totalCurrentAssets": 1300991776, "longTermInvestments": 147160462, "propertyPlantEquipment": 237238417, "intangibleAssets": 169404, "otherAssets": 207863976, "totalAssets": 1893424035, "accountsPayable": 58883896, "otherCurrentLiab": 26541246, "longTermDebt": 54965602, "otherLiab": 7702571, "minorityInterest": -20741923, "totalCurrentLiabilities": 1140335025, "totalLiab": 1203003198, "commonStock": 63002000, "retainedEarnings": 655416967, "treasuryStock": -7256207, "otherStockholderEquity": -7256207, "totalStockholderEquity": 711162760, "netTangibleAssets": 710993356}, {"maxAge": 1, "endDate": "2019-12-31", "totalStockholderEquity": 780300000, "netTangibleAssets": 780000000}, {"maxAge": 1, "endDate": "2019-09-30", "cash": 68400000, "netReceivables": 1268700000, "inventory": 435400000, "otherCurrentAssets": 78000000, "totalCurrentAssets": 1850500000, "longTermInvestments": 175200000, "propertyPlantEquipment": 256800000, "intangibleAssets": 300000, "otherAssets": 64600000, "totalAssets": 2347400000, "accountsPayable": 356100000, "otherCurrentLiab": 139400000, "longTermDebt": 72800000, "otherLiab": 34500000, "minorityInterest": -8200000, "totalCurrentLiabilities": 1468000000, "totalLiab": 1575300000, "commonStock": 63000000, "treasuryStock": 717300000, "otherStockholderEquity": 717300000, "totalStockholderEquity": 780300000, "netTangibleAssets": 780000000}], "maxAge": 86400}, "earningsHistory": {"history": [{"maxAge": 1, "epsActual": {}, "epsEstimate": {}, "epsDifference": {}, "surprisePercent": {}, "quarter": {}, "period": "-4q"}, {"maxAge": 1, "epsActual": {}, "epsEstimate": {}, "epsDifference": {}, "surprisePercent": {}, "quarter": {}, "period": "-3q"}, {"maxAge": 1, "epsActual": {}, "epsEstimate": {}, "epsDifference": {}, "surprisePercent": {}, "quarter": {}, "period": "-2q"}, {"maxAge": 1, "epsActual": {}, "epsEstimate": {}, "epsDifference": {}, "surprisePercent": {}, "quarter": {}, "period": "-1q"}], "maxAge": 86400}, "indexTrend": {"maxAge": 1, "symbol": "SP5", "peRatio": 19.7411, "pegRatio": 1.34172, "estimates": [{"period": "0q", "growth": 0.549}, {"period": "+1q", "growth": 0.431}, {"period": "0y", "growth": 0.305}, {"period": "+1y", "growth": 0.109}, {"period": "+5y", "growth": 0.120859005}, {"period": "-5y"}]}, "industryTrend": {"maxAge": 1, "symbol": null, "estimates": []}, "quoteType": {"exchange": "BSE", "quoteType": "EQUITY", "symbol": "HINDALUMI.BO", "underlyingSymbol": "HINDALUMI.BO", "shortName": "HIND ALUMINIUM INDUSTRIES LTD.", "longName": "Hind Aluminium Industries Limited", "firstTradeDateEpochUtc": "2000-06-21 09:15:00", "timeZoneFullName": "Asia/Kolkata", "timeZoneShortName": "IST", "uuid": "6264afab-1d33-314b-b6ac-1d3e00bd9e12", "messageBoardId": null, "gmtOffSetMilliseconds": 19800000, "maxAge": 1}, "incomeStatementHistory": {"incomeStatementHistory": [{"maxAge": 1, "endDate": "2020-03-31", "totalRevenue": 3981203059, "costOfRevenue": 3680485359, "grossProfit": 300717700, "researchDevelopment": {}, "sellingGeneralAdministrative": 88627249, "nonRecurring": {}, "otherOperatingExpenses": 246537939, "totalOperatingExpenses": 4050689704, "operatingIncome": -69486645, "totalOtherIncomeExpenseNet": -71791926, "ebit": -69486645, "interestExpense": -92581174, "incomeBeforeTax": -141278571, "incomeTaxExpense": -35280799, "minorityInterest": -20741923, "netIncomeFromContinuingOps": -105997772, "discontinuedOperations": {}, "extraordinaryItems": {}, "effectOfAccountingCharges": {}, "otherItems": {}, "netIncome": -85440343, "netIncomeApplicableToCommonShares": -85440343}, {"maxAge": 1, "endDate": "2019-03-31", "totalRevenue": 5553989609, "costOfRevenue": 4956809572, "grossProfit": 597180037, "researchDevelopment": {}, "sellingGeneralAdministrative": 131222870, "nonRecurring": {}, "otherOperatingExpenses": 327150319, "totalOperatingExpenses": 5453421143, "operatingIncome": 100568466, "totalOtherIncomeExpenseNet": -69885975, "ebit": 100568466, "interestExpense": -116965268, "incomeBeforeTax": 30682491, "incomeTaxExpense": 6878363, "minorityInterest": -743176, "netIncomeFromContinuingOps": 23804128, "discontinuedOperations": {}, "extraordinaryItems": {}, "effectOfAccountingCharges": {}, "otherItems": {}, "netIncome": 37802046, "netIncomeApplicableToCommonShares": 37802046}, {"maxAge": 1, "endDate": "2018-03-31", "totalRevenue": 7055578906, "costOfRevenue": 6340935182, "grossProfit": 714643724, "researchDevelopment": {}, "sellingGeneralAdministrative": 117118890, "nonRecurring": {}, "otherOperatingExpenses": 324223142, "totalOperatingExpenses": 6820180510, "operatingIncome": 235398396, "totalOtherIncomeExpenseNet": -104709205, "ebit": 235398396, "interestExpense": -121916001, "incomeBeforeTax": 130689191, "incomeTaxExpense": 43052149, "minorityInterest": 12817554, "netIncomeFromContinuingOps": 87637042, "discontinuedOperations": {}, "extraordinaryItems": {}, "effectOfAccountingCharges": {}, "otherItems": {}, "netIncome": 86026002, "netIncomeApplicableToCommonShares": 86026002}, {"maxAge": 1, "endDate": "2017-03-31", "totalRevenue": 4981737520, "costOfRevenue": 4486424529, "grossProfit": 495312991, "researchDevelopment": {}, "sellingGeneralAdministrative": 64326400, "nonRecurring": {}, "otherOperatingExpenses": 251323840, "totalOperatingExpenses": 4832189703, "operatingIncome": 149547817, "totalOtherIncomeExpenseNet": -75559481, "ebit": 149547817, "interestExpense": -65197145, "incomeBeforeTax": 73988336, "incomeTaxExpense": 20928595, "minorityInterest": 11234411, "netIncomeFromContinuingOps": 53059741, "discontinuedOperations": {}, "extraordinaryItems": {}, "effectOfAccountingCharges": {}, "otherItems": {}, "netIncome": 53059741, "netIncomeApplicableToCommonShares": 53059741}], "maxAge": 86400}, "fundOwnership": {"maxAge": 1, "ownershipList": []}, "summaryDetail": {"maxAge": 1, "priceHint": 2, "previousClose": 34.5, "open": 35.4, "dayLow": 35.4, "dayHigh": 40.9, "regularMarketPreviousClose": 34.5, "regularMarketOpen": 35.4, "regularMarketDayLow": 35.4, "regularMarketDayHigh": 40.9, "volume": 64703, "regularMarketVolume": 64703, "averageVolume": 6193, "averageVolume10days": 18922, "averageDailyVolume10Day": 18922, "bid": 0.0, "ask": 38.3, "bidSize": 0, "askSize": 0, "marketCap": 241297648, "fiftyTwoWeekLow": 27.0, "fiftyTwoWeekHigh": 46.0, "fiftyDayAverage": 39.735714, "twoHundredDayAverage": 39.532116, "trailingAnnualDividendRate": 0.5, "trailingAnnualDividendYield": 0.014492754, "currency": "INR", "fromCurrency": null, "toCurrency": null, "lastMarket": null, "algorithm": null, "tradeable": false}, "sectorTrend": {"maxAge": 1, "symbol": null, "estimates": []}, "incomeStatementHistoryQuarterly": {"incomeStatementHistory": [{"maxAge": 1, "endDate": "2020-06-30", "totalRevenue": 206700000, "costOfRevenue": 180500000, "grossProfit": 26200000, "researchDevelopment": {}, "sellingGeneralAdministrative": 16300000, "nonRecurring": {}, "otherOperatingExpenses": 22500000, "totalOperatingExpenses": 226900000, "operatingIncome": -20200000, "totalOtherIncomeExpenseNet": -18900000, "ebit": -20200000, "interestExpense": -25000000, "incomeBeforeTax": -39100000, "incomeTaxExpense": -11400000, "minorityInterest": {}, "netIncomeFromContinuingOps": -27700000, "discontinuedOperations": {}, "extraordinaryItems": {}, "effectOfAccountingCharges": {}, "otherItems": {}, "netIncome": -28600000, "netIncomeApplicableToCommonShares": -28600000}, {"maxAge": 1, "endDate": "2020-03-31", "totalRevenue": 634603059, "costOfRevenue": 615385359, "grossProfit": 19217700, "researchDevelopment": {}, "sellingGeneralAdministrative": 21127249, "nonRecurring": {}, "otherOperatingExpenses": 40737939, "totalOperatingExpenses": 683889704, "operatingIncome": -49286645, "totalOtherIncomeExpenseNet": -18591926, "ebit": -49286645, "interestExpense": -14281174, "incomeBeforeTax": -67878571, "incomeTaxExpense": -23080799, "minorityInterest": -20741923, "netIncomeFromContinuingOps": -44797772, "discontinuedOperations": {}, "extraordinaryItems": {}, "effectOfAccountingCharges": {}, "otherItems": {}, "netIncome": -39040343, "netIncomeApplicableToCommonShares": -39040343}, {"maxAge": 1, "endDate": "2019-12-31", "totalRevenue": 889600000, "costOfRevenue": 802800000, "grossProfit": 86800000, "researchDevelopment": {}, "sellingGeneralAdministrative": 20200000, "nonRecurring": {}, "otherOperatingExpenses": 68900000, "totalOperatingExpenses": 901600000, "operatingIncome": -12000000, "totalOtherIncomeExpenseNet": -10200000, "ebit": -12000000, "interestExpense": -23200000, "incomeBeforeTax": -22200000, "incomeTaxExpense": -4700000, "minorityInterest": -20741923, "netIncomeFromContinuingOps": -17500000, "discontinuedOperations": {}, "extraordinaryItems": {}, "effectOfAccountingCharges": {}, "otherItems": {}, "netIncome": -11600000, "netIncomeApplicableToCommonShares": -11600000}, {"maxAge": 1, "endDate": "2019-09-30", "totalRevenue": 1098700000, "costOfRevenue": 1020600000, "grossProfit": 78100000, "researchDevelopment": {}, "sellingGeneralAdministrative": 21700000, "nonRecurring": {}, "otherOperatingExpenses": 61900000, "totalOperatingExpenses": 1113600000, "operatingIncome": -14900000, "totalOtherIncomeExpenseNet": -20400000, "ebit": -14900000, "interestExpense": -25300000, "incomeBeforeTax": -35300000, "incomeTaxExpense": -3000000, "minorityInterest": -8200000, "netIncomeFromContinuingOps": -32300000, "discontinuedOperations": {}, "extraordinaryItems": {}, "effectOfAccountingCharges": {}, "otherItems": {}, "netIncome": -26500000, "netIncomeApplicableToCommonShares": -26500000}], "maxAge": 86400}, "cashflowStatementHistoryQuarterly": {"cashflowStatements": [{"maxAge": 1, "endDate": "2020-06-30", "netIncome": -28600000, "changeToLiabilities": 0}, {"maxAge": 1, "endDate": "2020-03-31", "netIncome": -39040343, "changeToLiabilities": 0}, {"maxAge": 1, "endDate": "2019-12-31", "netIncome": -11600000, "changeToLiabilities": 0}, {"maxAge": 1, "endDate": "2019-09-30", "netIncome": -26500000, "changeToLiabilities": 0}], "maxAge": 86400}, "insiderHolders": {"holders": [], "maxAge": 1}, "earnings": {"maxAge": 86400, "earningsChart": {"quarterly": [], "earningsDate": []}, "financialsChart": {"yearly": [{"date": 2017, "revenue": 4981737520, "earnings": 53059741}, {"date": 2018, "revenue": 7055578906, "earnings": 86026002}, {"date": 2019, "revenue": 5553989609, "earnings": 37802046}, {"date": 2020, "revenue": 3981203059, "earnings": -85440343}], "quarterly": [{"date": "3Q2019", "revenue": 1098700000, "earnings": -26500000}, {"date": "4Q2019", "revenue": 889600000, "earnings": -11600000}, {"date": "1Q2020", "revenue": 634603059, "earnings": -39040343}, {"date": "2Q2020", "revenue": 206700000, "earnings": -28600000}]}, "financialCurrency": "INR"}, "calendarEvents": {"maxAge": 1, "earnings": {"earningsDate": []}}, "price": {"maxAge": 1, "regularMarketChangePercent": 0.1101449, "regularMarketChange": 3.7999992, "regularMarketTime": "2021-04-30 15:50:31", "priceHint": 2, "regularMarketPrice": 38.3, "regularMarketDayHigh": 40.9, "regularMarketDayLow": 35.4, "regularMarketVolume": 64703, "averageDailyVolume10Day": 18922, "averageDailyVolume3Month": 6193, "regularMarketPreviousClose": 34.5, "regularMarketSource": "FREE_REALTIME", "regularMarketOpen": 35.4, "exchange": "BSE", "exchangeName": "BSE", "exchangeDataDelayedBy": 0, "marketState": "CLOSED", "quoteType": "EQUITY", "symbol": "HINDALUMI.BO", "underlyingSymbol": null, "shortName": "HIND ALUMINIUM INDUSTRIES LTD.", "longName": "Hind Aluminium Industries Limited", "currency": "INR", "quoteSourceName": "Delayed Quote", "currencySymbol": "\u20b9", "fromCurrency": null, "toCurrency": null, "lastMarket": null, "marketCap": 241297648}, "balanceSheetHistory": {"balanceSheetStatements": [{"maxAge": 1, "endDate": "2020-03-31", "cash": 114104243, "netReceivables": 694510954, "inventory": 356366988, "otherCurrentAssets": 115789308, "totalCurrentAssets": 1300991776, "longTermInvestments": 147160462, "propertyPlantEquipment": 237238417, "intangibleAssets": 169404, "otherAssets": 207863976, "totalAssets": 1893424035, "accountsPayable": 58883896, "otherCurrentLiab": 26541246, "longTermDebt": 54965602, "otherLiab": 7702571, "minorityInterest": -20741923, "totalCurrentLiabilities": 1140335025, "totalLiab": 1203003198, "commonStock": 63002000, "retainedEarnings": 655416967, "treasuryStock": -7256207, "otherStockholderEquity": -7256207, "totalStockholderEquity": 711162760, "netTangibleAssets": 710993356}, {"maxAge": 1, "endDate": "2019-03-31", "cash": 9681188, "netReceivables": 787926032, "inventory": 589860356, "otherCurrentAssets": 140448945, "totalCurrentAssets": 1533993700, "longTermInvestments": 136073593, "propertyPlantEquipment": 267793635, "intangibleAssets": 504238, "otherAssets": 105662432, "totalAssets": 2044027598, "accountsPayable": 253717440, "otherCurrentLiab": 7651641, "longTermDebt": 64812595, "otherLiab": 42143373, "minorityInterest": -743176, "totalCurrentLiabilities": 1129126672, "totalLiab": 1236082640, "commonStock": 63002000, "retainedEarnings": 754941705, "treasuryStock": -9255571, "otherStockholderEquity": -9255571, "totalStockholderEquity": 808688134, "netTangibleAssets": 808183896}, {"maxAge": 1, "endDate": "2018-03-31", "cash": 27170299, "shortTermInvestments": 26237199, "netReceivables": 1600420490, "inventory": 460303312, "otherCurrentAssets": 135792886, "totalCurrentAssets": 2259584266, "longTermInvestments": 106965007, "propertyPlantEquipment": 301904750, "intangibleAssets": 697082, "otherAssets": 101261245, "totalAssets": 2770412350, "accountsPayable": 421956985, "otherCurrentLiab": 22689658, "longTermDebt": 103951188, "otherLiab": 48895865, "minorityInterest": 12817554, "totalCurrentLiabilities": 1769324220, "totalLiab": 1922171273, "commonStock": 63002000, "retainedEarnings": 771928501, "treasuryStock": 493022, "otherStockholderEquity": 493022, "totalStockholderEquity": 835423523, "netTangibleAssets": 834726441}, {"maxAge": 1, "endDate": "2017-03-31", "cash": 14502999, "shortTermInvestments": 8249186, "netReceivables": 834338409, "inventory": 471444565, "otherCurrentAssets": 234776893, "totalCurrentAssets": 1580847954, "longTermInvestments": 167039710, "propertyPlantEquipment": 263997285, "intangibleAssets": 535790, "otherAssets": 151746474, "totalAssets": 2164167213, "accountsPayable": 305437372, "otherCurrentLiab": 86013187, "longTermDebt": 147461877, "otherLiab": 41868546, "minorityInterest": 11234411, "totalCurrentLiabilities": 1202020611, "totalLiab": 1391351034, "commonStock": 63002000, "retainedEarnings": 698086745, "treasuryStock": 493023, "otherStockholderEquity": 493023, "totalStockholderEquity": 761581768, "netTangibleAssets": 761045978}], "maxAge": 86400}, "earningsTrend": {"trend": [{"maxAge": 1, "period": "0q", "endDate": null, "growth": {}, "earningsEstimate": {"avg": 0.0, "low": 0.0, "high": 0.0, "yearAgoEps": {}, "numberOfAnalysts": 0, "growth": {}}, "revenueEstimate": {"avg": 0, "low": 0, "high": 0, "numberOfAnalysts": 0, "yearAgoRevenue": {}, "growth": {}}, "epsTrend": {"current": 0.0, "7daysAgo": 0.0, "30daysAgo": 0.0, "60daysAgo": 0.0, "90daysAgo": 0.0}, "epsRevisions": {"upLast7days": 0, "upLast30days": 0, "downLast30days": 0, "downLast90days": {}}}, {"maxAge": 1, "period": "+1q", "endDate": null, "growth": {}, "earningsEstimate": {"avg": 0.0, "low": 0.0, "high": 0.0, "yearAgoEps": {}, "numberOfAnalysts": 0, "growth": {}}, "revenueEstimate": {"avg": 0, "low": 0, "high": 0, "numberOfAnalysts": 0, "yearAgoRevenue": {}, "growth": {}}, "epsTrend": {"current": 0.0, "7daysAgo": 0.0, "30daysAgo": 0.0, "60daysAgo": 0.0, "90daysAgo": 0.0}, "epsRevisions": {"upLast7days": 0, "upLast30days": 0, "downLast30days": 0, "downLast90days": {}}}, {"maxAge": 1, "period": "0y", "endDate": null, "growth": {}, "earningsEstimate": {"avg": 0.0, "low": 0.0, "high": 0.0, "yearAgoEps": {}, "numberOfAnalysts": 0, "growth": {}}, "revenueEstimate": {"avg": 0, "low": 0, "high": 0, "numberOfAnalysts": 0, "yearAgoRevenue": {}, "growth": {}}, "epsTrend": {"current": 0.0, "7daysAgo": 0.0, "30daysAgo": 0.0, "60daysAgo": 0.0, "90daysAgo": 0.0}, "epsRevisions": {"upLast7days": 0, "upLast30days": 0, "downLast30days": 0, "downLast90days": {}}}, {"maxAge": 1, "period": "+1y", "endDate": null, "growth": {}, "earningsEstimate": {"avg": 0.0, "low": 0.0, "high": 0.0, "yearAgoEps": {}, "numberOfAnalysts": 0, "growth": {}}, "revenueEstimate": {"avg": 0, "low": 0, "high": 0, "numberOfAnalysts": 0, "yearAgoRevenue": {}, "growth": {}}, "epsTrend": {"current": 0.0, "7daysAgo": 0.0, "30daysAgo": 0.0, "60daysAgo": 0.0, "90daysAgo": 0.0}, "epsRevisions": {"upLast7days": 0, "upLast30days": 0, "downLast30days": 0, "downLast90days": {}}}, {"maxAge": 1, "period": "+5y", "endDate": null, "growth": {}, "earningsEstimate": {"avg": {}, "low": {}, "high": {}, "yearAgoEps": {}, "numberOfAnalysts": {}, "growth": {}}, "revenueEstimate": {"avg": {}, "low": {}, "high": {}, "numberOfAnalysts": {}, "yearAgoRevenue": {}, "growth": {}}, "epsTrend": {"current": {}, "7daysAgo": {}, "30daysAgo": {}, "60daysAgo": {}, "90daysAgo": {}}, "epsRevisions": {"upLast7days": {}, "upLast30days": {}, "downLast30days": {}, "downLast90days": {}}}, {"maxAge": 1, "period": "-5y", "endDate": null, "growth": {}, "earningsEstimate": {"avg": {}, "low": {}, "high": {}, "yearAgoEps": {}, "numberOfAnalysts": {}, "growth": {}}, "revenueEstimate": {"avg": {}, "low": {}, "high": {}, "numberOfAnalysts": {}, "yearAgoRevenue": {}, "growth": {}}, "epsTrend": {"current": {}, "7daysAgo": {}, "30daysAgo": {}, "60daysAgo": {}, "90daysAgo": {}}, "epsRevisions": {"upLast7days": {}, "upLast30days": {}, "downLast30days": {}, "downLast90days": {}}}], "maxAge": 1}, "financialData": {"maxAge": 86400, "currentPrice": 38.3, "recommendationKey": "none", "grossProfits": 300717700, "financialCurrency": "INR"}}}