{"HINFLUR.BO": {"cashflowStatementHistory": {"cashflowStatements": [{"maxAge": 1, "endDate": "2020-03-31", "netIncome": -36324000, "depreciation": 13557000, "changeToNetincome": 14046000, "changeToAccountReceivables": 5331000, "changeToLiabilities": -22183000, "changeToInventory": 14198000, "changeToOperatingActivities": 14556000, "totalCashFromOperatingActivities": 4455000, "capitalExpenditures": -279000, "otherCashflowsFromInvestingActivities": 416000, "totalCashflowsFromInvestingActivities": 137000, "netBorrowings": 14735000, "otherCashflowsFromFinancingActivities": -19338000, "totalCashFromFinancingActivities": -4603000, "changeInCash": -11000}, {"maxAge": 1, "endDate": "2019-03-31", "netIncome": 17020000, "depreciation": 14932000, "changeToNetincome": 766000, "changeToAccountReceivables": -13867000, "changeToLiabilities": 1697000, "changeToInventory": -1922000, "changeToOperatingActivities": -27447000, "totalCashFromOperatingActivities": -8821000, "capitalExpenditures": -848000, "otherCashflowsFromInvestingActivities": 532000, "totalCashflowsFromInvestingActivities": -316000, "netBorrowings": 75255000, "otherCashflowsFromFinancingActivities": -66125000, "totalCashFromFinancingActivities": 9130000, "changeInCash": -7000}, {"maxAge": 1, "endDate": "2018-03-31", "netIncome": -7739000, "depreciation": 14816000, "changeToNetincome": 4095000, "changeToAccountReceivables": 3626000, "changeToLiabilities": 8604000, "changeToInventory": -255000, "changeToOperatingActivities": -20677000, "totalCashFromOperatingActivities": 2470000, "capitalExpenditures": -3173000, "otherCashflowsFromInvestingActivities": 533000, "totalCashflowsFromInvestingActivities": -2640000, "netBorrowings": 32092000, "otherCashflowsFromFinancingActivities": -45154000, "totalCashFromFinancingActivities": -13062000, "changeInCash": -13232000}, {"maxAge": 1, "endDate": "2017-03-31", "netIncome": -38455000, "depreciation": 13856000, "changeToNetincome": 20866000, "changeToAccountReceivables": -17761000, "changeToLiabilities": -14577000, "changeToInventory": 20481000, "changeToOperatingActivities": 36296000, "totalCashFromOperatingActivities": 22076000, "capitalExpenditures": -865000, "otherCashflowsFromInvestingActivities": 1330000, "totalCashflowsFromInvestingActivities": 465000, "netBorrowings": 13872000, "otherCashflowsFromFinancingActivities": -47084000, "totalCashFromFinancingActivities": -33212000, "changeInCash": -10671000}], "maxAge": 86400}, "institutionOwnership": {"ownershipList": [], "maxAge": 1}, "balanceSheetHistoryQuarterly": {"balanceSheetStatements": [{"maxAge": 1, "endDate": "2020-06-30", "totalStockholderEquity": -473188000, "netTangibleAssets": -490132000}, {"maxAge": 1, "endDate": "2020-03-31", "cash": 35000, "netReceivables": 45932000, "inventory": 41622000, "otherCurrentAssets": 10920000, "totalCurrentAssets": 102736000, "propertyPlantEquipment": 471385000, "intangibleAssets": 16944000, "otherAssets": 10537000, "totalAssets": 601602000, "accountsPayable": 17134000, "shortLongTermDebt": 477708000, "otherCurrentLiab": 32328000, "otherLiab": 86712000, "totalCurrentLiabilities": 988078000, "totalLiab": 1074790000, "commonStock": 195991000, "retainedEarnings": -833794000, "treasuryStock": 164615000, "otherStockholderEquity": 164615000, "totalStockholderEquity": -473188000, "netTangibleAssets": -490132000}, {"maxAge": 1, "endDate": "2019-12-31", "totalStockholderEquity": -441650000, "netTangibleAssets": -459231000}, {"maxAge": 1, "endDate": "2019-09-30", "cash": 255000, "shortTermInvestments": 12339000, "netReceivables": 38998000, "inventory": 51444000, "otherCurrentAssets": 5181000, "totalCurrentAssets": 108217000, "propertyPlantEquipment": 478160000, "intangibleAssets": 17581000, "otherAssets": 10252000, "totalAssets": 614210000, "accountsPayable": 24495000, "otherCurrentLiab": 866167000, "otherLiab": 97334000, "totalCurrentLiabilities": 958526000, "totalLiab": 1055860000, "commonStock": 196146000, "treasuryStock": -637796000, "otherStockholderEquity": -637796000, "totalStockholderEquity": -441650000, "netTangibleAssets": -459231000}], "maxAge": 86400}, "indexTrend": {"maxAge": 1, "symbol": "SP5", "peRatio": 19.7411, "pegRatio": 1.34172, "estimates": [{"period": "0q", "growth": 0.549}, {"period": "+1q", "growth": 0.431}, {"period": "0y", "growth": 0.305}, {"period": "+1y", "growth": 0.109}, {"period": "+5y", "growth": 0.120859005}, {"period": "-5y"}]}, "insiderTransactions": {"transactions": [{"maxAge": 1, "shares": 2299, "filerUrl": "", "transactionText": "", "filerName": "Kothari (Udayankumar N)", "filerRelation": "UNREPORTED", "moneyText": "", "startDate": "2016-11-08", "ownership": "D"}], "maxAge": 1}, "quoteType": {"exchange": "BSE", "quoteType": "EQUITY", "symbol": "HINFLUR.BO", "underlyingSymbol": "HINFLUR.BO", "shortName": "HINDUSTAN FLUOROCARBONS LTD.", "longName": "Hindustan Fluorocarbons Limited", "firstTradeDateEpochUtc": "2009-09-03 09:15:00", "timeZoneFullName": "Asia/Kolkata", "timeZoneShortName": "IST", "uuid": "324cef67-529c-3a85-869d-69afe6add643", "gmtOffSetMilliseconds": 19800000, "maxAge": 1}, "incomeStatementHistory": {"incomeStatementHistory": [{"maxAge": 1, "endDate": "2020-03-31", "totalRevenue": 313246000, "costOfRevenue": 143259000, "grossProfit": 169987000, "researchDevelopment": {}, "sellingGeneralAdministrative": 121889000, "nonRecurring": {}, "otherOperatingExpenses": 50023000, "totalOperatingExpenses": 330002000, "operatingIncome": -16756000, "totalOtherIncomeExpenseNet": -19568000, "ebit": -16756000, "interestExpense": -19909000, "incomeBeforeTax": -36324000, "incomeTaxExpense": 0, "minorityInterest": {}, "netIncomeFromContinuingOps": -36324000, "discontinuedOperations": {}, "extraordinaryItems": {}, "effectOfAccountingCharges": {}, "otherItems": {}, "netIncome": -36324000, "netIncomeApplicableToCommonShares": -36324000}, {"maxAge": 1, "endDate": "2019-03-31", "totalRevenue": 388603000, "costOfRevenue": 156437000, "grossProfit": 232166000, "researchDevelopment": {}, "sellingGeneralAdministrative": 127892000, "nonRecurring": {}, "otherOperatingExpenses": 64987000, "totalOperatingExpenses": 364248000, "operatingIncome": 24355000, "totalOtherIncomeExpenseNet": 15340000, "ebit": 24355000, "interestExpense": -31044000, "incomeBeforeTax": 17020000, "incomeTaxExpense": 0, "minorityInterest": {}, "netIncomeFromContinuingOps": 17020000, "discontinuedOperations": {}, "extraordinaryItems": {}, "effectOfAccountingCharges": {}, "otherItems": {}, "netIncome": 17020000, "netIncomeApplicableToCommonShares": 17020000}, {"maxAge": 1, "endDate": "2018-03-31", "totalRevenue": 433909000, "costOfRevenue": 206045000, "grossProfit": 227864000, "researchDevelopment": {}, "sellingGeneralAdministrative": 123185000, "nonRecurring": {}, "otherOperatingExpenses": 68461000, "totalOperatingExpenses": 412507000, "operatingIncome": 21402000, "totalOtherIncomeExpenseNet": -29141000, "ebit": 21402000, "interestExpense": -29620000, "incomeBeforeTax": -7739000, "incomeTaxExpense": 0, "minorityInterest": {}, "netIncomeFromContinuingOps": -7739000, "discontinuedOperations": {}, "extraordinaryItems": {}, "effectOfAccountingCharges": {}, "otherItems": {}, "netIncome": -7739000, "netIncomeApplicableToCommonShares": -7739000}, {"maxAge": 1, "endDate": "2017-03-31", "totalRevenue": 341808000, "costOfRevenue": 144078000, "grossProfit": 197730000, "researchDevelopment": {}, "sellingGeneralAdministrative": 114957000, "nonRecurring": {}, "otherOperatingExpenses": 74427000, "totalOperatingExpenses": 348688000, "operatingIncome": -6880000, "totalOtherIncomeExpenseNet": -31575000, "ebit": -6880000, "interestExpense": -32595000, "incomeBeforeTax": -38455000, "incomeTaxExpense": 0, "minorityInterest": {}, "netIncomeFromContinuingOps": -38455000, "discontinuedOperations": {}, "extraordinaryItems": {}, "effectOfAccountingCharges": {}, "otherItems": {}, "netIncome": -38455000, "netIncomeApplicableToCommonShares": -38455000}], "maxAge": 86400}, "fundOwnership": {"ownershipList": [], "maxAge": 1}, "summaryDetail": {"maxAge": 1, "priceHint": 2, "previousClose": 7.43, "open": 7.45, "dayLow": 7.1, "dayHigh": 7.8, "regularMarketPreviousClose": 7.43, "regularMarketOpen": 7.45, "regularMarketDayLow": 7.1, "regularMarketDayHigh": 7.8, "volume": 22093, "regularMarketVolume": 22093, "averageVolume": 4680, "averageVolume10days": 3003, "averageDailyVolume10Day": 3003, "bid": 7.13, "ask": 7.8, "bidSize": 0, "askSize": 0, "marketCap": 152872976, "fiftyTwoWeekLow": 2.83, "fiftyTwoWeekHigh": 10.04, "fiftyDayAverage": 8.140606, "twoHundredDayAverage": 6.871397, "currency": "INR", "fromCurrency": null, "lastMarket": null, "algorithm": null, "tradeable": false}, "incomeStatementHistoryQuarterly": {"incomeStatementHistory": [{"maxAge": 1, "endDate": "2020-06-30", "totalRevenue": 34863000, "costOfRevenue": 15340000, "grossProfit": 19523000, "researchDevelopment": {}, "sellingGeneralAdministrative": 135734000, "nonRecurring": {}, "otherOperatingExpenses": 17743000, "totalOperatingExpenses": 172489000, "operatingIncome": -137626000, "totalOtherIncomeExpenseNet": -2644000, "ebit": -137626000, "interestExpense": -2644000, "incomeBeforeTax": -140270000, "incomeTaxExpense": 0, "minorityInterest": {}, "netIncomeFromContinuingOps": -140270000, "discontinuedOperations": {}, "extraordinaryItems": {}, "effectOfAccountingCharges": {}, "otherItems": {}, "netIncome": -140270000, "netIncomeApplicableToCommonShares": -140270000}, {"maxAge": 1, "endDate": "2020-03-31", "totalRevenue": 3806000, "costOfRevenue": 28222000, "grossProfit": -24416000, "researchDevelopment": {}, "sellingGeneralAdministrative": 49052000, "nonRecurring": {}, "otherOperatingExpenses": -35077000, "totalOperatingExpenses": 45906000, "operatingIncome": -42100000, "totalOtherIncomeExpenseNet": 3481000, "ebit": -42100000, "interestExpense": -2644000, "incomeBeforeTax": -38619000, "incomeTaxExpense": 0, "minorityInterest": {}, "netIncomeFromContinuingOps": -38619000, "discontinuedOperations": {}, "extraordinaryItems": {}, "effectOfAccountingCharges": {}, "otherItems": {}, "netIncome": -38619000, "netIncomeApplicableToCommonShares": -38619000}, {"maxAge": 1, "endDate": "2019-12-31", "totalRevenue": 125694000, "costOfRevenue": 44451000, "grossProfit": 81243000, "researchDevelopment": {}, "sellingGeneralAdministrative": 24096000, "nonRecurring": {}, "otherOperatingExpenses": 33537000, "totalOperatingExpenses": 105825000, "operatingIncome": 19869000, "totalOtherIncomeExpenseNet": -7666000, "ebit": 19869000, "interestExpense": -7666000, "incomeBeforeTax": 12203000, "incomeTaxExpense": 0, "minorityInterest": {}, "netIncomeFromContinuingOps": 12203000, "discontinuedOperations": {}, "extraordinaryItems": {}, "effectOfAccountingCharges": {}, "otherItems": {}, "netIncome": 12203000, "netIncomeApplicableToCommonShares": 12203000}, {"maxAge": 1, "endDate": "2019-09-30", "totalRevenue": 73605000, "costOfRevenue": 29334000, "grossProfit": 44271000, "researchDevelopment": {}, "sellingGeneralAdministrative": 23771000, "nonRecurring": {}, "otherOperatingExpenses": 22082000, "totalOperatingExpenses": 78878000, "operatingIncome": -5273000, "totalOtherIncomeExpenseNet": -7723000, "ebit": -5273000, "interestExpense": -7723000, "incomeBeforeTax": -12996000, "incomeTaxExpense": 0, "minorityInterest": {}, "netIncomeFromContinuingOps": -12996000, "discontinuedOperations": {}, "extraordinaryItems": {}, "effectOfAccountingCharges": {}, "otherItems": {}, "netIncome": -12996000, "netIncomeApplicableToCommonShares": -12996000}], "maxAge": 86400}, "cashflowStatementHistoryQuarterly": {"cashflowStatements": [{"maxAge": 1, "endDate": "2020-06-30", "netIncome": -140270000, "changeToLiabilities": 0}, {"maxAge": 1, "endDate": "2020-03-31", "netIncome": -38619000, "changeToLiabilities": 0}, {"maxAge": 1, "endDate": "2019-12-31", "netIncome": 12203000, "changeToLiabilities": 0}, {"maxAge": 1, "endDate": "2019-09-30", "netIncome": -12996000, "changeToLiabilities": 0}], "maxAge": 86400}, "insiderHolders": {"holders": [{"maxAge": 1, "name": "Kothari (Udayankumar N)", "relation": "UNREPORTED", "url": "", "transactionDescription": "Acquisition", "latestTransDate": "2016-11-08", "positionDirect": 258278, "positionDirectDate": "2016-11-08"}], "maxAge": 1}, "calendarEvents": {"maxAge": 1, "earnings": {"earningsDate": ["2020-08-10 05:30:S"]}}, "upgradeDowngradeHistory": {"history": [], "maxAge": 86400}, "price": {"maxAge": 1, "regularMarketChangePercent": 0.049798165, "regularMarketChange": 0.37000036, "regularMarketTime": "2021-04-30 15:10:20", "priceHint": 2, "regularMarketPrice": 7.8, "regularMarketDayHigh": 7.8, "regularMarketDayLow": 7.1, "regularMarketVolume": 22093, "averageDailyVolume10Day": 3003, "averageDailyVolume3Month": 4680, "regularMarketPreviousClose": 7.43, "regularMarketSource": "FREE_REALTIME", "regularMarketOpen": 7.45, "exchange": "BSE", "exchangeName": "BSE", "exchangeDataDelayedBy": 0, "marketState": "CLOSED", "quoteType": "EQUITY", "symbol": "HINFLUR.BO", "underlyingSymbol": null, "shortName": "HINDUSTAN FLUOROCARBONS LTD.", "longName": "Hindustan Fluorocarbons Limited", "currency": "INR", "quoteSourceName": "Delayed Quote", "currencySymbol": "\u20b9", "fromCurrency": null, "lastMarket": null, "marketCap": 152872976}, "balanceSheetHistory": {"balanceSheetStatements": [{"maxAge": 1, "endDate": "2020-03-31", "cash": 35000, "netReceivables": 45932000, "inventory": 41622000, "otherCurrentAssets": 10920000, "totalCurrentAssets": 102736000, "propertyPlantEquipment": 471385000, "intangibleAssets": 16944000, "otherAssets": 10537000, "totalAssets": 601602000, "accountsPayable": 17134000, "shortLongTermDebt": 477708000, "otherCurrentLiab": 32328000, "otherLiab": 86712000, "totalCurrentLiabilities": 988078000, "totalLiab": 1074790000, "commonStock": 195991000, "retainedEarnings": -833794000, "treasuryStock": 164615000, "otherStockholderEquity": 164615000, "totalStockholderEquity": -473188000, "netTangibleAssets": -490132000}, {"maxAge": 1, "endDate": "2019-03-31", "cash": 45000, "shortTermInvestments": 17888000, "netReceivables": 51372000, "inventory": 55820000, "otherCurrentAssets": 22809000, "totalCurrentAssets": 134663000, "propertyPlantEquipment": 484664000, "intangibleAssets": 18218000, "otherAssets": 9924000, "totalAssets": 647469000, "accountsPayable": 39317000, "shortLongTermDebt": 477708000, "otherCurrentLiab": 26889000, "otherLiab": 97366000, "totalCurrentLiabilities": 982091000, "totalLiab": 1079457000, "commonStock": 195991000, "retainedEarnings": -797470000, "treasuryStock": 169491000, "otherStockholderEquity": 169491000, "totalStockholderEquity": -431988000, "netTangibleAssets": -450206000}, {"maxAge": 1, "endDate": "2018-03-31", "cash": 52000, "netReceivables": 37444000, "inventory": 53898000, "otherCurrentAssets": 3013000, "totalCurrentAssets": 97864000, "propertyPlantEquipment": 497474000, "intangibleAssets": 19492000, "otherAssets": 9353000, "totalAssets": 624183000, "accountsPayable": 37620000, "shortLongTermDebt": 408414000, "otherCurrentLiab": 26653000, "longTermDebt": 33600000, "otherLiab": 80248000, "totalCurrentLiabilities": 894516000, "totalLiab": 1008364000, "commonStock": 195991000, "retainedEarnings": -814490000, "treasuryStock": 234318000, "otherStockholderEquity": 234318000, "totalStockholderEquity": -384181000, "netTangibleAssets": -403673000}, {"maxAge": 1, "endDate": "2017-03-31", "cash": 13284000, "netReceivables": 41759000, "inventory": 53643000, "otherCurrentAssets": 3540000, "totalCurrentAssets": 116756000, "propertyPlantEquipment": 507844000, "intangibleAssets": 20765000, "otherAssets": 8175000, "totalAssets": 653540000, "accountsPayable": 29016000, "shortLongTermDebt": 358748000, "otherCurrentLiab": 30662000, "longTermDebt": 67200000, "otherLiab": 61140000, "totalCurrentLiabilities": 861116000, "totalLiab": 989456000, "commonStock": 195991000, "retainedEarnings": -806751000, "treasuryStock": 274844000, "otherStockholderEquity": 274844000, "totalStockholderEquity": -335916000, "netTangibleAssets": -356681000}], "maxAge": 86400}, "financialData": {"maxAge": 86400, "currentPrice": 7.8, "recommendationKey": "none", "grossProfits": 169987000, "financialCurrency": "INR"}}}