{"HIRECT.NS": {"assetProfile": {"address1": "Lake Road", "address2": "Bhandup (West)", "city": "Mumbai", "zip": "400078", "country": "India", "phone": "91 22 2569 6789", "fax": "91 22 2596 4114", "website": "http://www.hirect.com", "industry": "Electrical Equipment & Parts", "sector": "Industrials", "longBusinessSummary": "Hind Rectifiers Limited develops, designs, manufactures, and markets semi-conductor devices, power electronic equipment, and railway transportation equipment in India and internationally. It offers power supplies for electrostatic precipitators; DC power systems for electrochemical plants; chargers and regenerative dischargers for the battery industry; water cooled rectifier systems; and cathodic protection transformer rectifier units. The company also provides various rectifiers for rolling stock application; transformers for locomotives and electrical multiple units; and converters and inverters, as well as semiconductor, such as power diodes, thyristors, power modules, and special products comprising high voltage disk stacks, auto diode stacks, and water cooled assemblies. In addition, it offers pre-installation, supervision of erection/commissioning, post commissioning and maintenance services, and service support to railways. Hind Rectifiers Limited was founded in 1958 and is based in Mumbai, India.", "fullTimeEmployees": 340, "companyOfficers": [{"maxAge": 1, "name": "Mr. Sh. Suramya Nevatia", "title": "MD, CEO & Additional Director", "fiscalYear": 2020, "totalPay": 7365000, "exercisedValue": 0, "unexercisedValue": 0}, {"maxAge": 1, "name": "Mr. A. K. Nemani", "title": "Chief Financial Officer", "fiscalYear": 2020, "totalPay": 3194000, "exercisedValue": 0, "unexercisedValue": 0}, {"maxAge": 1, "name": "Ms. Meenakshi  Anchlia", "title": "Company Sec. & Compliance Officer", "fiscalYear": 2020, "totalPay": 959000, "exercisedValue": 0, "unexercisedValue": 0}, {"maxAge": 1, "name": "Ms. Akshada Suramya Nevatia", "age": 32, "title": "Exec. Director", "yearBorn": 1988, "fiscalYear": 2020, "totalPay": 6246000, "exercisedValue": 0, "unexercisedValue": 0}, {"maxAge": 1, "name": "Mr. Saurabh  Nevatia", "title": "Chief Exec. Officer of Nasik Plant", "exercisedValue": 0, "unexercisedValue": 0}], "compensationAsOfEpochDate": "2020-12-31 05:30:00", "maxAge": 86400}, "recommendationTrend": {"trend": [{"period": "0m", "strongBuy": 0, "buy": 0, "hold": 0, "sell": 0, "strongSell": 0}, {"period": "-1m", "strongBuy": 0, "buy": 0, "hold": 0, "sell": 0, "strongSell": 0}, {"period": "-2m", "strongBuy": 0, "buy": 0, "hold": 0, "sell": 0, "strongSell": 0}, {"period": "-3m", "strongBuy": 0, "buy": 0, "hold": 0, "sell": 0, "strongSell": 0}], "maxAge": 86400}, "cashflowStatementHistory": {"cashflowStatements": [{"maxAge": 1, "endDate": "2020-03-31", "netIncome": 184791000, "depreciation": 25903000, "changeToNetincome": 107678000, "changeToAccountReceivables": -278792000, "changeToLiabilities": 141176000, "changeToInventory": -151212000, "totalCashFromOperatingActivities": 44367000, "capitalExpenditures": -150691000, "investments": -60000000, "otherCashflowsFromInvestingActivities": 2189000, "totalCashflowsFromInvestingActivities": -208173000, "dividendsPaid": -7986000, "netBorrowings": 258242000, "otherCashflowsFromFinancingActivities": -73163000, "totalCashFromFinancingActivities": 177093000, "changeInCash": 13287000}, {"maxAge": 1, "endDate": "2019-03-31", "netIncome": 117908000, "depreciation": 21030000, "changeToNetincome": 100025000, "changeToAccountReceivables": -79634000, "changeToLiabilities": 96693000, "changeToInventory": -197380000, "totalCashFromOperatingActivities": 64691000, "capitalExpenditures": -116145000, "investments": -60000000, "otherCashflowsFromInvestingActivities": 2161000, "totalCashflowsFromInvestingActivities": -104219000, "dividendsPaid": -7986000, "netBorrowings": 105192000, "otherCashflowsFromFinancingActivities": -71252000, "totalCashFromFinancingActivities": 33940000, "changeInCash": -5588000}, {"maxAge": 1, "endDate": "2018-03-31", "netIncome": 13145000, "depreciation": 18745000, "changeToNetincome": 59199000, "changeToAccountReceivables": -240643000, "changeToLiabilities": 181714000, "changeToInventory": -72777000, "totalCashFromOperatingActivities": -36289000, "capitalExpenditures": -105817000, "investments": -474000, "otherCashflowsFromInvestingActivities": 2736000, "totalCashflowsFromInvestingActivities": -103142000, "dividendsPaid": -7986000, "netBorrowings": 82051000, "otherCashflowsFromFinancingActivities": -55378000, "totalCashFromFinancingActivities": 147136000, "changeInCash": 7705000, "issuanceOfStock": 120463000}, {"maxAge": 1, "endDate": "2017-03-31", "netIncome": -71220000, "depreciation": 16714000, "changeToNetincome": 31058000, "changeToAccountReceivables": 30975000, "changeToLiabilities": -98326000, "changeToInventory": 54968000, "totalCashFromOperatingActivities": -32570000, "capitalExpenditures": -41909000, "investments": -474000, "otherCashflowsFromInvestingActivities": 3140000, "totalCashflowsFromInvestingActivities": -38093000, "dividendsPaid": -7986000, "netBorrowings": 87538000, "otherCashflowsFromFinancingActivities": -50940000, "totalCashFromFinancingActivities": 36598000, "changeInCash": -34065000, "issuanceOfStock": 120463000}], "maxAge": 86400}, "indexTrend": {"maxAge": 1, "symbol": "SP5", "peRatio": 19.7411, "pegRatio": 1.34172, "estimates": [{"period": "0q", "growth": 0.549}, {"period": "+1q", "growth": 0.431}, {"period": "0y", "growth": 0.305}, {"period": "+1y", "growth": 0.109}, {"period": "+5y", "growth": 0.120865}, {"period": "-5y"}]}, "defaultKeyStatistics": {"maxAge": 1, "priceHint": 2, "enterpriseValue": 2609680384, "profitMargins": 0.021300001, "floatShares": 5166613, "sharesOutstanding": 16563700, "heldPercentInsiders": 0.64976996, "heldPercentInstitutions": 0.0, "beta": 0.47693, "category": null, "bookValue": 59.042, "priceToBook": 2.0731006, "fundFamily": null, "legalType": null, "lastFiscalYearEnd": "2020-03-31 05:30:00", "nextFiscalYearEnd": "2022-03-31 05:30:00", "mostRecentQuarter": "2020-12-31 05:30:00", "earningsQuarterlyGrowth": -0.661, "netIncomeToCommon": 65471000, "trailingEps": 3.942, "lastSplitFactor": "2:1", "lastSplitDate": "2008-10-06 05:30:00", "enterpriseToRevenue": 0.849, "enterpriseToEbitda": 12.035}, "industryTrend": {"maxAge": 1, "symbol": null, "estimates": []}, "quoteType": {"exchange": "NSI", "quoteType": "EQUITY", "symbol": "HIRECT.NS", "underlyingSymbol": "HIRECT.NS", "shortName": "HIND RECTIFIERS LT", "longName": "Hind Rectifiers Limited", "firstTradeDateEpochUtc": "2006-12-27 09:15:00", "timeZoneFullName": "Asia/Kolkata", "timeZoneShortName": "IST", "uuid": "0c63c3aa-d863-3c4a-8712-2e9e95d95079", "gmtOffSetMilliseconds": 19800000, "maxAge": 1}, "incomeStatementHistory": {"incomeStatementHistory": [{"maxAge": 1, "endDate": "2020-03-31", "totalRevenue": 2996205000, "costOfRevenue": 2100168000, "grossProfit": 896037000, "researchDevelopment": {}, "sellingGeneralAdministrative": 301268000, "nonRecurring": {}, "otherOperatingExpenses": 208347000, "totalOperatingExpenses": 2650487000, "operatingIncome": 345718000, "totalOtherIncomeExpenseNet": -83311000, "ebit": 345718000, "interestExpense": -73163000, "incomeBeforeTax": 262407000, "incomeTaxExpense": 77616000, "minorityInterest": {}, "netIncomeFromContinuingOps": 184791000, "discontinuedOperations": {}, "extraordinaryItems": {}, "effectOfAccountingCharges": {}, "otherItems": {}, "netIncome": 184791000, "netIncomeApplicableToCommonShares": 184791000}, {"maxAge": 1, "endDate": "2019-03-31", "totalRevenue": 2551429000, "costOfRevenue": 1866843000, "grossProfit": 684586000, "researchDevelopment": {}, "sellingGeneralAdministrative": 227362000, "nonRecurring": {}, "otherOperatingExpenses": 202742000, "totalOperatingExpenses": 2324111000, "operatingIncome": 227318000, "totalOtherIncomeExpenseNet": -60827000, "ebit": 227318000, "interestExpense": -70024000, "incomeBeforeTax": 166491000, "incomeTaxExpense": 48583000, "minorityInterest": {}, "netIncomeFromContinuingOps": 117908000, "discontinuedOperations": {}, "extraordinaryItems": {}, "effectOfAccountingCharges": {}, "otherItems": {}, "netIncome": 117908000, "netIncomeApplicableToCommonShares": 117908000}, {"maxAge": 1, "endDate": "2018-03-31", "totalRevenue": 1270551000, "costOfRevenue": 896678000, "grossProfit": 373873000, "researchDevelopment": {}, "sellingGeneralAdministrative": 184468000, "nonRecurring": {}, "otherOperatingExpenses": 96269000, "totalOperatingExpenses": 1200466000, "operatingIncome": 70085000, "totalOtherIncomeExpenseNet": -49909000, "ebit": 70085000, "interestExpense": -52974000, "incomeBeforeTax": 20176000, "incomeTaxExpense": 7031000, "minorityInterest": {}, "netIncomeFromContinuingOps": 13145000, "discontinuedOperations": {}, "extraordinaryItems": {}, "effectOfAccountingCharges": {}, "otherItems": {}, "netIncome": 13145000, "netIncomeApplicableToCommonShares": 13145000}, {"maxAge": 1, "endDate": "2017-03-31", "totalRevenue": 1206281000, "costOfRevenue": 791472000, "grossProfit": 414809000, "researchDevelopment": {}, "sellingGeneralAdministrative": 190141000, "nonRecurring": {}, "otherOperatingExpenses": 177463000, "totalOperatingExpenses": 1179051000, "operatingIncome": 27230000, "totalOtherIncomeExpenseNet": -125018000, "ebit": 27230000, "interestExpense": -40698000, "incomeBeforeTax": -97788000, "incomeTaxExpense": -26568000, "minorityInterest": {}, "netIncomeFromContinuingOps": -71220000, "discontinuedOperations": {}, "extraordinaryItems": {}, "effectOfAccountingCharges": {}, "otherItems": {}, "netIncome": -71220000, "netIncomeApplicableToCommonShares": -71220000}], "maxAge": 86400}, "fundOwnership": {"ownershipList": [], "maxAge": 1}, "summaryDetail": {"maxAge": 1, "priceHint": 2, "previousClose": 121.95, "open": 120.05, "dayLow": 119.4, "dayHigh": 126.85, "regularMarketPreviousClose": 121.95, "regularMarketOpen": 120.05, "regularMarketDayLow": 119.4, "regularMarketDayHigh": 126.85, "dividendRate": 0.8, "dividendYield": 0.0066000004, "exDividendDate": "2020-09-08 05:30:00", "payoutRatio": 0.2024, "beta": 0.47693, "trailingPE": 31.05023, "volume": 27826, "regularMarketVolume": 27826, "averageVolume": 64884, "averageVolume10days": 22387, "averageDailyVolume10Day": 22387, "bid": 0.0, "ask": 0.0, "bidSize": 0, "askSize": 0, "marketCap": 2025732224, "fiftyTwoWeekLow": 108.5, "fiftyTwoWeekHigh": 180.15, "priceToSalesTrailing12Months": 0.65895647, "fiftyDayAverage": 134.54546, "twoHundredDayAverage": 139.26286, "trailingAnnualDividendRate": 0.8, "trailingAnnualDividendYield": 0.006560066, "currency": "INR", "fromCurrency": null, "lastMarket": null, "algorithm": null, "tradeable": false}, "insiderHolders": {"holders": [{"maxAge": 1, "name": "Mehta (Shailesh)", "relation": "UNREPORTED", "url": "", "transactionDescription": "Acquisition", "latestTransDate": "2019-03-18", "positionDirect": 2233, "positionDirectDate": "2019-03-18"}, {"maxAge": 1, "name": "Mittal (Raj Kumar)", "relation": "UNREPORTED", "url": "", "transactionDescription": "Acquisition", "latestTransDate": "2019-01-16", "positionDirect": 20000, "positionDirectDate": "2019-01-16"}, {"maxAge": 1, "name": "Nevatia (Saurabh)", "relation": "Chief Executive Officer", "url": "", "transactionDescription": "Other", "latestTransDate": "2020-10-05", "positionDirect": 3608438, "positionDirectDate": "2020-10-05"}, {"maxAge": 1, "name": "Nevatia (Suramya Saurabh)", "relation": "Promoter", "url": "", "transactionDescription": "Acquisition", "latestTransDate": "2020-03-30", "positionDirect": 2020768, "positionDirectDate": "2020-03-30"}, {"maxAge": 1, "name": "Nevatia (Sushil Kumar Rameshwarprasad)", "relation": "Non Independent Executive Chairman", "url": "", "transactionDescription": "Acquisition", "latestTransDate": "2019-03-01", "positionDirect": 158500, "positionDirectDate": "2019-03-01"}, {"maxAge": 1, "name": "Nevatia (Sushil Kumar) HUF", "relation": "UNREPORTED", "url": "", "transactionDescription": "Other", "latestTransDate": "2019-01-08", "positionDirect": 0, "positionDirectDate": "2019-01-08"}, {"maxAge": 1, "name": "Shah (Vandan)", "relation": "Director (Non-Executive)", "url": "", "transactionDescription": "Gift", "latestTransDate": "2020-03-13", "positionDirect": 50655, "positionDirectDate": "2020-03-13"}, {"maxAge": 1, "name": "Sipra Engineers Pvt Ltd", "relation": "Promoter", "url": "", "transactionDescription": "Acquisition", "latestTransDate": "2020-02-19", "positionDirect": 1372, "positionDirectDate": "2020-02-19"}, {"maxAge": 1, "name": "Swaroop (Bharat)", "relation": "Non Independent Director", "url": "", "transactionDescription": "Gift", "latestTransDate": "2016-08-10", "positionDirect": 22500, "positionDirectDate": "2016-08-10"}, {"maxAge": 1, "name": "Swaroop (Nimal)", "relation": "Promoter", "url": "", "transactionDescription": "Gift", "latestTransDate": "2016-08-10", "positionDirect": 0, "positionDirectDate": "2016-08-10"}], "maxAge": 1}, "calendarEvents": {"maxAge": 1, "earnings": {"earningsDate": []}, "exDividendDate": "2020-09-08 05:30:00"}, "upgradeDowngradeHistory": {"history": [], "maxAge": 86400}, "price": {"maxAge": 1, "regularMarketChangePercent": 0.0036900744, "regularMarketChange": 0.45000458, "regularMarketTime": "2021-04-30 15:29:10", "priceHint": 2, "regularMarketPrice": 122.4, "regularMarketDayHigh": 126.85, "regularMarketDayLow": 119.4, "regularMarketVolume": 27826, "averageDailyVolume10Day": 22387, "averageDailyVolume3Month": 64884, "regularMarketPreviousClose": 121.95, "regularMarketSource": "FREE_REALTIME", "regularMarketOpen": 120.05, "exchange": "NSI", "exchangeName": "NSE", "exchangeDataDelayedBy": 15, "marketState": "CLOSED", "quoteType": "EQUITY", "symbol": "HIRECT.NS", "underlyingSymbol": null, "shortName": "HIND RECTIFIERS LT", "longName": "Hind Rectifiers Limited", "currency": "INR", "quoteSourceName": "Delayed Quote", "currencySymbol": "\u20b9", "fromCurrency": null, "lastMarket": null, "marketCap": 2025732224}, "balanceSheetHistory": {"balanceSheetStatements": [{"maxAge": 1, "endDate": "2020-03-31", "cash": 14892000, "netReceivables": 848451000, "inventory": 692699000, "otherCurrentAssets": 213903000, "totalCurrentAssets": 1769945000, "longTermInvestments": 61000000, "propertyPlantEquipment": 375134000, "intangibleAssets": 134993000, "otherAssets": 84217000, "deferredLongTermAssetCharges": 46895000, "totalAssets": 2425289000, "accountsPayable": 394672000, "shortLongTermDebt": 52973000, "otherCurrentLiab": 116651000, "longTermDebt": 150944000, "otherLiab": 43689000, "totalCurrentLiabilities": 1274274000, "totalLiab": 1468907000, "commonStock": 33127000, "retainedEarnings": 808054000, "capitalSurplus": 115201000, "totalStockholderEquity": 956382000, "netTangibleAssets": 821389000}, {"maxAge": 1, "endDate": "2019-03-31", "cash": 2519000, "shortTermInvestments": 1451000, "netReceivables": 665354000, "inventory": 541487000, "otherCurrentAssets": 99039000, "totalCurrentAssets": 1308399000, "longTermInvestments": 1000000, "propertyPlantEquipment": 277757000, "intangibleAssets": 122734000, "otherAssets": 135360000, "deferredLongTermAssetCharges": 68516000, "totalAssets": 1845250000, "accountsPayable": 328651000, "shortLongTermDebt": 49920000, "otherCurrentLiab": 62941000, "longTermDebt": 167420000, "otherLiab": 22392000, "totalCurrentLiabilities": 874085000, "totalLiab": 1063897000, "commonStock": 33127000, "retainedEarnings": 633025000, "treasuryStock": 748226000, "capitalSurplus": 115201000, "otherStockholderEquity": 748226000, "totalStockholderEquity": 781353000, "netTangibleAssets": 658619000}, {"maxAge": 1, "endDate": "2018-03-31", "cash": 2081000, "netReceivables": 605915000, "inventory": 344107000, "otherCurrentAssets": 95572000, "totalCurrentAssets": 1047675000, "longTermInvestments": 1000000, "propertyPlantEquipment": 223605000, "intangibleAssets": 91950000, "otherAssets": 162685000, "deferredLongTermAssetCharges": 105829000, "totalAssets": 1526915000, "accountsPayable": 278030000, "shortLongTermDebt": 27943000, "otherCurrentLiab": 31569000, "longTermDebt": 100325000, "otherLiab": 18613000, "totalCurrentLiabilities": 745092000, "totalLiab": 864030000, "commonStock": 33127000, "retainedEarnings": 514557000, "capitalSurplus": 115201000, "totalStockholderEquity": 662885000, "netTangibleAssets": 570935000}, {"maxAge": 1, "endDate": "2017-03-31", "cash": 4985000, "netReceivables": 373777000, "inventory": 271330000, "otherCurrentAssets": 74480000, "totalCurrentAssets": 724572000, "longTermInvestments": 526000, "propertyPlantEquipment": 169461000, "intangibleAssets": 76512000, "otherAssets": 160334000, "deferredLongTermAssetCharges": 112319000, "totalAssets": 1131405000, "accountsPayable": 123105000, "shortLongTermDebt": 12193000, "otherCurrentLiab": 31297000, "longTermDebt": 64945000, "otherLiab": 18182000, "totalCurrentLiabilities": 516210000, "totalLiab": 599337000, "commonStock": 30116000, "retainedEarnings": 501952000, "totalStockholderEquity": 532068000, "netTangibleAssets": 455556000}], "maxAge": 86400}, "earningsTrend": {"trend": [{"maxAge": 1, "period": "0q", "endDate": null, "growth": {}, "earningsEstimate": {"avg": 0.0, "low": 0.0, "high": 0.0, "yearAgoEps": {}, "numberOfAnalysts": 0, "growth": {}}, "revenueEstimate": {"avg": 0, "low": 0, "high": 0, "numberOfAnalysts": 0, "yearAgoRevenue": {}, "growth": {}}, "epsTrend": {"current": 0.0, "7daysAgo": 0.0, "30daysAgo": 0.0, "60daysAgo": 0.0, "90daysAgo": 0.0}, "epsRevisions": {"upLast7days": 0, "upLast30days": 0, "downLast30days": 0, "downLast90days": {}}}, {"maxAge": 1, "period": "+1q", "endDate": null, "growth": {}, "earningsEstimate": {"avg": 0.0, "low": 0.0, "high": 0.0, "yearAgoEps": {}, "numberOfAnalysts": 0, "growth": {}}, "revenueEstimate": {"avg": 0, "low": 0, "high": 0, "numberOfAnalysts": 0, "yearAgoRevenue": {}, "growth": {}}, "epsTrend": {"current": 0.0, "7daysAgo": 0.0, "30daysAgo": 0.0, "60daysAgo": 0.0, "90daysAgo": 0.0}, "epsRevisions": {"upLast7days": 0, "upLast30days": 0, "downLast30days": 0, "downLast90days": {}}}, {"maxAge": 1, "period": "0y", "endDate": null, "growth": {}, "earningsEstimate": {"avg": 0.0, "low": 0.0, "high": 0.0, "yearAgoEps": {}, "numberOfAnalysts": 0, "growth": {}}, "revenueEstimate": {"avg": 0, "low": 0, "high": 0, "numberOfAnalysts": 0, "yearAgoRevenue": {}, "growth": {}}, "epsTrend": {"current": 0.0, "7daysAgo": 0.0, "30daysAgo": 0.0, "60daysAgo": 0.0, "90daysAgo": 0.0}, "epsRevisions": {"upLast7days": 0, "upLast30days": 0, "downLast30days": 0, "downLast90days": {}}}, {"maxAge": 1, "period": "+1y", "endDate": null, "growth": {}, "earningsEstimate": {"avg": 0.0, "low": 0.0, "high": 0.0, "yearAgoEps": {}, "numberOfAnalysts": 0, "growth": {}}, "revenueEstimate": {"avg": 0, "low": 0, "high": 0, "numberOfAnalysts": 0, "yearAgoRevenue": {}, "growth": {}}, "epsTrend": {"current": 0.0, "7daysAgo": 0.0, "30daysAgo": 0.0, "60daysAgo": 0.0, "90daysAgo": 0.0}, "epsRevisions": {"upLast7days": 0, "upLast30days": 0, "downLast30days": 0, "downLast90days": {}}}, {"maxAge": 1, "period": "+5y", "endDate": null, "growth": {}, "earningsEstimate": {"avg": {}, "low": {}, "high": {}, "yearAgoEps": {}, "numberOfAnalysts": {}, "growth": {}}, "revenueEstimate": {"avg": {}, "low": {}, "high": {}, "numberOfAnalysts": {}, "yearAgoRevenue": {}, "growth": {}}, "epsTrend": {"current": {}, "7daysAgo": {}, "30daysAgo": {}, "60daysAgo": {}, "90daysAgo": {}}, "epsRevisions": {"upLast7days": {}, "upLast30days": {}, "downLast30days": {}, "downLast90days": {}}}, {"maxAge": 1, "period": "-5y", "endDate": null, "growth": {}, "earningsEstimate": {"avg": {}, "low": {}, "high": {}, "yearAgoEps": {}, "numberOfAnalysts": {}, "growth": {}}, "revenueEstimate": {"avg": {}, "low": {}, "high": {}, "numberOfAnalysts": {}, "yearAgoRevenue": {}, "growth": {}}, "epsTrend": {"current": {}, "7daysAgo": {}, "30daysAgo": {}, "60daysAgo": {}, "90daysAgo": {}}, "epsRevisions": {"upLast7days": {}, "upLast30days": {}, "downLast30days": {}, "downLast90days": {}}}], "maxAge": 1}, "institutionOwnership": {"ownershipList": [], "maxAge": 1}, "majorHoldersBreakdown": {"maxAge": 1, "insidersPercentHeld": 0.64976996, "institutionsPercentHeld": 0.0, "institutionsFloatPercentHeld": 0.0, "institutionsCount": 0}, "balanceSheetHistoryQuarterly": {"balanceSheetStatements": [{"maxAge": 1, "endDate": "2020-12-31", "totalStockholderEquity": 976028000, "netTangibleAssets": 828038000}, {"maxAge": 1, "endDate": "2020-09-30", "cash": 15763000, "shortTermInvestments": 163244000, "netReceivables": 898948000, "inventory": 594717000, "otherCurrentAssets": 131019000, "totalCurrentAssets": 1803691000, "longTermInvestments": 1000000, "propertyPlantEquipment": 408949000, "intangibleAssets": 147990000, "otherAssets": 61688000, "deferredLongTermAssetCharges": 44604000, "totalAssets": 2423318000, "accountsPayable": 440784000, "otherCurrentLiab": 209898000, "longTermDebt": 138775000, "otherLiab": 42697000, "totalCurrentLiabilities": 1265818000, "totalLiab": 1447290000, "commonStock": 33127000, "treasuryStock": 942901000, "otherStockholderEquity": 942901000, "totalStockholderEquity": 976028000, "netTangibleAssets": 828038000}, {"maxAge": 1, "endDate": "2020-06-30", "totalStockholderEquity": 956382000, "netTangibleAssets": 821389000}, {"maxAge": 1, "endDate": "2020-03-31", "cash": 14892000, "netReceivables": 848451000, "inventory": 692699000, "otherCurrentAssets": 213903000, "totalCurrentAssets": 1769945000, "longTermInvestments": 61000000, "propertyPlantEquipment": 375134000, "intangibleAssets": 134993000, "otherAssets": 84217000, "deferredLongTermAssetCharges": 46895000, "totalAssets": 2425289000, "accountsPayable": 394672000, "shortLongTermDebt": 52973000, "otherCurrentLiab": 116651000, "longTermDebt": 150944000, "otherLiab": 43689000, "totalCurrentLiabilities": 1274274000, "totalLiab": 1468907000, "commonStock": 33127000, "retainedEarnings": 808054000, "capitalSurplus": 115201000, "totalStockholderEquity": 956382000, "netTangibleAssets": 821389000}], "maxAge": 86400}, "earningsHistory": {"history": [{"maxAge": 1, "epsActual": {}, "epsEstimate": {}, "epsDifference": {}, "surprisePercent": {}, "quarter": {}, "period": "-4q"}, {"maxAge": 1, "epsActual": {}, "epsEstimate": {}, "epsDifference": {}, "surprisePercent": {}, "quarter": {}, "period": "-3q"}, {"maxAge": 1, "epsActual": {}, "epsEstimate": {}, "epsDifference": {}, "surprisePercent": {}, "quarter": {}, "period": "-2q"}, {"maxAge": 1, "epsActual": {}, "epsEstimate": {}, "epsDifference": {}, "surprisePercent": {}, "quarter": {}, "period": "-1q"}], "maxAge": 86400}, "summaryProfile": {"address1": "Lake Road", "address2": "Bhandup (West)", "city": "Mumbai", "zip": "400078", "country": "India", "phone": "91 22 2569 6789", "fax": "91 22 2596 4114", "website": "http://www.hirect.com", "industry": "Electrical Equipment & Parts", "sector": "Industrials", "longBusinessSummary": "Hind Rectifiers Limited develops, designs, manufactures, and markets semi-conductor devices, power electronic equipment, and railway transportation equipment in India and internationally. It offers power supplies for electrostatic precipitators; DC power systems for electrochemical plants; chargers and regenerative dischargers for the battery industry; water cooled rectifier systems; and cathodic protection transformer rectifier units. The company also provides various rectifiers for rolling stock application; transformers for locomotives and electrical multiple units; and converters and inverters, as well as semiconductor, such as power diodes, thyristors, power modules, and special products comprising high voltage disk stacks, auto diode stacks, and water cooled assemblies. In addition, it offers pre-installation, supervision of erection/commissioning, post commissioning and maintenance services, and service support to railways. Hind Rectifiers Limited was founded in 1958 and is based in Mumbai, India.", "fullTimeEmployees": 340, "companyOfficers": [], "maxAge": 86400}, "netSharePurchaseActivity": {"maxAge": 1, "period": "6m", "buyInfoCount": 0, "buyInfoShares": 0, "sellInfoCount": 0, "netInfoCount": 0, "netInfoShares": 0, "netPercentInsiderShares": 0.0, "totalInsiderShares": 10841628}, "insiderTransactions": {"transactions": [{"maxAge": 1, "shares": 158500, "filerUrl": "", "transactionText": "Other at price 0.00 per share.", "filerName": "Nevatia (Saurabh)", "filerRelation": "Chief Executive Officer", "moneyText": "", "startDate": "2020-10-05", "ownership": "D"}, {"maxAge": 1, "shares": 4000, "filerUrl": "", "transactionText": "", "filerName": "Nevatia (Suramya Saurabh)", "filerRelation": "Promoter", "moneyText": "", "startDate": "2020-03-30", "ownership": "D"}, {"maxAge": 1, "shares": 4000, "filerUrl": "", "transactionText": "", "filerName": "Nevatia (Suramya Saurabh)", "filerRelation": "Promoter", "moneyText": "", "startDate": "2020-03-30", "ownership": "D"}, {"maxAge": 1, "shares": 163, "filerUrl": "", "transactionText": "", "filerName": "Nevatia (Suramya Saurabh)", "filerRelation": "Promoter", "moneyText": "", "startDate": "2020-03-27", "ownership": "D"}, {"maxAge": 1, "shares": 69, "filerUrl": "", "transactionText": "", "filerName": "Nevatia (Suramya Saurabh)", "filerRelation": "Promoter", "moneyText": "", "startDate": "2020-03-27", "ownership": "D"}, {"maxAge": 1, "shares": 48675, "filerUrl": "", "transactionText": "", "filerName": "Shah (Vandan)", "filerRelation": "Director (Non-Executive)", "moneyText": "", "startDate": "2020-03-13", "ownership": "D"}, {"maxAge": 1, "shares": 1372, "filerUrl": "", "transactionText": "", "filerName": "Sipra Engineers Pvt Ltd", "filerRelation": "Promoter", "moneyText": "", "startDate": "2020-02-19", "ownership": "D"}, {"maxAge": 1, "shares": 1002, "filerUrl": "", "transactionText": "", "filerName": "Mehta (Shailesh)", "filerRelation": "UNREPORTED", "moneyText": "", "startDate": "2019-03-18", "ownership": "D"}, {"maxAge": 1, "shares": 3000, "filerUrl": "", "transactionText": "", "filerName": "Nevatia (Sushil Kumar Rameshwarprasad)", "filerRelation": "Non Independent Executive Chairman", "moneyText": "", "startDate": "2019-03-01", "ownership": "D"}, {"maxAge": 1, "shares": 481, "filerUrl": "", "transactionText": "", "filerName": "Mehta (Shailesh)", "filerRelation": "UNREPORTED", "moneyText": "", "startDate": "2019-02-28", "ownership": "D"}, {"maxAge": 1, "shares": 15000, "filerUrl": "", "transactionText": "", "filerName": "Nevatia (Sushil Kumar Rameshwarprasad)", "filerRelation": "Non Independent Executive Chairman", "moneyText": "", "startDate": "2019-02-26", "ownership": "D"}, {"maxAge": 1, "shares": 750, "filerUrl": "", "transactionText": "", "filerName": "Mehta (Shailesh)", "filerRelation": "UNREPORTED", "moneyText": "", "startDate": "2019-02-04", "ownership": "D"}, {"maxAge": 1, "shares": 12500, "filerUrl": "", "transactionText": "", "filerName": "Mittal (Raj Kumar)", "filerRelation": "UNREPORTED", "moneyText": "", "startDate": "2019-01-16", "ownership": "D"}, {"maxAge": 1, "shares": 40500, "filerUrl": "", "transactionText": "", "filerName": "Nevatia (Sushil Kumar Rameshwarprasad)", "filerRelation": "Managing Director", "moneyText": "", "startDate": "2019-01-08", "ownership": "D"}, {"maxAge": 1, "shares": 40000, "filerUrl": "", "transactionText": "", "filerName": "Nevatia (Sushil Kumar) HUF", "filerRelation": "UNREPORTED", "moneyText": "", "startDate": "2019-01-08", "ownership": "D"}, {"maxAge": 1, "shares": 2577, "filerUrl": "", "transactionText": "", "filerName": "Nevatia (Suramya Saurabh)", "filerRelation": "Chief Executive Officer", "moneyText": "", "startDate": "2019-01-03", "ownership": "D"}, {"maxAge": 1, "shares": 1078, "filerUrl": "", "transactionText": "", "filerName": "Nevatia (Suramya Saurabh)", "filerRelation": "Promoter", "moneyText": "", "startDate": "2018-12-14", "ownership": "D"}, {"maxAge": 1, "shares": 296672, "filerUrl": "", "transactionText": "", "filerName": "Nevatia (Suramya Saurabh)", "filerRelation": "Promoter", "moneyText": "", "startDate": "2018-12-07", "ownership": "D"}, {"maxAge": 1, "shares": 1755838, "filerUrl": "", "transactionText": "", "filerName": "Nevatia (Sushil Kumar Rameshwarprasad)", "filerRelation": "Managing Director", "moneyText": "", "startDate": "2018-06-21", "ownership": "D"}, {"maxAge": 1, "shares": 2206638, "filerUrl": "", "transactionText": "", "filerName": "Nevatia (Saurabh)", "filerRelation": "Chief Executive Officer", "moneyText": "", "startDate": "2018-06-21", "ownership": "D"}, {"maxAge": 1, "shares": 1423959, "filerUrl": "", "transactionText": "", "filerName": "Nevatia (Suramya Saurabh)", "filerRelation": "Promoter", "moneyText": "", "startDate": "2016-12-02", "ownership": "D"}, {"maxAge": 1, "shares": 7500, "filerUrl": "", "transactionText": "", "filerName": "Swaroop (Bharat)", "filerRelation": "Non Independent Director", "moneyText": "", "startDate": "2016-08-10", "ownership": "D"}, {"maxAge": 1, "shares": 7500, "filerUrl": "", "transactionText": "", "filerName": "Swaroop (Nimal)", "filerRelation": "Promoter", "moneyText": "", "startDate": "2016-08-10", "ownership": "D"}, {"maxAge": 1, "shares": 7500, "filerUrl": "", "transactionText": "", "filerName": "Chhabria (Priyanka)", "filerRelation": "Promoter", "moneyText": "", "startDate": "2016-04-04", "ownership": "D"}, {"maxAge": 1, "shares": 100000, "filerUrl": "", "transactionText": "", "filerName": "Nevatia (Saurabh)", "filerRelation": "Promoter", "moneyText": "", "startDate": "2016-01-12", "ownership": "D"}, {"maxAge": 1, "shares": 100000, "filerUrl": "", "transactionText": "", "filerName": "Nevatia (Suryansh Saurabh)", "filerRelation": "Promoter", "moneyText": "", "startDate": "2016-01-12", "ownership": "D"}, {"maxAge": 1, "shares": 120000, "filerUrl": "", "transactionText": "", "filerName": "Nevatia (Umadevi Sushil)", "filerRelation": "Non Independent Vice Chairman Of The Boa", "moneyText": "", "startDate": "2014-05-10", "ownership": "D"}, {"maxAge": 1, "shares": 33720, "filerUrl": "", "transactionText": "", "filerName": "Bajaj (Niraj) HUF", "filerRelation": "UNREPORTED", "moneyText": "", "startDate": "2014-03-26", "ownership": "D"}, {"maxAge": 1, "shares": 33720, "filerUrl": "", "transactionText": "", "filerName": "Bajaj (Niraj)", "filerRelation": "Director (Non-Executive)", "moneyText": "", "startDate": "2014-03-26", "ownership": "D"}, {"maxAge": 1, "shares": 2400000, "filerUrl": "", "transactionText": "", "filerName": "BTR Industries Ltd", "filerRelation": "Institution- Corporation", "moneyText": "", "startDate": "2013-07-28", "ownership": "D"}, {"maxAge": 1, "shares": 2400000, "filerUrl": "", "transactionText": "", "filerName": "Westinghouse Brake & Signal Holdings Ltd", "filerRelation": "Institution- Corporation", "moneyText": "", "startDate": "2013-07-28", "ownership": "D"}, {"maxAge": 1, "shares": 0, "filerUrl": "", "transactionText": "", "filerName": "Nevatia (Sushil Kumar Rameshwarprasad)", "filerRelation": "Managing Director", "moneyText": "", "startDate": "2013-02-23", "ownership": "I"}, {"maxAge": 1, "shares": 20859, "filerUrl": "", "transactionText": "", "filerName": "Nevatia (Umadevi Sushil)", "filerRelation": "Non Independent Vice Chairman Of The Boa", "moneyText": "", "startDate": "2013-02-22", "ownership": "D"}, {"maxAge": 1, "shares": 20000, "filerUrl": "", "transactionText": "", "filerName": "Nevatia (Sushil Kumar Rameshwarprasad)", "filerRelation": "Managing Director", "moneyText": "", "startDate": "2013-02-22", "ownership": "D"}, {"maxAge": 1, "shares": 16719, "filerUrl": "", "transactionText": "", "filerName": "Nevatia (Sushil Kumar Rameshwarprasad)", "filerRelation": "Managing Director", "moneyText": "", "startDate": "2013-02-14", "ownership": "D"}, {"maxAge": 1, "shares": 58218, "filerUrl": "", "transactionText": "", "filerName": "Nevatia (Sushil Kumar Rameshwarprasad)", "filerRelation": "Managing Director", "moneyText": "", "startDate": "2013-02-12", "ownership": "D"}], "maxAge": 1}, "sectorTrend": {"maxAge": 1, "symbol": null, "estimates": []}, "incomeStatementHistoryQuarterly": {"incomeStatementHistory": [{"maxAge": 1, "endDate": "2020-12-31", "totalRevenue": 809988000, "costOfRevenue": 633346000, "grossProfit": 176642000, "researchDevelopment": {}, "sellingGeneralAdministrative": 84888000, "nonRecurring": {}, "otherOperatingExpenses": 43207000, "totalOperatingExpenses": 771016000, "operatingIncome": 38972000, "totalOtherIncomeExpenseNet": -22253000, "ebit": 38972000, "interestExpense": -22626000, "incomeBeforeTax": 16719000, "incomeTaxExpense": 4205000, "minorityInterest": {}, "netIncomeFromContinuingOps": 12514000, "discontinuedOperations": {}, "extraordinaryItems": {}, "effectOfAccountingCharges": {}, "otherItems": {}, "netIncome": 12514000, "netIncomeApplicableToCommonShares": 12514000}, {"maxAge": 1, "endDate": "2020-09-30", "totalRevenue": 1009111000, "costOfRevenue": 794818000, "grossProfit": 214293000, "researchDevelopment": {}, "sellingGeneralAdministrative": 82607000, "nonRecurring": {}, "otherOperatingExpenses": 59261000, "totalOperatingExpenses": 945792000, "operatingIncome": 63319000, "totalOtherIncomeExpenseNet": -23011000, "ebit": 63319000, "interestExpense": -23875000, "incomeBeforeTax": 40308000, "incomeTaxExpense": 11709000, "minorityInterest": {}, "netIncomeFromContinuingOps": 28599000, "discontinuedOperations": {}, "extraordinaryItems": {}, "effectOfAccountingCharges": {}, "otherItems": {}, "netIncome": 28599000, "netIncomeApplicableToCommonShares": 28599000}, {"maxAge": 1, "endDate": "2020-06-30", "totalRevenue": 476186000, "costOfRevenue": 340779000, "grossProfit": 135407000, "researchDevelopment": {}, "sellingGeneralAdministrative": 77582000, "nonRecurring": {}, "otherOperatingExpenses": 25120000, "totalOperatingExpenses": 452571000, "operatingIncome": 23615000, "totalOtherIncomeExpenseNet": -18320000, "ebit": 23615000, "interestExpense": -19681000, "incomeBeforeTax": 5295000, "incomeTaxExpense": 1629000, "minorityInterest": {}, "netIncomeFromContinuingOps": 3666000, "discontinuedOperations": {}, "extraordinaryItems": {}, "effectOfAccountingCharges": {}, "otherItems": {}, "netIncome": 3666000, "netIncomeApplicableToCommonShares": 3666000}, {"maxAge": 1, "endDate": "2020-03-31", "totalRevenue": 778867000, "costOfRevenue": 583718000, "grossProfit": 195149000, "researchDevelopment": {}, "sellingGeneralAdministrative": 84956000, "nonRecurring": {}, "otherOperatingExpenses": 37419000, "totalOperatingExpenses": 717484000, "operatingIncome": 61383000, "totalOtherIncomeExpenseNet": -32064000, "ebit": 61383000, "interestExpense": -19446000, "incomeBeforeTax": 29319000, "incomeTaxExpense": 8627000, "minorityInterest": {}, "netIncomeFromContinuingOps": 20692000, "discontinuedOperations": {}, "extraordinaryItems": {}, "effectOfAccountingCharges": {}, "otherItems": {}, "netIncome": 20692000, "netIncomeApplicableToCommonShares": 20692000}], "maxAge": 86400}, "cashflowStatementHistoryQuarterly": {"cashflowStatements": [{"maxAge": 1, "endDate": "2020-12-31", "netIncome": 12514000, "changeToLiabilities": 0}, {"maxAge": 1, "endDate": "2020-09-30", "netIncome": 28599000, "changeToLiabilities": 0}, {"maxAge": 1, "endDate": "2020-06-30", "netIncome": 3666000, "changeToLiabilities": 0}, {"maxAge": 1, "endDate": "2020-03-31", "netIncome": 20692000, "changeToLiabilities": 0}], "maxAge": 86400}, "earnings": {"maxAge": 86400, "earningsChart": {"quarterly": [], "earningsDate": []}, "financialsChart": {"yearly": [{"date": 2017, "revenue": 1206281000, "earnings": -71220000}, {"date": 2018, "revenue": 1270551000, "earnings": 13145000}, {"date": 2019, "revenue": 2551429000, "earnings": 117908000}, {"date": 2020, "revenue": 2996205000, "earnings": 184791000}], "quarterly": [{"date": "1Q2020", "revenue": 778867000, "earnings": 20692000}, {"date": "2Q2020", "revenue": 476186000, "earnings": 3666000}, {"date": "3Q2020", "revenue": 1009111000, "earnings": 28599000}, {"date": "4Q2020", "revenue": 809988000, "earnings": 12514000}]}, "financialCurrency": "INR"}, "financialData": {"maxAge": 86400, "currentPrice": 122.4, "targetHighPrice": 73.0, "targetLowPrice": 73.0, "targetMeanPrice": 73.0, "targetMedianPrice": 73.0, "recommendationKey": "none", "numberOfAnalystOpinions": 1, "totalCash": 179007008, "totalCashPerShare": 10.728, "ebitda": 216846752, "totalDebt": 753910976, "totalRevenue": 3074151936, "debtToEquity": 77.243, "revenuePerShare": 185.099, "grossProfits": 896037000, "earningsGrowth": -0.665, "revenueGrowth": 0.154, "grossMargins": 0.2347, "ebitdaMargins": 0.070539996, "operatingMargins": 0.06092, "profitMargins": 0.021300001, "financialCurrency": "INR"}}}