{"HITECHCORP.BO": {"recommendationTrend": {"trend": [{"period": "0m", "strongBuy": 0, "buy": 0, "hold": 0, "sell": 0, "strongSell": 0}, {"period": "-1m", "strongBuy": 0, "buy": 0, "hold": 0, "sell": 0, "strongSell": 0}, {"period": "-2m", "strongBuy": 0, "buy": 0, "hold": 0, "sell": 0, "strongSell": 0}, {"period": "-3m", "strongBuy": 0, "buy": 0, "hold": 0, "sell": 0, "strongSell": 0}], "maxAge": 86400}, "cashflowStatementHistory": {"cashflowStatements": [{"maxAge": 1, "endDate": "2020-03-31", "netIncome": 23593000, "depreciation": 298589000, "changeToNetincome": 231366000, "changeToAccountReceivables": 119257000, "changeToLiabilities": 7133000, "changeToInventory": 50966000, "changeToOperatingActivities": -168583000, "totalCashFromOperatingActivities": 563411000, "capitalExpenditures": -259865000, "investments": 5042000, "otherCashflowsFromInvestingActivities": 5798000, "totalCashflowsFromInvestingActivities": -246432000, "dividendsPaid": -39715000, "netBorrowings": -49779000, "otherCashflowsFromFinancingActivities": -221467000, "totalCashFromFinancingActivities": -310961000, "changeInCash": 6018000}, {"maxAge": 1, "endDate": "2019-03-31", "netIncome": 164030000, "depreciation": 213311000, "changeToNetincome": 229339000, "changeToAccountReceivables": 191653000, "changeToLiabilities": -50838000, "changeToInventory": -24757000, "changeToOperatingActivities": 132327000, "totalCashFromOperatingActivities": 856040000, "capitalExpenditures": -848194000, "investments": -517000, "otherCashflowsFromInvestingActivities": 2297000, "totalCashflowsFromInvestingActivities": -844350000, "dividendsPaid": -44654000, "netBorrowings": 202493000, "otherCashflowsFromFinancingActivities": -179528000, "totalCashFromFinancingActivities": -61143000, "changeInCash": -49453000}, {"maxAge": 1, "endDate": "2018-03-31", "netIncome": 77639000, "depreciation": 173652000, "changeToNetincome": 154364000, "changeToAccountReceivables": 107885000, "changeToLiabilities": -72463000, "changeToInventory": -45870000, "changeToOperatingActivities": 30278000, "totalCashFromOperatingActivities": 427020000, "capitalExpenditures": -808707000, "investments": -675000, "otherCashflowsFromInvestingActivities": 3932000, "totalCashflowsFromInvestingActivities": -801883000, "dividendsPaid": -49927000, "netBorrowings": 615502000, "otherCashflowsFromFinancingActivities": -113506000, "totalCashFromFinancingActivities": 405653000, "changeInCash": 30790000}, {"maxAge": 1, "endDate": "2017-03-31", "netIncome": 93567000, "depreciation": 128509000, "changeToNetincome": 92189000, "changeToAccountReceivables": -237156000, "changeToLiabilities": 109837000, "changeToInventory": -31161000, "changeToOperatingActivities": 216106000, "totalCashFromOperatingActivities": 373329000, "capitalExpenditures": -634595000, "investments": -675000, "otherCashflowsFromInvestingActivities": -373000, "totalCashflowsFromInvestingActivities": -633022000, "dividendsPaid": -23243000, "netBorrowings": 357636000, "otherCashflowsFromFinancingActivities": -61268000, "totalCashFromFinancingActivities": 273125000, "changeInCash": 13432000}], "maxAge": 86400}, "institutionOwnership": {"ownershipList": [], "maxAge": 1}, "balanceSheetHistoryQuarterly": {"balanceSheetStatements": [{"maxAge": 1, "endDate": "2020-06-30", "totalStockholderEquity": 1653297000, "netTangibleAssets": 1651903000}, {"maxAge": 1, "endDate": "2020-03-31", "cash": 5177000, "shortTermInvestments": 782000, "netReceivables": 474687000, "inventory": 348197000, "otherCurrentAssets": 40120000, "totalCurrentAssets": 887912000, "longTermInvestments": 2176000, "propertyPlantEquipment": 2764132000, "intangibleAssets": 1394000, "otherAssets": 207002000, "totalAssets": 3862616000, "accountsPayable": 163305000, "shortLongTermDebt": 212500000, "otherCurrentLiab": 68410000, "longTermDebt": 936072000, "otherLiab": 84231000, "totalCurrentLiabilities": 1150821000, "totalLiab": 2209319000, "commonStock": 171757000, "retainedEarnings": 1161550000, "treasuryStock": 131990000, "capitalSurplus": 188000000, "otherStockholderEquity": 131990000, "totalStockholderEquity": 1653297000, "netTangibleAssets": 1651903000}, {"maxAge": 1, "endDate": "2019-12-31", "totalStockholderEquity": 1655190000, "netTangibleAssets": 1653263000}, {"maxAge": 1, "endDate": "2019-09-30", "cash": 15815000, "shortTermInvestments": 24053000, "netReceivables": 565462000, "inventory": 419010000, "otherCurrentAssets": 99862000, "totalCurrentAssets": 1100149000, "longTermInvestments": 12403000, "propertyPlantEquipment": 2870774000, "intangibleAssets": 1927000, "otherAssets": 200365000, "totalAssets": 4185618000, "accountsPayable": 223492000, "otherCurrentLiab": 392478000, "longTermDebt": 1042322000, "otherLiab": 78867000, "totalCurrentLiabilities": 1367769000, "totalLiab": 2530428000, "commonStock": 171757000, "treasuryStock": 1483433000, "otherStockholderEquity": 1483433000, "totalStockholderEquity": 1655190000, "netTangibleAssets": 1653263000}], "maxAge": 86400}, "earningsHistory": {"history": [{"maxAge": 1, "epsActual": {}, "epsEstimate": {}, "epsDifference": {}, "surprisePercent": {}, "quarter": {}, "period": "-4q"}, {"maxAge": 1, "epsActual": {}, "epsEstimate": {}, "epsDifference": {}, "surprisePercent": {}, "quarter": {}, "period": "-3q"}, {"maxAge": 1, "epsActual": {}, "epsEstimate": {}, "epsDifference": {}, "surprisePercent": {}, "quarter": {}, "period": "-2q"}, {"maxAge": 1, "epsActual": 0.41, "epsEstimate": 1.8, "epsDifference": -1.39, "surprisePercent": -0.77199996, "quarter": "2017-06-30", "period": "-1q"}], "maxAge": 86400}, "indexTrend": {"maxAge": 1, "symbol": "SP5", "peRatio": 19.7411, "pegRatio": 1.34172, "estimates": [{"period": "0q", "growth": 0.549}, {"period": "+1q", "growth": 0.431}, {"period": "0y", "growth": 0.305}, {"period": "+1y", "growth": 0.109}, {"period": "+5y", "growth": 0.120865}, {"period": "-5y"}]}, "industryTrend": {"maxAge": 1, "symbol": null, "estimates": []}, "insiderTransactions": {"transactions": [{"maxAge": 1, "shares": 500, "filerUrl": "", "transactionText": "", "filerName": "Shah (Jatin)", "filerRelation": "UNREPORTED", "moneyText": "", "startDate": "2017-07-21", "ownership": "D"}, {"maxAge": 1, "shares": 191000, "filerUrl": "", "transactionText": "", "filerName": "Hiren Holdings Pvt Ltd", "filerRelation": "Promoter", "moneyText": "", "startDate": "2016-06-03", "ownership": "D"}, {"maxAge": 1, "shares": 0, "filerUrl": "", "transactionText": "", "filerName": "Dani (Ashwin Suryakant)", "filerRelation": "Non Executive Chairman", "moneyText": "", "startDate": "2016-02-03", "ownership": "I"}, {"maxAge": 1, "shares": 0, "filerUrl": "", "transactionText": "", "filerName": "Dani (Vita J)", "filerRelation": "Promoter", "moneyText": "", "startDate": "2016-02-03", "ownership": "I"}, {"maxAge": 1, "shares": 0, "filerUrl": "", "transactionText": "", "filerName": "Dani (Ina A)", "filerRelation": "Promoter", "moneyText": "", "startDate": "2016-02-03", "ownership": "I"}, {"maxAge": 1, "shares": 0, "filerUrl": "", "transactionText": "", "filerName": "Dani (Malav A.)", "filerRelation": "Joint Managing director", "moneyText": "", "startDate": "2016-02-03", "ownership": "I"}, {"maxAge": 1, "shares": 0, "filerUrl": "", "transactionText": "", "filerName": "Dani (Jalaj A)", "filerRelation": "Director (Non-Executive)", "moneyText": "", "startDate": "2016-02-03", "ownership": "I"}, {"maxAge": 1, "shares": 3880, "filerUrl": "", "transactionText": "", "filerName": "Gandhi (Ramesh S)", "filerRelation": "Director (Non-Executive)", "moneyText": "", "startDate": "2015-01-16", "ownership": "D"}, {"maxAge": 1, "shares": 80000, "filerUrl": "", "transactionText": "", "filerName": "Dani (Ashwin Suryakant)", "filerRelation": "Non Executive Chairman", "moneyText": "", "startDate": "2014-09-18", "ownership": "D"}, {"maxAge": 1, "shares": 14000, "filerUrl": "", "transactionText": "", "filerName": "Dani (Vita J)", "filerRelation": "Promoter", "moneyText": "", "startDate": "2014-09-18", "ownership": "D"}, {"maxAge": 1, "shares": 24000, "filerUrl": "", "transactionText": "", "filerName": "Dani (Malav A.)", "filerRelation": "Joint Managing director", "moneyText": "", "startDate": "2014-09-18", "ownership": "D"}, {"maxAge": 1, "shares": 16000, "filerUrl": "", "transactionText": "", "filerName": "Dani (Jalaj A)", "filerRelation": "Director (Non-Executive)", "moneyText": "", "startDate": "2014-09-18", "ownership": "D"}, {"maxAge": 1, "shares": 26000, "filerUrl": "", "transactionText": "", "filerName": "Dani (Ina A)", "filerRelation": "Director (Non-Executive)", "moneyText": "", "startDate": "2014-09-18", "ownership": "D"}, {"maxAge": 1, "shares": 1800, "filerUrl": "", "transactionText": "", "filerName": "Shah (Jayendra Ratilal)", "filerRelation": "Director (Non-Executive)", "moneyText": "", "startDate": "2013-11-14", "ownership": "D"}, {"maxAge": 1, "shares": 34, "filerUrl": "", "transactionText": "", "filerName": "Gandhi (Ramesh S)", "filerRelation": "Director (Non-Executive)", "moneyText": "", "startDate": "2010-10-21", "ownership": "D"}, {"maxAge": 1, "shares": 1086, "filerUrl": "", "transactionText": "", "filerName": "Gandhi (Ramesh S)", "filerRelation": "Director (Non-Executive)", "moneyText": "", "startDate": "2010-10-19", "ownership": "D"}, {"maxAge": 1, "shares": 5200, "filerUrl": "", "transactionText": "", "filerName": "Goyal (Anuradha)", "filerRelation": "UNREPORTED", "moneyText": "", "startDate": "2010-10-04", "ownership": "D"}, {"maxAge": 1, "shares": 1000, "filerUrl": "", "transactionText": "", "filerName": "Goyal (Anuradha)", "filerRelation": "UNREPORTED", "moneyText": "", "startDate": "2010-10-04", "ownership": "D"}, {"maxAge": 1, "shares": 1200, "filerUrl": "", "transactionText": "", "filerName": "Goyal (Anuradha)", "filerRelation": "UNREPORTED", "moneyText": "", "startDate": "2010-10-01", "ownership": "D"}, {"maxAge": 1, "shares": 600, "filerUrl": "", "transactionText": "", "filerName": "Goyal (Anuradha)", "filerRelation": "UNREPORTED", "moneyText": "", "startDate": "2010-10-01", "ownership": "D"}, {"maxAge": 1, "shares": 3300, "filerUrl": "", "transactionText": "", "filerName": "Goyal (Anuradha)", "filerRelation": "UNREPORTED", "moneyText": "", "startDate": "2010-09-30", "ownership": "D"}, {"maxAge": 1, "shares": 2300, "filerUrl": "", "transactionText": "", "filerName": "Goyal (Anuradha)", "filerRelation": "UNREPORTED", "moneyText": "", "startDate": "2009-12-31", "ownership": "D"}, {"maxAge": 1, "shares": 3020, "filerUrl": "", "transactionText": "", "filerName": "Goyal (Anuradha)", "filerRelation": "UNREPORTED", "moneyText": "", "startDate": "2009-12-31", "ownership": "D"}, {"maxAge": 1, "shares": 480, "filerUrl": "", "transactionText": "", "filerName": "Goyal (Anuradha)", "filerRelation": "UNREPORTED", "moneyText": "", "startDate": "2009-12-30", "ownership": "D"}, {"maxAge": 1, "shares": 5500, "filerUrl": "", "transactionText": "", "filerName": "Goyal (Anuradha)", "filerRelation": "UNREPORTED", "moneyText": "", "startDate": "2009-12-15", "ownership": "D"}], "maxAge": 1}, "quoteType": {"exchange": "BSE", "quoteType": "EQUITY", "symbol": "HITECHCORP.BO", "underlyingSymbol": "HITECHCORP.BO", "shortName": "Hitech Corporation Limited", "longName": "Hitech Corporation Limited", "firstTradeDateEpochUtc": "1996-01-01 09:15:00", "timeZoneFullName": "Asia/Kolkata", "timeZoneShortName": "IST", "uuid": "ff7fb661-5c42-38d2-9626-2ffb0c05f01c", "gmtOffSetMilliseconds": 19800000, "maxAge": 1}, "incomeStatementHistory": {"incomeStatementHistory": [{"maxAge": 1, "endDate": "2020-03-31", "totalRevenue": 4600871000, "costOfRevenue": 2776440000, "grossProfit": 1824431000, "researchDevelopment": {}, "sellingGeneralAdministrative": 312595000, "nonRecurring": {}, "otherOperatingExpenses": 895067000, "totalOperatingExpenses": 4299794000, "operatingIncome": 301077000, "totalOtherIncomeExpenseNet": -265231000, "ebit": 301077000, "interestExpense": -161224000, "incomeBeforeTax": 35846000, "incomeTaxExpense": 12253000, "minorityInterest": {}, "netIncomeFromContinuingOps": 23593000, "discontinuedOperations": {}, "extraordinaryItems": {}, "effectOfAccountingCharges": {}, "otherItems": {}, "netIncome": 23593000, "netIncomeApplicableToCommonShares": 23593000}, {"maxAge": 1, "endDate": "2019-03-31", "totalRevenue": 4619011000, "costOfRevenue": 2894360000, "grossProfit": 1724651000, "researchDevelopment": {}, "sellingGeneralAdministrative": 331921000, "nonRecurring": {}, "otherOperatingExpenses": 867055000, "totalOperatingExpenses": 4315040000, "operatingIncome": 303971000, "totalOtherIncomeExpenseNet": -48201000, "ebit": 303971000, "interestExpense": -124896000, "incomeBeforeTax": 255770000, "incomeTaxExpense": 91740000, "minorityInterest": {}, "netIncomeFromContinuingOps": 164030000, "discontinuedOperations": {}, "extraordinaryItems": {}, "effectOfAccountingCharges": {}, "otherItems": {}, "netIncome": 164030000, "netIncomeApplicableToCommonShares": 164030000}, {"maxAge": 1, "endDate": "2018-03-31", "totalRevenue": 3884547000, "costOfRevenue": 2405611000, "grossProfit": 1478936000, "researchDevelopment": {}, "sellingGeneralAdministrative": 320052000, "nonRecurring": {}, "otherOperatingExpenses": 781996000, "totalOperatingExpenses": 3684694000, "operatingIncome": 199853000, "totalOtherIncomeExpenseNet": -79528000, "ebit": 199853000, "interestExpense": -88867000, "incomeBeforeTax": 120325000, "incomeTaxExpense": 42686000, "minorityInterest": {}, "netIncomeFromContinuingOps": 77639000, "discontinuedOperations": {}, "extraordinaryItems": {}, "effectOfAccountingCharges": {}, "otherItems": {}, "netIncome": 77639000, "netIncomeApplicableToCommonShares": 77639000}, {"maxAge": 1, "endDate": "2017-03-31", "totalRevenue": 3672544000, "costOfRevenue": 2320868000, "grossProfit": 1351676000, "researchDevelopment": {}, "sellingGeneralAdministrative": 302146000, "nonRecurring": {}, "otherOperatingExpenses": 694975000, "totalOperatingExpenses": 3450813000, "operatingIncome": 221731000, "totalOtherIncomeExpenseNet": -85489000, "ebit": 221731000, "interestExpense": -51577000, "incomeBeforeTax": 136242000, "incomeTaxExpense": 42675000, "minorityInterest": {}, "netIncomeFromContinuingOps": 93567000, "discontinuedOperations": {}, "extraordinaryItems": {}, "effectOfAccountingCharges": {}, "otherItems": {}, "netIncome": 93567000, "netIncomeApplicableToCommonShares": 93567000}], "maxAge": 86400}, "fundOwnership": {"ownershipList": [], "maxAge": 1}, "summaryDetail": {"maxAge": 1, "priceHint": 2, "previousClose": 148.45, "open": 150.0, "dayLow": 141.25, "dayHigh": 150.0, "regularMarketPreviousClose": 148.45, "regularMarketOpen": 150.0, "regularMarketDayLow": 141.25, "regularMarketDayHigh": 150.0, "volume": 1907, "regularMarketVolume": 1907, "averageVolume": 2155, "averageVolume10days": 750, "averageDailyVolume10Day": 750, "bid": 143.1, "ask": 149.9, "bidSize": 0, "askSize": 0, "marketCap": 2440667136, "fiftyTwoWeekLow": 41.4, "fiftyTwoWeekHigh": 150.0, "fiftyDayAverage": 114.069695, "twoHundredDayAverage": 97.03212, "trailingAnnualDividendRate": 0.9, "trailingAnnualDividendYield": 0.0060626473, "currency": "INR", "fromCurrency": null, "lastMarket": null, "algorithm": null, "tradeable": false}, "sectorTrend": {"maxAge": 1, "symbol": null, "estimates": []}, "incomeStatementHistoryQuarterly": {"incomeStatementHistory": [{"maxAge": 1, "endDate": "2020-06-30", "totalRevenue": 573731000, "costOfRevenue": 333866000, "grossProfit": 239865000, "researchDevelopment": {}, "sellingGeneralAdministrative": 68152000, "nonRecurring": {}, "otherOperatingExpenses": 121596000, "totalOperatingExpenses": 592508000, "operatingIncome": -18777000, "totalOtherIncomeExpenseNet": -44756000, "ebit": -18777000, "interestExpense": -46299000, "incomeBeforeTax": -63533000, "incomeTaxExpense": 0, "minorityInterest": {}, "netIncomeFromContinuingOps": -63533000, "discontinuedOperations": {}, "extraordinaryItems": {}, "effectOfAccountingCharges": {}, "otherItems": {}, "netIncome": -63533000, "netIncomeApplicableToCommonShares": -63533000}, {"maxAge": 1, "endDate": "2020-03-31", "totalRevenue": 1091388000, "costOfRevenue": 679340000, "grossProfit": 412048000, "researchDevelopment": {}, "sellingGeneralAdministrative": 78816000, "nonRecurring": {}, "otherOperatingExpenses": 179781000, "totalOperatingExpenses": 1032051000, "operatingIncome": 59337000, "totalOtherIncomeExpenseNet": -54063000, "ebit": 59337000, "interestExpense": -46299000, "incomeBeforeTax": 5274000, "incomeTaxExpense": 2384000, "minorityInterest": {}, "netIncomeFromContinuingOps": 2890000, "discontinuedOperations": {}, "extraordinaryItems": {}, "effectOfAccountingCharges": {}, "otherItems": {}, "netIncome": 2890000, "netIncomeApplicableToCommonShares": 2890000}, {"maxAge": 1, "endDate": "2019-12-31", "totalRevenue": 1074596000, "costOfRevenue": 627296000, "grossProfit": 447300000, "researchDevelopment": {}, "sellingGeneralAdministrative": 70087000, "nonRecurring": {}, "otherOperatingExpenses": 221826000, "totalOperatingExpenses": 998031000, "operatingIncome": 76565000, "totalOtherIncomeExpenseNet": -91471000, "ebit": 76565000, "interestExpense": -59580000, "incomeBeforeTax": -14906000, "incomeTaxExpense": -6450000, "minorityInterest": {}, "netIncomeFromContinuingOps": -8456000, "discontinuedOperations": {}, "extraordinaryItems": {}, "effectOfAccountingCharges": {}, "otherItems": {}, "netIncome": -8456000, "netIncomeApplicableToCommonShares": -8456000}, {"maxAge": 1, "endDate": "2019-09-30", "totalRevenue": 1220390000, "costOfRevenue": 733866000, "grossProfit": 486524000, "researchDevelopment": {}, "sellingGeneralAdministrative": 77989000, "nonRecurring": {}, "otherOperatingExpenses": 257575000, "totalOperatingExpenses": 1145101000, "operatingIncome": 75289000, "totalOtherIncomeExpenseNet": -61749000, "ebit": 75289000, "interestExpense": -63836000, "incomeBeforeTax": 13540000, "incomeTaxExpense": 4070000, "minorityInterest": {}, "netIncomeFromContinuingOps": 9470000, "discontinuedOperations": {}, "extraordinaryItems": {}, "effectOfAccountingCharges": {}, "otherItems": {}, "netIncome": 9470000, "netIncomeApplicableToCommonShares": 9470000}], "maxAge": 86400}, "cashflowStatementHistoryQuarterly": {"cashflowStatements": [{"maxAge": 1, "endDate": "2020-06-30", "netIncome": -63533000, "changeToLiabilities": 0}, {"maxAge": 1, "endDate": "2020-03-31", "netIncome": 2890000, "changeToLiabilities": 0}, {"maxAge": 1, "endDate": "2019-12-31", "netIncome": -8456000, "changeToLiabilities": 0}, {"maxAge": 1, "endDate": "2019-09-30", "netIncome": 9470000, "changeToLiabilities": 0}], "maxAge": 86400}, "insiderHolders": {"holders": [{"maxAge": 1, "name": "Dani (Ashwin Suryakant)", "relation": "Non Executive Chairman", "url": "", "transactionDescription": "Other", "latestTransDate": "2016-02-03", "positionIndirect": 230095, "positionIndirectDate": 1454457600}, {"maxAge": 1, "name": "Dani (Ina A)", "relation": "Promoter", "url": "", "transactionDescription": "Other", "latestTransDate": "2016-02-03", "positionIndirect": 61200, "positionIndirectDate": 1454457600}, {"maxAge": 1, "name": "Dani (Jalaj A)", "relation": "Director (Non-Executive)", "url": "", "transactionDescription": "Other", "latestTransDate": "2016-02-03", "positionIndirect": 41100, "positionIndirectDate": 1454457600}, {"maxAge": 1, "name": "Dani (Malav A.)", "relation": "Joint Managing director", "url": "", "transactionDescription": "Other", "latestTransDate": "2016-02-03", "positionIndirect": 54000, "positionIndirectDate": 1454457600}, {"maxAge": 1, "name": "Dani (Vita J)", "relation": "Promoter", "url": "", "transactionDescription": "Other", "latestTransDate": "2016-02-03", "positionIndirect": 32700, "positionIndirectDate": 1454457600}, {"maxAge": 1, "name": "Gandhi (Ramesh S)", "relation": "Director (Non-Executive)", "url": "", "transactionDescription": "Sale", "latestTransDate": "2015-01-16", "positionDirect": 0, "positionDirectDate": "2015-01-16"}, {"maxAge": 1, "name": "Goyal (Anuradha)", "relation": "UNREPORTED", "url": "", "transactionDescription": "Sale", "latestTransDate": "2010-10-04", "positionDirect": 0, "positionDirectDate": "2010-10-04"}, {"maxAge": 1, "name": "Hiren Holdings Pvt Ltd", "relation": "Promoter", "url": "", "transactionDescription": "Purchase", "latestTransDate": "2016-06-03", "positionDirect": 261000, "positionDirectDate": "2016-06-03"}, {"maxAge": 1, "name": "Shah (Jatin)", "relation": "UNREPORTED", "url": "", "transactionDescription": "Sale", "latestTransDate": "2017-07-21", "positionDirect": 79740, "positionDirectDate": "2017-07-21"}, {"maxAge": 1, "name": "Shah (Jayendra Ratilal)", "relation": "Director (Non-Executive)", "url": "", "transactionDescription": "Acquisition", "latestTransDate": "2013-11-14", "positionDirect": 1800, "positionDirectDate": "2013-11-14"}], "maxAge": 1}, "earnings": {"maxAge": 86400, "earningsChart": {"quarterly": [{"date": "2Q2017", "actual": 0.41, "estimate": 1.8}], "currentQuarterEstimateDate": "3Q", "currentQuarterEstimateYear": 2017, "earningsDate": []}, "financialsChart": {"yearly": [{"date": 2017, "revenue": 3672544000, "earnings": 93567000}, {"date": 2018, "revenue": 3884547000, "earnings": 77639000}, {"date": 2019, "revenue": 4619011000, "earnings": 164030000}, {"date": 2020, "revenue": 4600871000, "earnings": 23593000}], "quarterly": [{"date": "3Q2019", "revenue": 1220390000, "earnings": 9470000}, {"date": "4Q2019", "revenue": 1074596000, "earnings": -8456000}, {"date": "1Q2020", "revenue": 1091388000, "earnings": 2890000}, {"date": "2Q2020", "revenue": 573731000, "earnings": -63533000}]}, "financialCurrency": "INR"}, "calendarEvents": {"maxAge": 1, "earnings": {"earningsDate": [], "revenueAverage": 1043230000}}, "upgradeDowngradeHistory": {"history": [], "maxAge": 86400}, "price": {"maxAge": 1, "regularMarketChangePercent": -0.042775284, "regularMarketChange": -6.349991, "regularMarketTime": "2021-04-30 15:24:36", "priceHint": 2, "regularMarketPrice": 142.1, "regularMarketDayHigh": 150.0, "regularMarketDayLow": 141.25, "regularMarketVolume": 1907, "averageDailyVolume10Day": 750, "averageDailyVolume3Month": 2155, "regularMarketPreviousClose": 148.45, "regularMarketSource": "FREE_REALTIME", "regularMarketOpen": 150.0, "exchange": "BSE", "exchangeName": "BSE", "exchangeDataDelayedBy": 0, "marketState": "CLOSED", "quoteType": "EQUITY", "symbol": "HITECHCORP.BO", "underlyingSymbol": null, "shortName": "Hitech Corporation Limited", "longName": "Hitech Corporation Limited", "currency": "INR", "quoteSourceName": "Delayed Quote", "currencySymbol": "\u20b9", "fromCurrency": null, "lastMarket": null, "marketCap": 2440667136}, "balanceSheetHistory": {"balanceSheetStatements": [{"maxAge": 1, "endDate": "2020-03-31", "cash": 5177000, "shortTermInvestments": 782000, "netReceivables": 474687000, "inventory": 348197000, "otherCurrentAssets": 40120000, "totalCurrentAssets": 887912000, "longTermInvestments": 2176000, "propertyPlantEquipment": 2764132000, "intangibleAssets": 1394000, "otherAssets": 207002000, "totalAssets": 3862616000, "accountsPayable": 163305000, "shortLongTermDebt": 212500000, "otherCurrentLiab": 68410000, "longTermDebt": 936072000, "otherLiab": 84231000, "totalCurrentLiabilities": 1150821000, "totalLiab": 2209319000, "commonStock": 171757000, "retainedEarnings": 1161550000, "treasuryStock": 131990000, "capitalSurplus": 188000000, "otherStockholderEquity": 131990000, "totalStockholderEquity": 1653297000, "netTangibleAssets": 1651903000}, {"maxAge": 1, "endDate": "2019-03-31", "cash": 3851000, "shortTermInvestments": 5978000, "netReceivables": 602185000, "inventory": 399163000, "otherCurrentAssets": 75444000, "totalCurrentAssets": 1098684000, "longTermInvestments": 2068000, "propertyPlantEquipment": 2723327000, "intangibleAssets": 2484000, "otherAssets": 211421000, "totalAssets": 4037984000, "accountsPayable": 156172000, "shortLongTermDebt": 100000000, "otherCurrentLiab": 250077000, "longTermDebt": 1098572000, "otherLiab": 80377000, "totalCurrentLiabilities": 1214735000, "totalLiab": 2393684000, "commonStock": 171757000, "retainedEarnings": 1152553000, "treasuryStock": 131990000, "capitalSurplus": 188000000, "otherStockholderEquity": 131990000, "totalStockholderEquity": 1644300000, "netTangibleAssets": 1641816000}, {"maxAge": 1, "endDate": "2018-03-31", "cash": 19647000, "shortTermInvestments": 7154000, "netReceivables": 804273000, "inventory": 374406000, "otherCurrentAssets": 23037000, "totalCurrentAssets": 1237323000, "longTermInvestments": 656000, "propertyPlantEquipment": 1996129000, "intangibleAssets": 1338000, "otherAssets": 310642000, "totalAssets": 3546088000, "accountsPayable": 207011000, "shortLongTermDebt": 101869000, "otherCurrentLiab": 102567000, "longTermDebt": 818025000, "otherLiab": 38743000, "totalCurrentLiabilities": 1189364000, "totalLiab": 2046132000, "commonStock": 171757000, "retainedEarnings": 1047663000, "treasuryStock": 92536000, "capitalSurplus": 188000000, "otherStockholderEquity": 92536000, "totalStockholderEquity": 1499956000, "netTangibleAssets": 1498618000}, {"maxAge": 1, "endDate": "2017-03-31", "cash": 6410000, "netReceivables": 903638000, "inventory": 328536000, "otherCurrentAssets": 92966000, "totalCurrentAssets": 1338845000, "propertyPlantEquipment": 1469251000, "intangibleAssets": 1370000, "otherAssets": 222218000, "totalAssets": 3031684000, "accountsPayable": 279473000, "shortLongTermDebt": 30448000, "otherCurrentLiab": 138409000, "longTermDebt": 485741000, "otherLiab": 28923000, "totalCurrentLiabilities": 1076341000, "totalLiab": 1591005000, "commonStock": 171757000, "retainedEarnings": 1034802000, "treasuryStock": 46120000, "capitalSurplus": 188000000, "otherStockholderEquity": 46120000, "totalStockholderEquity": 1440679000, "netTangibleAssets": 1439309000}], "maxAge": 86400}, "earningsTrend": {"trend": [{"maxAge": 1, "period": "0q", "endDate": "2017-09-30", "growth": {}, "earningsEstimate": {"avg": 0.0, "low": 0.0, "high": 0.0, "yearAgoEps": {}, "numberOfAnalysts": 0, "growth": {}}, "revenueEstimate": {"avg": 1043230000, "low": 0, "high": 0, "numberOfAnalysts": 0, "yearAgoRevenue": {}, "growth": {}}, "epsTrend": {"current": 0.0, "7daysAgo": 0.0, "30daysAgo": 0.0, "60daysAgo": 0.0, "90daysAgo": 0.0}, "epsRevisions": {"upLast7days": 0, "upLast30days": 0, "downLast30days": 0, "downLast90days": {}}}, {"maxAge": 1, "period": "+1q", "endDate": "2017-12-31", "growth": {}, "earningsEstimate": {"avg": 0.0, "low": 0.0, "high": 0.0, "yearAgoEps": {}, "numberOfAnalysts": 0, "growth": {}}, "revenueEstimate": {"avg": 913439000, "low": 0, "high": 0, "numberOfAnalysts": 0, "yearAgoRevenue": {}, "growth": {}}, "epsTrend": {"current": 0.0, "7daysAgo": 0.0, "30daysAgo": 0.0, "60daysAgo": 0.0, "90daysAgo": 0.0}, "epsRevisions": {"upLast7days": 0, "upLast30days": 0, "downLast30days": 0, "downLast90days": {}}}, {"maxAge": 1, "period": "0y", "endDate": "2018-03-31", "growth": {}, "earningsEstimate": {"avg": 0.0, "low": 0.0, "high": 0.0, "yearAgoEps": {}, "numberOfAnalysts": 0, "growth": {}}, "revenueEstimate": {"avg": 4040270000, "low": 4479540000, "high": 4479540000, "numberOfAnalysts": 1, "yearAgoRevenue": 4042420000, "growth": -0.001}, "epsTrend": {"current": 0.0, "7daysAgo": 7.87, "30daysAgo": 7.87, "60daysAgo": 7.87, "90daysAgo": 7.87}, "epsRevisions": {"upLast7days": 0, "upLast30days": 0, "downLast30days": 0, "downLast90days": {}}}, {"maxAge": 1, "period": "+1y", "endDate": "2019-03-31", "growth": {}, "earningsEstimate": {"avg": 0.0, "low": 0.0, "high": 0.0, "yearAgoEps": {}, "numberOfAnalysts": 0, "growth": {}}, "revenueEstimate": {"avg": 4882700000, "low": 4882700000, "high": 4882700000, "numberOfAnalysts": 1, "yearAgoRevenue": 4040270000, "growth": 0.20899999}, "epsTrend": {"current": 0.0, "7daysAgo": 9.11, "30daysAgo": 9.11, "60daysAgo": 9.11, "90daysAgo": 9.11}, "epsRevisions": {"upLast7days": 0, "upLast30days": 0, "downLast30days": 0, "downLast90days": {}}}, {"maxAge": 1, "period": "+5y", "endDate": null, "growth": {}, "earningsEstimate": {"avg": {}, "low": {}, "high": {}, "yearAgoEps": {}, "numberOfAnalysts": {}, "growth": {}}, "revenueEstimate": {"avg": {}, "low": {}, "high": {}, "numberOfAnalysts": {}, "yearAgoRevenue": {}, "growth": {}}, "epsTrend": {"current": {}, "7daysAgo": {}, "30daysAgo": {}, "60daysAgo": {}, "90daysAgo": {}}, "epsRevisions": {"upLast7days": {}, "upLast30days": {}, "downLast30days": {}, "downLast90days": {}}}, {"maxAge": 1, "period": "-5y", "endDate": null, "growth": {}, "earningsEstimate": {"avg": {}, "low": {}, "high": {}, "yearAgoEps": {}, "numberOfAnalysts": {}, "growth": {}}, "revenueEstimate": {"avg": {}, "low": {}, "high": {}, "numberOfAnalysts": {}, "yearAgoRevenue": {}, "growth": {}}, "epsTrend": {"current": {}, "7daysAgo": {}, "30daysAgo": {}, "60daysAgo": {}, "90daysAgo": {}}, "epsRevisions": {"upLast7days": {}, "upLast30days": {}, "downLast30days": {}, "downLast90days": {}}}], "maxAge": 1}, "financialData": {"maxAge": 86400, "currentPrice": 142.1, "targetHighPrice": 108.0, "targetLowPrice": 108.0, "targetMeanPrice": 108.0, "targetMedianPrice": 108.0, "recommendationKey": "none", "numberOfAnalystOpinions": 1, "grossProfits": 1824431000, "financialCurrency": "INR"}}}