{"HITECH.NS": {"assetProfile": {"address1": "505, Pearls Omaxe Tower", "address2": "Netaji Subhash Place Pitampura", "city": "New Delhi", "zip": "110034", "country": "India", "phone": "91 11 4844 0050", "fax": "91 11 4844 0055", "website": "http://www.hitechpipes.in", "industry": "Steel", "sector": "Basic Materials", "longBusinessSummary": "Hi-Tech Pipes Limited manufactures and sells steel products for infrastructure, construction, agriculture, and other industries in India. It offers steel pipes and tubes used in fencing, line pipes, scaffolding, water and gas conveyance, oil country tubular, hand pumps, collieries, thermal powers, telecom, automobiles, and agriculture sector; rectangular and hollow sections; galvanized and pre-galvanized steel pipes and tubes; metal beam crash barriers for applications, such as national highways, expressways, bridges and flyovers, embankments, mines, collieries, motor racing/test drove tracks, village areas along highways, crash test sites, factory areas, traffic safety in airports, plants handling hazardous chemicals, and multi-story parking lots. The company also provides cold rolled sheets and strips used in precision tubes, containers, bicycles, furniture, colour coating, galvanizing and tinning, and automobile industry to produce car body panels; and cold formed sections, as well as solar mounting structures and various other galvanized products. It operates through a network of approximately 390 dealers and distributors. Hi-Tech Pipes Limited also exports its products. The company was formerly known as Ram Lal Harbans Lal Limited and changed its name to Hi-Tech Pipes Limited in October 1986. Hi-Tech Pipes Limited was incorporated in 1985 and is headquartered in New Delhi, India.", "fullTimeEmployees": 475, "companyOfficers": [{"maxAge": 1, "name": "Mr. Ajay Kumar Bansal", "age": 63, "title": "Chairman & MD", "yearBorn": 1957, "fiscalYear": 2020, "totalPay": 9600000, "exercisedValue": 0, "unexercisedValue": 0}, {"maxAge": 1, "name": "Mr. Anish Kumar Bansal", "age": 36, "title": "Whole-Time Director", "yearBorn": 1984, "fiscalYear": 2020, "totalPay": 6000000, "exercisedValue": 0, "unexercisedValue": 0}, {"maxAge": 1, "name": "Mr. Arvind Kumar Bansal F.C.A.", "title": "Chief Financial Officer", "exercisedValue": 0, "unexercisedValue": 0}, {"maxAge": 1, "name": "Mr. Santosh  Rai", "title": "Head of Accounts & Fin.", "exercisedValue": 0, "unexercisedValue": 0}, {"maxAge": 1, "name": "Mr. Arun Kumar Sharma", "title": "Company Sec. & Compliance Officer", "exercisedValue": 0, "unexercisedValue": 0}, {"maxAge": 1, "name": "Mr. Ravindar  Tiwari", "title": "Head of Sales & Marketing", "exercisedValue": 0, "unexercisedValue": 0}, {"maxAge": 1, "name": "Mr. Ashok  Aggarwal", "title": "Head of Commercial", "exercisedValue": 0, "unexercisedValue": 0}, {"maxAge": 1, "name": "Mr. Anand  Amin", "title": "Head of Projects", "exercisedValue": 0, "unexercisedValue": 0}], "compensationAsOfEpochDate": "2020-12-31 05:30:00", "maxAge": 86400}, "cashflowStatementHistory": {"cashflowStatements": [{"maxAge": 1, "endDate": "2020-03-31", "netIncome": 203881000, "depreciation": 65366000, "changeToNetincome": 259816000, "changeToAccountReceivables": 1221000, "changeToLiabilities": -17152000, "changeToInventory": -275442000, "changeToOperatingActivities": 11445000, "totalCashFromOperatingActivities": 249485000, "capitalExpenditures": -361399000, "investments": -1292000, "otherCashflowsFromInvestingActivities": -25860000, "totalCashflowsFromInvestingActivities": -388551000, "dividendsPaid": -3218000, "netBorrowings": 387321000, "otherCashflowsFromFinancingActivities": -313680000, "totalCashFromFinancingActivities": 137923000, "changeInCash": -1142000, "issuanceOfStock": 67500000}, {"maxAge": 1, "endDate": "2019-03-31", "netIncome": 273496000, "depreciation": 52747000, "changeToNetincome": 358522000, "changeToAccountReceivables": -334685000, "changeToLiabilities": 136648000, "changeToInventory": 31164000, "changeToOperatingActivities": -28231000, "totalCashFromOperatingActivities": 490011000, "capitalExpenditures": -330483000, "investments": -28003000, "otherCashflowsFromInvestingActivities": -32388000, "totalCashflowsFromInvestingActivities": -402701000, "dividendsPaid": -3217000, "netBorrowings": 165710000, "otherCashflowsFromFinancingActivities": -310478000, "totalCashFromFinancingActivities": -87985000, "changeInCash": -675000, "issuanceOfStock": 60000000}, {"maxAge": 1, "endDate": "2018-03-31", "netIncome": 210082000, "depreciation": 39591000, "changeToNetincome": 245896000, "changeToAccountReceivables": -80681000, "changeToLiabilities": -120831000, "changeToInventory": -299698000, "changeToOperatingActivities": -52733000, "totalCashFromOperatingActivities": -57958000, "capitalExpenditures": -564914000, "investments": -28003000, "otherCashflowsFromInvestingActivities": 35049000, "totalCashflowsFromInvestingActivities": -529865000, "dividendsPaid": -3114000, "netBorrowings": 738448000, "otherCashflowsFromFinancingActivities": -308626000, "totalCashFromFinancingActivities": 586708000, "changeInCash": -1115000, "issuanceOfStock": 160000000}, {"maxAge": 1, "endDate": "2017-03-31", "netIncome": 103815000, "depreciation": 68781000, "changeToNetincome": 202418000, "changeToAccountReceivables": -283624000, "changeToLiabilities": 200817000, "changeToInventory": -226529000, "changeToOperatingActivities": 177799000, "totalCashFromOperatingActivities": 244069000, "capitalExpenditures": -342183000, "investments": -28003000, "otherCashflowsFromInvestingActivities": -51830000, "totalCashflowsFromInvestingActivities": -394016000, "dividendsPaid": -6228000, "netBorrowings": 340026000, "otherCashflowsFromFinancingActivities": -198646000, "totalCashFromFinancingActivities": 135152000, "changeInCash": -14794000, "issuanceOfStock": 160000000}], "maxAge": 86400}, "institutionOwnership": {"ownershipList": [], "maxAge": 1}, "majorHoldersBreakdown": {"maxAge": 1}, "balanceSheetHistoryQuarterly": {"balanceSheetStatements": [{"maxAge": 1, "endDate": "2020-09-30", "cash": 191388000, "netReceivables": 1348590000, "inventory": 1725800000, "otherCurrentAssets": 218139000, "totalCurrentAssets": 3483917000, "longTermInvestments": 2000, "propertyPlantEquipment": 2218603000, "intangibleAssets": 475000, "otherAssets": 84323000, "totalAssets": 5787320000, "accountsPayable": 424877000, "shortLongTermDebt": 187150000, "otherCurrentLiab": 137043000, "longTermDebt": 994875000, "otherLiab": 160306000, "totalCurrentLiabilities": 2825921000, "totalLiab": 3981102000, "commonStock": 109261000, "treasuryStock": 1696957000, "otherStockholderEquity": 1696957000, "totalStockholderEquity": 1806218000, "netTangibleAssets": 1805743000}, {"maxAge": 1, "endDate": "2020-06-30", "totalStockholderEquity": 1736000000, "netTangibleAssets": 1735500000}, {"maxAge": 1, "endDate": "2020-03-31", "cash": 7250000, "netReceivables": 1372765000, "inventory": 1787714000, "otherCurrentAssets": 415508000, "totalCurrentAssets": 3587346000, "longTermInvestments": 3000, "propertyPlantEquipment": 2023690000, "intangibleAssets": 475000, "otherAssets": 66025000, "totalAssets": 5677539000, "accountsPayable": 560596000, "shortLongTermDebt": 166050000, "otherCurrentLiab": 102268000, "longTermDebt": 889672000, "otherLiab": 136830000, "totalCurrentLiabilities": 2915011000, "totalLiab": 3941513000, "commonStock": 109261000, "retainedEarnings": 1176588000, "treasuryStock": 37500000, "capitalSurplus": 412677000, "otherStockholderEquity": 37500000, "totalStockholderEquity": 1736026000, "netTangibleAssets": 1735551000}, {"maxAge": 1, "endDate": "2019-12-31", "totalStockholderEquity": 1647700000, "netTangibleAssets": 1647100000}], "maxAge": 86400}, "indexTrend": {"maxAge": 1, "symbol": "SP5", "peRatio": 19.7411, "pegRatio": 1.34172, "estimates": [{"period": "0q", "growth": 0.549}, {"period": "+1q", "growth": 0.431}, {"period": "0y", "growth": 0.305}, {"period": "+1y", "growth": 0.109}, {"period": "+5y", "growth": 0.120865}, {"period": "-5y"}]}, "defaultKeyStatistics": {"maxAge": 1, "priceHint": 2, "enterpriseValue": 7116350464, "profitMargins": 0.013890001, "floatShares": 2824531, "sharesOutstanding": 10926000, "beta": 1.566923, "category": null, "bookValue": 165.26, "priceToBook": 2.2416193, "fundFamily": null, "legalType": null, "lastFiscalYearEnd": "2020-03-31 05:30:00", "nextFiscalYearEnd": "2022-03-31 05:30:00", "mostRecentQuarter": "2020-09-30 05:30:00", "earningsQuarterlyGrowth": 0.448, "netIncomeToCommon": 158924000, "trailingEps": 14.549, "lastSplitFactor": null, "enterpriseToRevenue": 0.622, "enterpriseToEbitda": 12.299}, "summaryProfile": {"address1": "505, Pearls Omaxe Tower", "address2": "Netaji Subhash Place Pitampura", "city": "New Delhi", "zip": "110034", "country": "India", "phone": "91 11 4844 0050", "fax": "91 11 4844 0055", "website": "http://www.hitechpipes.in", "industry": "Steel", "sector": "Basic Materials", "longBusinessSummary": "Hi-Tech Pipes Limited manufactures and sells steel products for infrastructure, construction, agriculture, and other industries in India. It offers steel pipes and tubes used in fencing, line pipes, scaffolding, water and gas conveyance, oil country tubular, hand pumps, collieries, thermal powers, telecom, automobiles, and agriculture sector; rectangular and hollow sections; galvanized and pre-galvanized steel pipes and tubes; metal beam crash barriers for applications, such as national highways, expressways, bridges and flyovers, embankments, mines, collieries, motor racing/test drove tracks, village areas along highways, crash test sites, factory areas, traffic safety in airports, plants handling hazardous chemicals, and multi-story parking lots. The company also provides cold rolled sheets and strips used in precision tubes, containers, bicycles, furniture, colour coating, galvanizing and tinning, and automobile industry to produce car body panels; and cold formed sections, as well as solar mounting structures and various other galvanized products. It operates through a network of approximately 390 dealers and distributors. Hi-Tech Pipes Limited also exports its products. The company was formerly known as Ram Lal Harbans Lal Limited and changed its name to Hi-Tech Pipes Limited in October 1986. Hi-Tech Pipes Limited was incorporated in 1985 and is headquartered in New Delhi, India.", "fullTimeEmployees": 475, "companyOfficers": [], "maxAge": 86400}, "netSharePurchaseActivity": {"maxAge": 1, "period": "6m", "buyInfoCount": 0, "buyInfoShares": 0, "sellInfoCount": 0, "netInfoCount": 0, "netInfoShares": 0, "totalInsiderShares": 0}, "quoteType": {"exchange": "NSI", "quoteType": "EQUITY", "symbol": "HITECH.NS", "underlyingSymbol": "HITECH.NS", "shortName": "HI TECH PIPES LTD", "longName": "Hi-Tech Pipes Limited", "firstTradeDateEpochUtc": "2016-02-25 09:15:00", "timeZoneFullName": "Asia/Kolkata", "timeZoneShortName": "IST", "uuid": "e231431e-6c0e-33da-9368-5e433d0c74f1", "gmtOffSetMilliseconds": 19800000, "maxAge": 1}, "incomeStatementHistory": {"incomeStatementHistory": [{"maxAge": 1, "endDate": "2020-03-31", "totalRevenue": 12096150000, "costOfRevenue": 10954461000, "grossProfit": 1141689000, "researchDevelopment": {}, "sellingGeneralAdministrative": 195862000, "nonRecurring": {}, "otherOperatingExpenses": 353577000, "totalOperatingExpenses": 11569616000, "operatingIncome": 526534000, "totalOtherIncomeExpenseNet": -287865000, "ebit": 526534000, "interestExpense": -273013000, "incomeBeforeTax": 238669000, "incomeTaxExpense": 34788000, "minorityInterest": {}, "netIncomeFromContinuingOps": 203881000, "discontinuedOperations": {}, "extraordinaryItems": {}, "effectOfAccountingCharges": {}, "otherItems": {}, "netIncome": 203881000, "netIncomeApplicableToCommonShares": 203881000}, {"maxAge": 1, "endDate": "2019-03-31", "totalRevenue": 13604224000, "costOfRevenue": 12363866000, "grossProfit": 1240358000, "researchDevelopment": {}, "sellingGeneralAdministrative": 146429000, "nonRecurring": {}, "otherOperatingExpenses": 346233000, "totalOperatingExpenses": 12909625000, "operatingIncome": 694599000, "totalOtherIncomeExpenseNet": -284730000, "ebit": 694599000, "interestExpense": -274656000, "incomeBeforeTax": 409869000, "incomeTaxExpense": 136373000, "minorityInterest": {}, "netIncomeFromContinuingOps": 273496000, "discontinuedOperations": {}, "extraordinaryItems": {}, "effectOfAccountingCharges": {}, "otherItems": {}, "netIncome": 273496000, "netIncomeApplicableToCommonShares": 273496000}, {"maxAge": 1, "endDate": "2018-03-31", "totalRevenue": 10156937000, "costOfRevenue": 9133437000, "grossProfit": 1023500000, "researchDevelopment": {}, "sellingGeneralAdministrative": 135181000, "nonRecurring": {}, "otherOperatingExpenses": 286881000, "totalOperatingExpenses": 9595506000, "operatingIncome": 561431000, "totalOtherIncomeExpenseNet": -261182000, "ebit": 561431000, "interestExpense": -241128000, "incomeBeforeTax": 300249000, "incomeTaxExpense": 90167000, "minorityInterest": {}, "netIncomeFromContinuingOps": 210082000, "discontinuedOperations": {}, "extraordinaryItems": {}, "effectOfAccountingCharges": {}, "otherItems": {}, "netIncome": 210082000, "netIncomeApplicableToCommonShares": 210082000}, {"maxAge": 1, "endDate": "2017-03-31", "totalRevenue": 6374290000, "costOfRevenue": 5626730000, "grossProfit": 747560000, "researchDevelopment": {}, "sellingGeneralAdministrative": 114231000, "nonRecurring": {}, "otherOperatingExpenses": 234454000, "totalOperatingExpenses": 6044788000, "operatingIncome": 329502000, "totalOtherIncomeExpenseNet": -180578000, "ebit": 329502000, "interestExpense": -177976000, "incomeBeforeTax": 148924000, "incomeTaxExpense": 45109000, "minorityInterest": {}, "netIncomeFromContinuingOps": 103815000, "discontinuedOperations": {}, "extraordinaryItems": {}, "effectOfAccountingCharges": {}, "otherItems": {}, "netIncome": 103815000, "netIncomeApplicableToCommonShares": 103815000}], "maxAge": 86400}, "fundOwnership": {"ownershipList": [], "maxAge": 1}, "summaryDetail": {"maxAge": 1, "priceHint": 2, "previousClose": 373.8, "open": 370.05, "dayLow": 365.65, "dayHigh": 375.7, "regularMarketPreviousClose": 373.8, "regularMarketOpen": 370.05, "regularMarketDayLow": 365.65, "regularMarketDayHigh": 375.7, "dividendRate": 0.25, "dividendYield": 0.0007, "exDividendDate": "2020-09-17 05:30:00", "payoutRatio": 0.013200001, "beta": 1.566923, "trailingPE": 25.462233, "volume": 66900, "regularMarketVolume": 66900, "averageVolume": 94486, "averageVolume10days": 73516, "averageDailyVolume10Day": 73516, "bid": 0.0, "ask": 0.0, "bidSize": 0, "askSize": 0, "marketCap": 4047536896, "fiftyTwoWeekLow": 68.7, "fiftyTwoWeekHigh": 406.4, "priceToSalesTrailing12Months": 0.35374227, "fiftyDayAverage": 349.61322, "twoHundredDayAverage": 219.13936, "trailingAnnualDividendRate": 0.25, "trailingAnnualDividendYield": 0.0006688069, "currency": "INR", "fromCurrency": null, "lastMarket": null, "algorithm": null, "tradeable": false}, "incomeStatementHistoryQuarterly": {"incomeStatementHistory": [{"maxAge": 1, "endDate": "2020-09-30", "totalRevenue": 3815535000, "costOfRevenue": 3475374000, "grossProfit": 340161000, "researchDevelopment": {}, "sellingGeneralAdministrative": 45724000, "nonRecurring": {}, "otherOperatingExpenses": 103004000, "totalOperatingExpenses": 3643659000, "operatingIncome": 171876000, "totalOtherIncomeExpenseNet": -81040000, "ebit": 171876000, "interestExpense": -81542000, "incomeBeforeTax": 90836000, "incomeTaxExpense": 25805000, "minorityInterest": {}, "netIncomeFromContinuingOps": 65031000, "discontinuedOperations": {}, "extraordinaryItems": {}, "effectOfAccountingCharges": {}, "otherItems": {}, "netIncome": 65031000, "netIncomeApplicableToCommonShares": 65031000}, {"maxAge": 1, "endDate": "2020-06-30", "totalRevenue": 1518765000, "costOfRevenue": 1328000000, "grossProfit": 190765000, "researchDevelopment": {}, "sellingGeneralAdministrative": 31948000, "nonRecurring": {}, "otherOperatingExpenses": 67471000, "totalOperatingExpenses": 1447019000, "operatingIncome": 71746000, "totalOtherIncomeExpenseNet": -65098000, "ebit": 71746000, "interestExpense": -65342000, "incomeBeforeTax": 6648000, "incomeTaxExpense": 1451000, "minorityInterest": {}, "netIncomeFromContinuingOps": 5197000, "discontinuedOperations": {}, "extraordinaryItems": {}, "effectOfAccountingCharges": {}, "otherItems": {}, "netIncome": 5197000, "netIncomeApplicableToCommonShares": 5197000}, {"maxAge": 1, "endDate": "2020-03-31", "totalRevenue": 2997750000, "costOfRevenue": 2719861000, "grossProfit": 277889000, "researchDevelopment": {}, "sellingGeneralAdministrative": 71262000, "nonRecurring": {}, "otherOperatingExpenses": 62377000, "totalOperatingExpenses": 2873916000, "operatingIncome": 123834000, "totalOtherIncomeExpenseNet": -76765000, "ebit": 123834000, "interestExpense": -58613000, "incomeBeforeTax": 47069000, "incomeTaxExpense": 5588000, "minorityInterest": {}, "netIncomeFromContinuingOps": 41481000, "discontinuedOperations": {}, "extraordinaryItems": {}, "effectOfAccountingCharges": {}, "otherItems": {}, "netIncome": 41481000, "netIncomeApplicableToCommonShares": 41481000}, {"maxAge": 1, "endDate": "2019-12-31", "totalRevenue": 3110000000, "costOfRevenue": 2807300000, "grossProfit": 302700000, "researchDevelopment": {}, "sellingGeneralAdministrative": 40800000, "nonRecurring": {}, "otherOperatingExpenses": 110100000, "totalOperatingExpenses": 2973300000, "operatingIncome": 136700000, "totalOtherIncomeExpenseNet": -74200000, "ebit": 136700000, "interestExpense": -74200000, "incomeBeforeTax": 62500000, "incomeTaxExpense": 15500000, "minorityInterest": {}, "netIncomeFromContinuingOps": 47000000, "discontinuedOperations": {}, "extraordinaryItems": {}, "effectOfAccountingCharges": {}, "otherItems": {}, "netIncome": 47000000, "netIncomeApplicableToCommonShares": 47000000}], "maxAge": 86400}, "cashflowStatementHistoryQuarterly": {"cashflowStatements": [{"maxAge": 1, "endDate": "2020-09-30", "netIncome": 65031000, "changeToLiabilities": 0}, {"maxAge": 1, "endDate": "2020-06-30", "netIncome": 5197000, "changeToLiabilities": 0}, {"maxAge": 1, "endDate": "2020-03-31", "netIncome": 41481000, "changeToLiabilities": 0}, {"maxAge": 1, "endDate": "2019-12-31", "netIncome": 47000000, "changeToLiabilities": 0}], "maxAge": 86400}, "insiderHolders": {"holders": [], "maxAge": 1}, "calendarEvents": {"maxAge": 1, "earnings": {"earningsDate": []}, "exDividendDate": "2020-09-17 05:30:00"}, "upgradeDowngradeHistory": {"history": [], "maxAge": 86400}, "price": {"maxAge": 1, "regularMarketChangePercent": -0.008961947, "regularMarketChange": -3.3499756, "regularMarketTime": "2021-04-30 15:29:12", "priceHint": 2, "regularMarketPrice": 370.45, "regularMarketDayHigh": 375.7, "regularMarketDayLow": 365.65, "regularMarketVolume": 66900, "averageDailyVolume10Day": 73516, "averageDailyVolume3Month": 94486, "regularMarketPreviousClose": 373.8, "regularMarketSource": "FREE_REALTIME", "regularMarketOpen": 370.05, "exchange": "NSI", "exchangeName": "NSE", "exchangeDataDelayedBy": 15, "marketState": "CLOSED", "quoteType": "EQUITY", "symbol": "HITECH.NS", "underlyingSymbol": null, "shortName": "HI TECH PIPES LTD", "longName": "Hi-Tech Pipes Limited", "currency": "INR", "quoteSourceName": "Delayed Quote", "currencySymbol": "\u20b9", "fromCurrency": null, "lastMarket": null, "marketCap": 4047536896}, "balanceSheetHistory": {"balanceSheetStatements": [{"maxAge": 1, "endDate": "2020-03-31", "cash": 7250000, "netReceivables": 1372765000, "inventory": 1787714000, "otherCurrentAssets": 415508000, "totalCurrentAssets": 3587346000, "longTermInvestments": 3000, "propertyPlantEquipment": 2023690000, "intangibleAssets": 475000, "otherAssets": 66025000, "totalAssets": 5677539000, "accountsPayable": 560596000, "shortLongTermDebt": 166050000, "otherCurrentLiab": 102268000, "longTermDebt": 889672000, "otherLiab": 136830000, "totalCurrentLiabilities": 2915011000, "totalLiab": 3941513000, "commonStock": 109261000, "retainedEarnings": 1176588000, "treasuryStock": 37500000, "capitalSurplus": 412677000, "otherStockholderEquity": 37500000, "totalStockholderEquity": 1736026000, "netTangibleAssets": 1735551000}, {"maxAge": 1, "endDate": "2019-03-31", "cash": 8391000, "netReceivables": 1373985000, "inventory": 1512272000, "otherCurrentAssets": 379150000, "totalCurrentAssets": 3277909000, "longTermInvestments": 3000, "propertyPlantEquipment": 1728006000, "intangibleAssets": 825000, "otherAssets": 44766000, "totalAssets": 5051509000, "accountsPayable": 591233000, "shortLongTermDebt": 138270000, "otherCurrentLiab": 125818000, "longTermDebt": 717007000, "otherLiab": 130037000, "totalCurrentLiabilities": 2736645000, "totalLiab": 3583689000, "commonStock": 107011000, "retainedEarnings": 975882000, "treasuryStock": 60000000, "capitalSurplus": 324927000, "otherStockholderEquity": 60000000, "totalStockholderEquity": 1467820000, "netTangibleAssets": 1466995000}, {"maxAge": 1, "endDate": "2018-03-31", "cash": 9067000, "netReceivables": 1039300000, "inventory": 1543436000, "otherCurrentAssets": 394955000, "totalCurrentAssets": 2991603000, "longTermInvestments": 3000, "propertyPlantEquipment": 1413272000, "intangibleAssets": 703000, "otherAssets": 80273000, "totalAssets": 4485854000, "accountsPayable": 454447000, "shortLongTermDebt": 122218000, "otherCurrentLiab": 192090000, "longTermDebt": 704358000, "otherLiab": 133676000, "totalCurrentLiabilities": 2512084000, "totalLiab": 3350118000, "commonStock": 105011000, "retainedEarnings": 704088000, "treasuryStock": 80000000, "capitalSurplus": 246637000, "otherStockholderEquity": 80000000, "totalStockholderEquity": 1135736000, "netTangibleAssets": 1135033000}, {"maxAge": 1, "endDate": "2017-03-31", "cash": 10182000, "netReceivables": 958610000, "inventory": 1243738000, "otherCurrentAssets": 420892000, "totalCurrentAssets": 2635067000, "longTermInvestments": 3000, "propertyPlantEquipment": 888045000, "intangibleAssets": 1023000, "otherAssets": 71243000, "totalAssets": 3595381000, "accountsPayable": 575278000, "shortLongTermDebt": 108129000, "otherCurrentLiab": 227051000, "longTermDebt": 489609000, "otherLiab": 145697000, "totalCurrentLiabilities": 2191306000, "totalLiab": 2826612000, "commonStock": 103011000, "retainedEarnings": 497120000, "treasuryStock": 1000, "capitalSurplus": 168637000, "otherStockholderEquity": 1000, "totalStockholderEquity": 768769000, "netTangibleAssets": 767746000}], "maxAge": 86400}, "financialData": {"maxAge": 86400, "currentPrice": 370.45, "recommendationKey": "none", "totalCash": 191388000, "totalCashPerShare": 17.511, "ebitda": 578603008, "totalDebt": 3258875904, "quickRatio": 0.545, "currentRatio": 1.233, "totalRevenue": 11442050048, "debtToEquity": 180.425, "revenuePerShare": 1047.472, "returnOnAssets": 0.05658, "returnOnEquity": 0.09203, "grossProfits": 1141689000, "freeCashflow": -436286112, "operatingCashflow": 459264000, "earningsGrowth": 0.423, "revenueGrowth": 0.386, "grossMargins": 0.09715, "ebitdaMargins": 0.05057, "operatingMargins": 0.04407, "profitMargins": 0.013890001, "financialCurrency": "INR"}}}