{"HITKITGLO.BO": {"cashflowStatementHistory": {"cashflowStatements": [{"maxAge": 1, "endDate": "2020-03-31", "netIncome": 102288, "depreciation": 18380, "changeToNetincome": -1743259, "changeToAccountReceivables": -1750000, "changeToLiabilities": 650246, "changeToOperatingActivities": 975381, "totalCashFromOperatingActivities": -1746964, "otherCashflowsFromInvestingActivities": 1750000, "totalCashflowsFromInvestingActivities": 1750000, "otherCashflowsFromFinancingActivities": -8337, "totalCashFromFinancingActivities": -8337, "changeInCash": -5301}, {"maxAge": 1, "endDate": "2019-03-31", "netIncome": -229543, "depreciation": 18380, "changeToNetincome": -993714, "changeToAccountReceivables": -1000000, "changeToLiabilities": 0, "changeToOperatingActivities": 223996, "totalCashFromOperatingActivities": -1980881, "investments": 855000, "otherCashflowsFromInvestingActivities": 1000000, "totalCashflowsFromInvestingActivities": 1855000, "otherCashflowsFromFinancingActivities": -6478, "totalCashFromFinancingActivities": -6478, "changeInCash": -132359}, {"maxAge": 1, "endDate": "2018-03-31", "netIncome": -449293, "depreciation": 15110, "changeToNetincome": -36848, "changeToAccountReceivables": 65450, "changeToLiabilities": 835000, "changeToOperatingActivities": 422881, "totalCashFromOperatingActivities": 852300, "capitalExpenditures": -24000, "investments": -1300000, "otherCashflowsFromInvestingActivities": 1000000, "totalCashflowsFromInvestingActivities": -1324000, "otherCashflowsFromFinancingActivities": -6478, "totalCashFromFinancingActivities": -6478, "changeInCash": -471700}, {"maxAge": 1, "endDate": "2017-03-31", "netIncome": 78545, "depreciation": 10883, "changeToNetincome": 11758, "changeToAccountReceivables": 134550, "changeToLiabilities": 25030, "changeToOperatingActivities": 208547, "totalCashFromOperatingActivities": 469313, "capitalExpenditures": -24000, "investments": -1300000, "otherCashflowsFromInvestingActivities": 57500, "totalCashflowsFromInvestingActivities": -792500, "otherCashflowsFromFinancingActivities": -6478, "totalCashFromFinancingActivities": -6478, "changeInCash": -323187}], "maxAge": 86400}, "institutionOwnership": {"maxAge": 1, "ownershipList": []}, "balanceSheetHistoryQuarterly": {"balanceSheetStatements": [{"maxAge": 1, "endDate": "2020-06-30", "totalStockholderEquity": 96846412, "netTangibleAssets": 96846412}, {"maxAge": 1, "endDate": "2020-03-31", "cash": 6536, "netReceivables": 2750000, "totalCurrentAssets": 2760106, "longTermInvestments": 39240000, "propertyPlantEquipment": 49310080, "otherAssets": 10057809, "deferredLongTermAssetCharges": 2965, "totalAssets": 101367995, "accountsPayable": 2360276, "otherCurrentLiab": 47356, "otherLiab": 57501, "totalCurrentLiabilities": 4464082, "totalLiab": 4521583, "commonStock": 74000000, "retainedEarnings": 16869512, "capitalSurplus": 5976900, "totalStockholderEquity": 96846412, "netTangibleAssets": 96846412}, {"maxAge": 1, "endDate": "2019-12-31", "totalStockholderEquity": 96745000, "netTangibleAssets": 96745000}, {"maxAge": 1, "endDate": "2019-09-30", "cash": 19000, "netReceivables": 1750000, "otherCurrentAssets": 197000, "totalCurrentAssets": 1966000, "longTermInvestments": 39240000, "propertyPlantEquipment": 49318000, "otherAssets": 10103000, "deferredLongTermAssetCharges": 1000, "totalAssets": 100627000, "accountsPayable": 2669000, "otherCurrentLiab": 1213000, "totalCurrentLiabilities": 3882000, "totalLiab": 3882000, "commonStock": 74000000, "treasuryStock": 22745000, "otherStockholderEquity": 22745000, "totalStockholderEquity": 96745000, "netTangibleAssets": 96745000}], "maxAge": 86400}, "indexTrend": {"maxAge": 1, "symbol": "SP5", "peRatio": 19.7411, "pegRatio": 1.34172, "estimates": [{"period": "0q", "growth": 0.549}, {"period": "+1q", "growth": 0.431}, {"period": "0y", "growth": 0.305}, {"period": "+1y", "growth": 0.109}, {"period": "+5y", "growth": 0.120859005}, {"period": "-5y"}]}, "insiderTransactions": {"transactions": [{"maxAge": 1, "shares": 962203, "filerUrl": "", "transactionText": "", "filerName": "Glimmer Enterprise Pvt. Ltd.", "filerRelation": "Institution- Corporation", "moneyText": "", "startDate": "2020-09-25", "ownership": "D"}], "maxAge": 1}, "quoteType": {"exchange": "BSE", "quoteType": "EQUITY", "symbol": "HITKITGLO.BO", "underlyingSymbol": "HITKITGLO.BO", "shortName": "HIT KIT GLOBAL SOLUTIONS LTD.", "longName": "Hit Kit Global Solutions Limited", "firstTradeDateEpochUtc": "2002-07-01 09:15:00", "timeZoneFullName": "Asia/Kolkata", "timeZoneShortName": "IST", "uuid": "fba07b07-55d3-3b83-b237-3938cf437291", "messageBoardId": null, "gmtOffSetMilliseconds": 19800000, "maxAge": 1}, "incomeStatementHistory": {"incomeStatementHistory": [{"maxAge": 1, "endDate": "2020-03-31", "totalRevenue": 779129, "costOfRevenue": 1275885, "grossProfit": -496756, "researchDevelopment": {}, "sellingGeneralAdministrative": 604600, "nonRecurring": {}, "otherOperatingExpenses": 556463, "totalOperatingExpenses": 2455328, "operatingIncome": -1676199, "totalOtherIncomeExpenseNet": 1776891, "ebit": -1676199, "interestExpense": -23049, "incomeBeforeTax": 100692, "incomeTaxExpense": -1596, "minorityInterest": {}, "netIncomeFromContinuingOps": 102288, "discontinuedOperations": {}, "extraordinaryItems": {}, "effectOfAccountingCharges": {}, "otherItems": {}, "netIncome": 102288, "netIncomeApplicableToCommonShares": 102288}, {"maxAge": 1, "endDate": "2019-03-31", "totalRevenue": 2081441, "costOfRevenue": 1412721, "grossProfit": 668720, "researchDevelopment": {}, "sellingGeneralAdministrative": 632557, "nonRecurring": {}, "otherOperatingExpenses": 1302163, "totalOperatingExpenses": 3365821, "operatingIncome": -1284380, "totalOtherIncomeExpenseNet": 1054645, "ebit": -1284380, "interestExpense": -28355, "incomeBeforeTax": -229735, "incomeTaxExpense": -192, "minorityInterest": {}, "netIncomeFromContinuingOps": -229543, "discontinuedOperations": {}, "extraordinaryItems": {}, "effectOfAccountingCharges": {}, "otherItems": {}, "netIncome": -229543, "netIncomeApplicableToCommonShares": -229543}, {"maxAge": 1, "endDate": "2018-03-31", "totalRevenue": 1994400, "costOfRevenue": 773579, "grossProfit": 1220821, "researchDevelopment": {}, "sellingGeneralAdministrative": 906789, "nonRecurring": {}, "otherOperatingExpenses": 719093, "totalOperatingExpenses": 2414571, "operatingIncome": -420171, "totalOtherIncomeExpenseNet": -22470, "ebit": -420171, "interestExpense": -22470, "incomeBeforeTax": -442641, "incomeTaxExpense": 6652, "minorityInterest": {}, "netIncomeFromContinuingOps": -449293, "discontinuedOperations": {}, "extraordinaryItems": {}, "effectOfAccountingCharges": {}, "otherItems": {}, "netIncome": -449293, "netIncomeApplicableToCommonShares": -449293}, {"maxAge": 1, "endDate": "2017-03-31", "totalRevenue": 3333625, "costOfRevenue": 1635355, "grossProfit": 1698270, "researchDevelopment": {}, "sellingGeneralAdministrative": 843388, "nonRecurring": {}, "otherOperatingExpenses": 706332, "totalOperatingExpenses": 3195958, "operatingIncome": 137667, "totalOtherIncomeExpenseNet": -24426, "ebit": 137667, "interestExpense": -24426, "incomeBeforeTax": 113241, "incomeTaxExpense": 34696, "minorityInterest": {}, "netIncomeFromContinuingOps": 78545, "discontinuedOperations": {}, "extraordinaryItems": {}, "effectOfAccountingCharges": {}, "otherItems": {}, "netIncome": 78545, "netIncomeApplicableToCommonShares": 78545}], "maxAge": 86400}, "fundOwnership": {"maxAge": 1, "ownershipList": []}, "summaryDetail": {"maxAge": 1, "priceHint": 4, "previousClose": 0.37, "open": 0.37, "dayLow": 0.36, "dayHigh": 0.37, "regularMarketPreviousClose": 0.37, "regularMarketOpen": 0.37, "regularMarketDayLow": 0.36, "regularMarketDayHigh": 0.37, "trailingPE": 30.0, "volume": 22747, "regularMarketVolume": 22747, "averageVolume": 13688, "averageVolume10days": 9088, "averageDailyVolume10Day": 9088, "bid": 0.0, "ask": 0.36, "bidSize": 0, "askSize": 0, "marketCap": 13320001, "fiftyTwoWeekLow": 0.19, "fiftyTwoWeekHigh": 0.56, "fiftyDayAverage": 0.45714286, "twoHundredDayAverage": 0.3130657, "currency": "INR", "fromCurrency": null, "toCurrency": null, "lastMarket": null, "algorithm": null, "tradeable": false}, "incomeStatementHistoryQuarterly": {"incomeStatementHistory": [{"maxAge": 1, "endDate": "2020-06-30", "totalRevenue": 421000, "costOfRevenue": 307000, "grossProfit": 114000, "researchDevelopment": {}, "sellingGeneralAdministrative": 106000, "nonRecurring": {}, "otherOperatingExpenses": 211000, "totalOperatingExpenses": 626000, "operatingIncome": -205000, "totalOtherIncomeExpenseNet": 535000, "ebit": -205000, "interestExpense": {}, "incomeBeforeTax": 330000, "incomeTaxExpense": 0, "minorityInterest": {}, "netIncomeFromContinuingOps": 330000, "discontinuedOperations": {}, "extraordinaryItems": {}, "effectOfAccountingCharges": {}, "otherItems": {}, "netIncome": 330000, "netIncomeApplicableToCommonShares": 330000}, {"maxAge": 1, "endDate": "2020-03-31", "totalRevenue": -606871, "costOfRevenue": 391885, "grossProfit": -998756, "researchDevelopment": {}, "sellingGeneralAdministrative": 151600, "nonRecurring": {}, "otherOperatingExpenses": -500537, "totalOperatingExpenses": 47328, "operatingIncome": -654199, "totalOtherIncomeExpenseNet": 530891, "ebit": -654199, "interestExpense": -19049, "incomeBeforeTax": -123308, "incomeTaxExpense": -1596, "minorityInterest": {}, "netIncomeFromContinuingOps": -121712, "discontinuedOperations": {}, "extraordinaryItems": {}, "effectOfAccountingCharges": {}, "otherItems": {}, "netIncome": -121712, "netIncomeApplicableToCommonShares": -121712}, {"maxAge": 1, "endDate": "2019-12-31", "totalRevenue": 447000, "costOfRevenue": 286000, "grossProfit": 161000, "researchDevelopment": {}, "sellingGeneralAdministrative": 151000, "nonRecurring": {}, "otherOperatingExpenses": 282000, "totalOperatingExpenses": 724000, "operatingIncome": -277000, "totalOtherIncomeExpenseNet": 499000, "ebit": -277000, "interestExpense": -2000, "incomeBeforeTax": 222000, "incomeTaxExpense": 0, "minorityInterest": {}, "netIncomeFromContinuingOps": 222000, "discontinuedOperations": {}, "extraordinaryItems": {}, "effectOfAccountingCharges": {}, "otherItems": {}, "netIncome": 222000, "netIncomeApplicableToCommonShares": 222000}, {"maxAge": 1, "endDate": "2019-09-30", "totalRevenue": 389000, "costOfRevenue": 290000, "grossProfit": 99000, "researchDevelopment": {}, "sellingGeneralAdministrative": 151000, "nonRecurring": {}, "otherOperatingExpenses": 431000, "totalOperatingExpenses": 877000, "operatingIncome": -488000, "totalOtherIncomeExpenseNet": 500000, "ebit": -488000, "interestExpense": -2000, "incomeBeforeTax": 12000, "incomeTaxExpense": 0, "minorityInterest": {}, "netIncomeFromContinuingOps": 12000, "discontinuedOperations": {}, "extraordinaryItems": {}, "effectOfAccountingCharges": {}, "otherItems": {}, "netIncome": 12000, "netIncomeApplicableToCommonShares": 12000}], "maxAge": 86400}, "cashflowStatementHistoryQuarterly": {"cashflowStatements": [{"maxAge": 1, "endDate": "2020-06-30", "netIncome": 330000, "changeToLiabilities": 0}, {"maxAge": 1, "endDate": "2020-03-31", "netIncome": -121712, "changeToLiabilities": 0}, {"maxAge": 1, "endDate": "2019-12-31", "netIncome": 222000, "changeToLiabilities": 0}, {"maxAge": 1, "endDate": "2019-09-30", "netIncome": 12000, "changeToLiabilities": 0}], "maxAge": 86400}, "insiderHolders": {"holders": [{"maxAge": 1, "name": "Glimmer Enterprise Pvt. Ltd.", "relation": "Institution- Corporation", "url": "", "transactionDescription": "Acquisition", "latestTransDate": "2020-09-25", "positionDirect": 2954503, "positionDirectDate": "2020-09-25"}], "maxAge": 1}, "calendarEvents": {"maxAge": 1, "earnings": {"earningsDate": []}}, "price": {"maxAge": 1, "regularMarketChangePercent": -0.027027002, "regularMarketChange": -0.00999999, "regularMarketTime": "2021-04-30 15:50:19", "priceHint": 4, "regularMarketPrice": 0.36, "regularMarketDayHigh": 0.37, "regularMarketDayLow": 0.36, "regularMarketVolume": 22747, "averageDailyVolume10Day": 9088, "averageDailyVolume3Month": 13688, "regularMarketPreviousClose": 0.37, "regularMarketSource": "FREE_REALTIME", "regularMarketOpen": 0.37, "exchange": "BSE", "exchangeName": "BSE", "exchangeDataDelayedBy": 0, "marketState": "CLOSED", "quoteType": "EQUITY", "symbol": "HITKITGLO.BO", "underlyingSymbol": null, "shortName": "HIT KIT GLOBAL SOLUTIONS LTD.", "longName": "Hit Kit Global Solutions Limited", "currency": "INR", "quoteSourceName": "Delayed Quote", "currencySymbol": "\u20b9", "fromCurrency": null, "toCurrency": null, "lastMarket": null, "marketCap": 13320001}, "balanceSheetHistory": {"balanceSheetStatements": [{"maxAge": 1, "endDate": "2020-03-31", "cash": 6536, "netReceivables": 2750000, "totalCurrentAssets": 2760106, "longTermInvestments": 39240000, "propertyPlantEquipment": 49310080, "otherAssets": 10057809, "deferredLongTermAssetCharges": 2965, "totalAssets": 101367995, "accountsPayable": 2360276, "otherCurrentLiab": 47356, "otherLiab": 57501, "totalCurrentLiabilities": 4464082, "totalLiab": 4521583, "commonStock": 74000000, "retainedEarnings": 16869512, "capitalSurplus": 5976900, "totalStockholderEquity": 96846412, "netTangibleAssets": 96846412}, {"maxAge": 1, "endDate": "2019-03-31", "cash": 11837, "netReceivables": 1000000, "totalCurrentAssets": 1011837, "longTermInvestments": 39240000, "propertyPlantEquipment": 49328460, "otherAssets": 10102458, "deferredLongTermAssetCharges": 1368, "totalAssets": 99682755, "accountsPayable": 1710030, "otherCurrentLiab": 45583, "totalCurrentLiabilities": 2938630, "totalLiab": 2938630, "commonStock": 74000000, "retainedEarnings": 16767225, "capitalSurplus": 5976900, "totalStockholderEquity": 96744125, "netTangibleAssets": 96744125}, {"maxAge": 1, "endDate": "2018-03-31", "cash": 144196, "totalCurrentAssets": 144196, "longTermInvestments": 40095000, "propertyPlantEquipment": 49346840, "otherAssets": 10101826, "deferredLongTermAssetCharges": 1176, "totalAssets": 99687862, "accountsPayable": 1710030, "otherCurrentLiab": 6267, "totalCurrentLiabilities": 2714194, "totalLiab": 2714194, "commonStock": 74000000, "retainedEarnings": 16996768, "capitalSurplus": 5976900, "totalStockholderEquity": 96973668, "netTangibleAssets": 96973668}, {"maxAge": 1, "endDate": "2017-03-31", "cash": 615895, "netReceivables": 65450, "totalCurrentAssets": 681345, "longTermInvestments": 38795000, "propertyPlantEquipment": 58487950, "otherAssets": 100650, "totalAssets": 98064945, "accountsPayable": 25030, "otherCurrentLiab": 41267, "otherLiab": 58172, "totalCurrentLiabilities": 583813, "totalLiab": 641985, "commonStock": 74000000, "retainedEarnings": 17446060, "capitalSurplus": 5976900, "totalStockholderEquity": 97422960, "netTangibleAssets": 97422960}], "maxAge": 86400}, "financialData": {"maxAge": 86400, "currentPrice": 0.36, "recommendationKey": "none", "grossProfits": -496756, "financialCurrency": "INR"}}}