{"HMT.NS": {"assetProfile": {"address1": "HMT Bhavan", "address2": "No. 59, Bellary Road", "city": "Bengaluru", "zip": "560032", "country": "India", "phone": "91 80 2333 0333", "fax": "91 80 2333 9111", "website": "http://www.hmtindia.com", "industry": "Farm & Heavy Construction Machinery", "sector": "Industrials", "longBusinessSummary": "HMT Limited manufactures and sells food processing machines in India and internationally. The company offers machine tools, including turning machines, grinding machines, gear manufacturing machines, machining centers, special application machines, die casting and plastic injection molding machines, precision ball screws, presses, CNC systems, and other GPMs. Its food processing machines comprise butter making and packing machines, plate heat exchangers, centrifugal pumps and separators, oil purification and clarification systems, and homogenizers. In addition, the company provides printing machinery, watches, tractors, and bearings. Further, the company offers various services, including refurbishing, testing and inspection services, precision tooling solutions, and project and consultancy services. HMT Limited was founded in 1949 and is headquartered in Bengaluru, India.", "fullTimeEmployees": 1177, "companyOfficers": [{"maxAge": 1, "name": "Mr. Sadasivan Girish Kumar", "age": 59, "title": "Chairman, MD & Director of Fin.", "yearBorn": 1961, "fiscalYear": 2020, "totalPay": 4467648, "exercisedValue": 0, "unexercisedValue": 0}, {"maxAge": 1, "name": "Ms. Kamna  Mehta", "title": "Chief Financial Officer", "exercisedValue": 0, "unexercisedValue": 0}, {"maxAge": 1, "name": "Mr. Kishor Kumar Shankar", "title": "Company Sec. & Compliance Officer", "exercisedValue": 0, "unexercisedValue": 0}, {"maxAge": 1, "name": "M. Ravindra Varma Raja", "age": 56, "title": "Gen. Technical manager", "yearBorn": 1964, "exercisedValue": 0, "unexercisedValue": 0}, {"maxAge": 1, "name": "Mr. A. R. Sutheekshna", "age": 64, "title": "Deputy Chief Vigilance Officer", "yearBorn": 1956, "exercisedValue": 0, "unexercisedValue": 0}, {"maxAge": 1, "name": "Mr. Vidya Bhushan Kumar", "title": "Chief Vigilance Officer", "exercisedValue": 0, "unexercisedValue": 0}, {"maxAge": 1, "name": "K. P. Mishra", "title": "Exec. Director of Tractor", "exercisedValue": 0, "unexercisedValue": 0}, {"maxAge": 1, "name": "C.  Patnaik", "age": 61, "title": "Gen. Mang.", "yearBorn": 1959, "fiscalYear": 2018, "exercisedValue": 0, "unexercisedValue": 0}, {"maxAge": 1, "name": "Krishna Murthy G", "age": 61, "title": "Gen. Mang.", "yearBorn": 1959, "fiscalYear": 2018, "exercisedValue": 0, "unexercisedValue": 0}, {"maxAge": 1, "name": "A.K.  Srivastava", "title": "Gen. Mang.", "fiscalYear": 2018, "exercisedValue": 0, "unexercisedValue": 0}], "compensationAsOfEpochDate": "2020-12-31 05:30:00", "maxAge": 86400}, "cashflowStatementHistory": {"cashflowStatements": [{"maxAge": 1, "endDate": "2020-03-31", "netIncome": 1558740000, "depreciation": 95389000, "changeToNetincome": -2032717000, "changeToAccountReceivables": -228788000, "changeToLiabilities": -1691691000, "changeToInventory": -135469000, "changeToOperatingActivities": -217838000, "totalCashFromOperatingActivities": -2652374000, "capitalExpenditures": -104475000, "otherCashflowsFromInvestingActivities": 130361000, "totalCashflowsFromInvestingActivities": 2713093000, "netBorrowings": 69218000, "otherCashflowsFromFinancingActivities": -422687000, "totalCashFromFinancingActivities": -353469000, "changeInCash": -292750000}, {"maxAge": 1, "endDate": "2019-03-31", "netIncome": 1549181000, "depreciation": 92425000, "changeToNetincome": -1992148000, "changeToAccountReceivables": -621996000, "changeToLiabilities": 1173994000, "changeToInventory": -398284000, "changeToOperatingActivities": -286203000, "totalCashFromOperatingActivities": -483031000, "capitalExpenditures": -85723000, "investments": 6100000, "otherCashflowsFromInvestingActivities": 110846000, "totalCashflowsFromInvestingActivities": 2975143000, "netBorrowings": -2033391000, "otherCashflowsFromFinancingActivities": -375961000, "totalCashFromFinancingActivities": -2409352000, "changeInCash": 82760000}, {"maxAge": 1, "endDate": "2018-03-31", "netIncome": -1511988000, "depreciation": 100966000, "changeToNetincome": 549225000, "changeToAccountReceivables": 122065000, "changeToLiabilities": -304271000, "changeToInventory": 135850000, "changeToOperatingActivities": -168758000, "totalCashFromOperatingActivities": -1076911000, "capitalExpenditures": -43730000, "investments": 6100000, "otherCashflowsFromInvestingActivities": 91246000, "totalCashflowsFromInvestingActivities": 79797000, "netBorrowings": 945972000, "otherCashflowsFromFinancingActivities": -109877000, "totalCashFromFinancingActivities": 836095000, "changeInCash": -161019000}, {"maxAge": 1, "endDate": "2017-03-31", "netIncome": -5440104000, "depreciation": 105528000, "changeToNetincome": 472909000, "changeToAccountReceivables": 114405000, "changeToLiabilities": -1004085000, "changeToInventory": 322030000, "changeToOperatingActivities": -1178746000, "totalCashFromOperatingActivities": -6608063000, "capitalExpenditures": -31809000, "investments": 6100000, "otherCashflowsFromInvestingActivities": 57153000, "totalCashflowsFromInvestingActivities": 45061000, "netBorrowings": 5656324000, "otherCashflowsFromFinancingActivities": -241860000, "totalCashFromFinancingActivities": 5414464000, "changeInCash": -1148538000}], "maxAge": 86400}, "institutionOwnership": {"ownershipList": [], "maxAge": 1}, "majorHoldersBreakdown": {"maxAge": 1, "insidersPercentHeld": 0.99294, "institutionsPercentHeld": 0.0, "institutionsFloatPercentHeld": 0.0, "institutionsCount": 0}, "balanceSheetHistoryQuarterly": {"balanceSheetStatements": [{"maxAge": 1, "endDate": "2020-12-31", "totalStockholderEquity": -46879800000, "netTangibleAssets": -46999300000}, {"maxAge": 1, "endDate": "2020-09-30", "cash": 1983800000, "netReceivables": 1494900000, "inventory": 1539500000, "otherCurrentAssets": 908900000, "totalCurrentAssets": 5927100000, "longTermInvestments": 2000000, "propertyPlantEquipment": 545000000, "intangibleAssets": 119500000, "otherAssets": 30700000, "totalAssets": 6624300000, "accountsPayable": 957800000, "otherCurrentLiab": 50931400000, "longTermDebt": 31900000, "otherLiab": 682700000, "minorityInterest": -2600000, "totalCurrentLiabilities": 52792100000, "totalLiab": 53506700000, "commonStock": 3556000000, "treasuryStock": -50435800000, "otherStockholderEquity": -50435800000, "totalStockholderEquity": -46879800000, "netTangibleAssets": -46999300000}, {"maxAge": 1, "endDate": "2020-06-30", "totalStockholderEquity": -46037200000, "netTangibleAssets": -46163800000}, {"maxAge": 1, "endDate": "2020-03-31", "cash": 2085100000, "shortTermInvestments": 56370000, "netReceivables": 1552272000, "inventory": 1889685000, "otherCurrentAssets": 956550000, "totalCurrentAssets": 6539977000, "longTermInvestments": 1989000, "propertyPlantEquipment": 575100000, "intangibleAssets": 126551000, "otherAssets": 31933000, "totalAssets": 7275550000, "accountsPayable": 1138078000, "shortLongTermDebt": 1780408000, "otherCurrentLiab": 37313104000, "longTermDebt": 1222392000, "otherLiab": 772458000, "minorityInterest": -2644000, "totalCurrentLiabilities": 51320488000, "totalLiab": 53315338000, "commonStock": 3556016000, "retainedEarnings": -49105000000, "treasuryStock": -488160000, "otherStockholderEquity": -488160000, "totalStockholderEquity": -46037144000, "netTangibleAssets": -46163695000}], "maxAge": 86400}, "indexTrend": {"maxAge": 1, "symbol": "SP5", "peRatio": 19.7411, "pegRatio": 1.34172, "estimates": [{"period": "0q", "growth": 0.549}, {"period": "+1q", "growth": 0.431}, {"period": "0y", "growth": 0.305}, {"period": "+1y", "growth": 0.109}, {"period": "+5y", "growth": 0.120865}, {"period": "-5y"}]}, "defaultKeyStatistics": {"maxAge": 1, "priceHint": 2, "enterpriseValue": 8091194880, "profitMargins": 0.57619, "floatShares": 2118564, "sharesOutstanding": 355601984, "heldPercentInsiders": 0.99294, "heldPercentInstitutions": 0.0, "beta": 1.135221, "category": null, "bookValue": -132.251, "fundFamily": null, "legalType": null, "lastFiscalYearEnd": "2020-03-31 05:30:00", "nextFiscalYearEnd": "2022-03-31 05:30:00", "mostRecentQuarter": "2020-12-31 05:30:00", "netIncomeToCommon": -1124653056, "trailingEps": 3.062, "lastSplitFactor": null, "enterpriseToRevenue": 4.265, "enterpriseToEbitda": -25.789}, "summaryProfile": {"address1": "HMT Bhavan", "address2": "No. 59, Bellary Road", "city": "Bengaluru", "zip": "560032", "country": "India", "phone": "91 80 2333 0333", "fax": "91 80 2333 9111", "website": "http://www.hmtindia.com", "industry": "Farm & Heavy Construction Machinery", "sector": "Industrials", "longBusinessSummary": "HMT Limited manufactures and sells food processing machines in India and internationally. The company offers machine tools, including turning machines, grinding machines, gear manufacturing machines, machining centers, special application machines, die casting and plastic injection molding machines, precision ball screws, presses, CNC systems, and other GPMs. Its food processing machines comprise butter making and packing machines, plate heat exchangers, centrifugal pumps and separators, oil purification and clarification systems, and homogenizers. In addition, the company provides printing machinery, watches, tractors, and bearings. Further, the company offers various services, including refurbishing, testing and inspection services, precision tooling solutions, and project and consultancy services. HMT Limited was founded in 1949 and is headquartered in Bengaluru, India.", "fullTimeEmployees": 1177, "companyOfficers": [], "maxAge": 86400}, "netSharePurchaseActivity": {"maxAge": 1, "period": "6m", "buyInfoCount": 0, "buyInfoShares": 0, "sellInfoCount": 0, "netInfoCount": 0, "netInfoShares": 0, "netPercentInsiderShares": 0.0, "totalInsiderShares": 352363040}, "quoteType": {"exchange": "NSI", "quoteType": "EQUITY", "symbol": "HMT.NS", "underlyingSymbol": "HMT.NS", "shortName": "HMT LTD (INDIA)", "longName": "HMT Limited", "firstTradeDateEpochUtc": "2002-07-01 09:15:00", "timeZoneFullName": "Asia/Kolkata", "timeZoneShortName": "IST", "uuid": "10642fd8-4d1f-31a7-87a1-af16a3f2f8de", "gmtOffSetMilliseconds": 19800000, "maxAge": 1}, "incomeStatementHistory": {"incomeStatementHistory": [{"maxAge": 1, "endDate": "2020-03-31", "totalRevenue": 2603014000, "costOfRevenue": 1212070000, "grossProfit": 1390944000, "researchDevelopment": {}, "sellingGeneralAdministrative": 1201204000, "nonRecurring": {}, "otherOperatingExpenses": 226205000, "totalOperatingExpenses": 2734868000, "operatingIncome": -131854000, "totalOtherIncomeExpenseNet": -527375000, "ebit": -131854000, "interestExpense": -653524000, "incomeBeforeTax": -659229000, "incomeTaxExpense": 11638000, "minorityInterest": -2644000, "netIncomeFromContinuingOps": -670867000, "discontinuedOperations": 2229793000, "extraordinaryItems": {}, "effectOfAccountingCharges": {}, "otherItems": {}, "netIncome": 1558740000, "netIncomeApplicableToCommonShares": 1558740000}, {"maxAge": 1, "endDate": "2019-03-31", "totalRevenue": 2626220000, "costOfRevenue": 903892000, "grossProfit": 1722328000, "researchDevelopment": {}, "sellingGeneralAdministrative": 1246586000, "nonRecurring": {}, "otherOperatingExpenses": 426530000, "totalOperatingExpenses": 2669433000, "operatingIncome": -43213000, "totalOtherIncomeExpenseNet": -306374000, "ebit": -43213000, "interestExpense": -622395000, "incomeBeforeTax": -349587000, "incomeTaxExpense": 5083000, "minorityInterest": -2830000, "netIncomeFromContinuingOps": -354670000, "discontinuedOperations": 1908912000, "extraordinaryItems": {}, "effectOfAccountingCharges": {}, "otherItems": {}, "netIncome": 1549181000, "netIncomeApplicableToCommonShares": 1549181000}, {"maxAge": 1, "endDate": "2018-03-31", "totalRevenue": 1941256000, "costOfRevenue": 864317000, "grossProfit": 1076939000, "researchDevelopment": {}, "sellingGeneralAdministrative": 1458435000, "nonRecurring": {}, "otherOperatingExpenses": 275936000, "totalOperatingExpenses": 2699654000, "operatingIncome": -758398000, "totalOtherIncomeExpenseNet": -426184000, "ebit": -758398000, "interestExpense": -661893000, "incomeBeforeTax": -1184582000, "incomeTaxExpense": -1248000, "minorityInterest": -7884000, "netIncomeFromContinuingOps": -1183334000, "discontinuedOperations": -328742000, "extraordinaryItems": {}, "effectOfAccountingCharges": {}, "otherItems": {}, "netIncome": -1511988000, "netIncomeApplicableToCommonShares": -1511988000}, {"maxAge": 1, "endDate": "2017-03-31", "totalRevenue": 1944482000, "costOfRevenue": 993022000, "grossProfit": 951460000, "researchDevelopment": {}, "sellingGeneralAdministrative": 1454324000, "nonRecurring": {}, "otherOperatingExpenses": 266828000, "totalOperatingExpenses": 2819702000, "operatingIncome": -875220000, "totalOtherIncomeExpenseNet": -803824000, "ebit": -875220000, "interestExpense": -622222000, "incomeBeforeTax": -1679044000, "incomeTaxExpense": -184206000, "minorityInterest": -7803000, "netIncomeFromContinuingOps": -1494838000, "discontinuedOperations": -3945499000, "extraordinaryItems": {}, "effectOfAccountingCharges": {}, "otherItems": {}, "netIncome": -5440104000, "netIncomeApplicableToCommonShares": -5440104000}], "maxAge": 86400}, "fundOwnership": {"ownershipList": [], "maxAge": 1}, "summaryDetail": {"maxAge": 1, "priceHint": 2, "previousClose": 27.4, "open": 27.6, "dayLow": 26.25, "dayHigh": 27.6, "regularMarketPreviousClose": 27.4, "regularMarketOpen": 27.6, "regularMarketDayLow": 26.25, "regularMarketDayHigh": 27.6, "payoutRatio": 0.0, "beta": 1.135221, "trailingPE": 8.670803, "volume": 10552, "regularMarketVolume": 10552, "averageVolume": 20128, "averageVolume10days": 13012, "averageDailyVolume10Day": 13012, "bid": 0.0, "ask": 0.0, "bidSize": 0, "askSize": 0, "marketCap": 9613515776, "fiftyTwoWeekLow": 9.0, "fiftyTwoWeekHigh": 39.5, "priceToSalesTrailing12Months": 5.0677094, "fiftyDayAverage": 29.486364, "twoHundredDayAverage": 20.9825, "currency": "INR", "fromCurrency": null, "lastMarket": null, "algorithm": null, "tradeable": false}, "incomeStatementHistoryQuarterly": {"incomeStatementHistory": [{"maxAge": 1, "endDate": "2020-12-31", "totalRevenue": 548900000, "costOfRevenue": 345100000, "grossProfit": 203800000, "researchDevelopment": {}, "sellingGeneralAdministrative": 240500000, "nonRecurring": {}, "otherOperatingExpenses": -10500000, "totalOperatingExpenses": 601900000, "operatingIncome": -53000000, "totalOtherIncomeExpenseNet": -224700000, "ebit": -53000000, "interestExpense": -224700000, "incomeBeforeTax": -277700000, "incomeTaxExpense": 0, "minorityInterest": {}, "netIncomeFromContinuingOps": -277700000, "discontinuedOperations": 8000000, "extraordinaryItems": {}, "effectOfAccountingCharges": {}, "otherItems": {}, "netIncome": -269700000, "netIncomeApplicableToCommonShares": -269700000}, {"maxAge": 1, "endDate": "2020-09-30", "totalRevenue": 394900000, "costOfRevenue": 240600000, "grossProfit": 154300000, "researchDevelopment": {}, "sellingGeneralAdministrative": 266600000, "nonRecurring": {}, "otherOperatingExpenses": -14500000, "totalOperatingExpenses": 519800000, "operatingIncome": -124900000, "totalOtherIncomeExpenseNet": -243700000, "ebit": -124900000, "interestExpense": -243700000, "incomeBeforeTax": -368600000, "incomeTaxExpense": 0, "minorityInterest": -2600000, "netIncomeFromContinuingOps": -368600000, "discontinuedOperations": -3600000, "extraordinaryItems": {}, "effectOfAccountingCharges": {}, "otherItems": {}, "netIncome": -372200000, "netIncomeApplicableToCommonShares": -372200000}, {"maxAge": 1, "endDate": "2020-06-30", "totalRevenue": 237600000, "costOfRevenue": 171800000, "grossProfit": 65800000, "researchDevelopment": {}, "sellingGeneralAdministrative": 268000000, "nonRecurring": {}, "otherOperatingExpenses": -3900000, "totalOperatingExpenses": 459600000, "operatingIncome": -222000000, "totalOtherIncomeExpenseNet": -213700000, "ebit": -222000000, "interestExpense": -213700000, "incomeBeforeTax": -435700000, "incomeTaxExpense": 0, "minorityInterest": -2600000, "netIncomeFromContinuingOps": -435700000, "discontinuedOperations": -2400000, "extraordinaryItems": {}, "effectOfAccountingCharges": {}, "otherItems": {}, "netIncome": -438100000, "netIncomeApplicableToCommonShares": -438100000}, {"maxAge": 1, "endDate": "2020-03-31", "totalRevenue": 715614000, "costOfRevenue": 132170000, "grossProfit": 583444000, "researchDevelopment": {}, "sellingGeneralAdministrative": 321204000, "nonRecurring": {}, "otherOperatingExpenses": 248905000, "totalOperatingExpenses": 727068000, "operatingIncome": -11454000, "totalOtherIncomeExpenseNet": -19475000, "ebit": -11454000, "interestExpense": -145624000, "incomeBeforeTax": -30929000, "incomeTaxExpense": 11638000, "minorityInterest": -2644000, "netIncomeFromContinuingOps": -42567000, "discontinuedOperations": 2215693000, "extraordinaryItems": {}, "effectOfAccountingCharges": {}, "otherItems": {}, "netIncome": 2173040000, "netIncomeApplicableToCommonShares": 2173040000}], "maxAge": 86400}, "cashflowStatementHistoryQuarterly": {"cashflowStatements": [{"maxAge": 1, "endDate": "2020-12-31", "netIncome": -269700000, "changeToLiabilities": 0}, {"maxAge": 1, "endDate": "2020-09-30", "netIncome": -372200000, "changeToLiabilities": 0}, {"maxAge": 1, "endDate": "2020-06-30", "netIncome": -438100000, "changeToLiabilities": 0}, {"maxAge": 1, "endDate": "2020-03-31", "netIncome": 2173040000, "changeToLiabilities": 0}], "maxAge": 86400}, "insiderHolders": {"holders": [], "maxAge": 1}, "calendarEvents": {"maxAge": 1, "earnings": {"earningsDate": []}}, "upgradeDowngradeHistory": {"history": [], "maxAge": 86400}, "price": {"maxAge": 1, "regularMarketChangePercent": -0.031021912, "regularMarketChange": -0.8500004, "regularMarketTime": "2021-04-30 15:26:38", "priceHint": 2, "regularMarketPrice": 26.55, "regularMarketDayHigh": 27.6, "regularMarketDayLow": 26.25, "regularMarketVolume": 10552, "averageDailyVolume10Day": 13012, "averageDailyVolume3Month": 20128, "regularMarketPreviousClose": 27.4, "regularMarketSource": "FREE_REALTIME", "regularMarketOpen": 27.6, "exchange": "NSI", "exchangeName": "NSE", "exchangeDataDelayedBy": 15, "marketState": "CLOSED", "quoteType": "EQUITY", "symbol": "HMT.NS", "underlyingSymbol": null, "shortName": "HMT LTD (INDIA)", "longName": "HMT Limited", "currency": "INR", "quoteSourceName": "Delayed Quote", "currencySymbol": "\u20b9", "fromCurrency": null, "lastMarket": null, "marketCap": 9613515776}, "balanceSheetHistory": {"balanceSheetStatements": [{"maxAge": 1, "endDate": "2020-03-31", "cash": 2085100000, "shortTermInvestments": 56370000, "netReceivables": 1552272000, "inventory": 1889685000, "otherCurrentAssets": 956550000, "totalCurrentAssets": 6539977000, "longTermInvestments": 1989000, "propertyPlantEquipment": 575100000, "intangibleAssets": 126551000, "otherAssets": 31933000, "totalAssets": 7275550000, "accountsPayable": 1138078000, "shortLongTermDebt": 1780408000, "otherCurrentLiab": 37313104000, "longTermDebt": 1222392000, "otherLiab": 772458000, "minorityInterest": -2644000, "totalCurrentLiabilities": 51320488000, "totalLiab": 53315338000, "commonStock": 3556016000, "retainedEarnings": -49105000000, "treasuryStock": -488160000, "otherStockholderEquity": -488160000, "totalStockholderEquity": -46037144000, "netTangibleAssets": -46163695000}, {"maxAge": 1, "endDate": "2019-03-31", "cash": 2377850000, "shortTermInvestments": 52456000, "netReceivables": 1718542000, "inventory": 1684663000, "otherCurrentAssets": 580185000, "totalCurrentAssets": 6413696000, "longTermInvestments": 2009000, "propertyPlantEquipment": 615390000, "intangibleAssets": 94121000, "otherAssets": 55071000, "totalAssets": 7180287000, "accountsPayable": 1001302000, "shortLongTermDebt": 2117200000, "otherCurrentLiab": 39116145000, "longTermDebt": 2314489000, "otherLiab": 1061697000, "minorityInterest": -2830000, "totalCurrentLiabilities": 51316658000, "totalLiab": 54692844000, "commonStock": 3556016000, "retainedEarnings": -50663444000, "treasuryStock": -402299000, "otherStockholderEquity": -402299000, "totalStockholderEquity": -47509727000, "netTangibleAssets": -47603848000}, {"maxAge": 1, "endDate": "2018-03-31", "cash": 2295090000, "shortTermInvestments": 55023000, "netReceivables": 1103056000, "inventory": 1301365000, "otherCurrentAssets": 626484000, "totalCurrentAssets": 5381018000, "longTermInvestments": 13883000, "propertyPlantEquipment": 638031000, "intangibleAssets": 96590000, "otherAssets": 61406000, "totalAssets": 6190928000, "accountsPayable": 727922000, "shortLongTermDebt": 2156400000, "otherCurrentLiab": 39833060000, "longTermDebt": 3732426000, "otherLiab": 1620628000, "minorityInterest": -7884000, "totalCurrentLiabilities": 49788606000, "totalLiab": 55141660000, "commonStock": 12040916000, "retainedEarnings": -60697532000, "treasuryStock": -286232000, "otherStockholderEquity": -286232000, "totalStockholderEquity": -48942848000, "netTangibleAssets": -49039438000}, {"maxAge": 1, "endDate": "2017-03-31", "cash": 2456109000, "shortTermInvestments": 62233000, "netReceivables": 1041846000, "inventory": 1437215000, "otherCurrentAssets": 797511000, "totalCurrentAssets": 5794914000, "longTermInvestments": 11474000, "propertyPlantEquipment": 736858000, "intangibleAssets": 74772000, "otherAssets": 59134000, "totalAssets": 6677152000, "accountsPayable": 852475000, "shortLongTermDebt": 2049452000, "otherCurrentLiab": 41103299000, "longTermDebt": 4353291000, "otherLiab": 1893916000, "minorityInterest": -7803000, "totalCurrentLiabilities": 48415593000, "totalLiab": 54662800000, "commonStock": 12040916000, "retainedEarnings": -59641725000, "treasuryStock": -377036000, "otherStockholderEquity": -377036000, "totalStockholderEquity": -47977845000, "netTangibleAssets": -48052617000}], "maxAge": 86400}, "financialData": {"maxAge": 86400, "currentPrice": 26.55, "recommendationKey": "none", "totalCash": 1983800064, "totalCashPerShare": 5.59, "ebitda": -313742016, "totalDebt": 354200000, "totalRevenue": 1897014016, "revenuePerShare": 5.32, "grossProfits": 1390944000, "revenueGrowth": -0.259, "grossMargins": 0.53102, "ebitdaMargins": -0.16539, "operatingMargins": -0.21684, "profitMargins": 0.57619, "financialCurrency": "INR"}}}