{"HMT.BO": {"cashflowStatementHistory": {"cashflowStatements": [{"maxAge": 1, "endDate": "2020-03-31", "netIncome": 1558700000, "depreciation": 114000000, "changeToNetincome": -2051400000, "changeToAccountReceivables": -228700000, "changeToLiabilities": -1691700000, "changeToInventory": -135500000, "changeToOperatingActivities": -217800000, "totalCashFromOperatingActivities": -2652400000, "capitalExpenditures": -104500000, "otherCashflowsFromInvestingActivities": 130400000, "totalCashflowsFromInvestingActivities": 2713100000, "netBorrowings": 69200000, "otherCashflowsFromFinancingActivities": -422700000, "totalCashFromFinancingActivities": -353500000, "changeInCash": -292800000}, {"maxAge": 1, "endDate": "2019-03-31", "netIncome": 1549181000, "depreciation": 92425000, "changeToNetincome": -1939791000, "changeToAccountReceivables": -621996000, "changeToLiabilities": 1173994000, "changeToInventory": -398284000, "changeToOperatingActivities": -286203000, "totalCashFromOperatingActivities": -430674000, "capitalExpenditures": -85723000, "investments": 6100000, "otherCashflowsFromInvestingActivities": 110846000, "totalCashflowsFromInvestingActivities": 2975143000, "netBorrowings": -2033391000, "otherCashflowsFromFinancingActivities": -428318000, "totalCashFromFinancingActivities": -2461709000, "changeInCash": 82760000}, {"maxAge": 1, "endDate": "2018-03-31", "netIncome": -1511988000, "depreciation": 100966000, "changeToNetincome": 549225000, "changeToAccountReceivables": 122065000, "changeToLiabilities": -304271000, "changeToInventory": 135850000, "changeToOperatingActivities": -168758000, "totalCashFromOperatingActivities": -1076911000, "capitalExpenditures": -43730000, "investments": 6100000, "otherCashflowsFromInvestingActivities": 91246000, "totalCashflowsFromInvestingActivities": 79797000, "netBorrowings": 945972000, "otherCashflowsFromFinancingActivities": -109877000, "totalCashFromFinancingActivities": 836095000, "changeInCash": -161019000}, {"maxAge": 1, "endDate": "2017-03-31", "netIncome": -5440104000, "depreciation": 105528000, "changeToNetincome": 472909000, "changeToAccountReceivables": 114405000, "changeToLiabilities": -1004085000, "changeToInventory": 322030000, "changeToOperatingActivities": -1178746000, "totalCashFromOperatingActivities": -6608063000, "capitalExpenditures": -31809000, "investments": 6100000, "otherCashflowsFromInvestingActivities": 57153000, "totalCashflowsFromInvestingActivities": 45061000, "netBorrowings": 5656324000, "otherCashflowsFromFinancingActivities": -241860000, "totalCashFromFinancingActivities": 5414464000, "changeInCash": -1148538000}], "maxAge": 86400}, "institutionOwnership": {"maxAge": 1, "ownershipList": []}, "balanceSheetHistoryQuarterly": {"balanceSheetStatements": [{"maxAge": 1, "endDate": "2020-06-30", "totalStockholderEquity": -46037200000, "netTangibleAssets": -46163800000}, {"maxAge": 1, "endDate": "2020-03-31", "cash": 2085100000, "netReceivables": 1552300000, "inventory": 1889700000, "otherCurrentAssets": 1012900000, "totalCurrentAssets": 6540000000, "longTermInvestments": 2000000, "propertyPlantEquipment": 575100000, "intangibleAssets": 126600000, "otherAssets": 31900000, "totalAssets": 7275600000, "accountsPayable": 1138100000, "otherCurrentLiab": 49358700000, "longTermDebt": 1222400000, "otherLiab": 772500000, "minorityInterest": -2600000, "totalCurrentLiabilities": 51320500000, "totalLiab": 53315400000, "commonStock": 3556000000, "treasuryStock": -49593200000, "otherStockholderEquity": -49593200000, "totalStockholderEquity": -46037200000, "netTangibleAssets": -46163800000}, {"maxAge": 1, "endDate": "2019-12-31", "totalStockholderEquity": -47895800000, "netTangibleAssets": -47988400000}, {"maxAge": 1, "endDate": "2019-09-30", "cash": 2576900000, "netReceivables": 1260400000, "inventory": 1413900000, "otherCurrentAssets": 1219300000, "totalCurrentAssets": 6470500000, "longTermInvestments": 2000000, "propertyPlantEquipment": 597100000, "intangibleAssets": 92600000, "otherAssets": 32100000, "totalAssets": 7194300000, "accountsPayable": 773200000, "otherCurrentLiab": 50339900000, "longTermDebt": 2251900000, "otherLiab": 916800000, "minorityInterest": -2600000, "totalCurrentLiabilities": 51924000000, "totalLiab": 55092700000, "commonStock": 3556000000, "treasuryStock": -51451800000, "otherStockholderEquity": -51451800000, "totalStockholderEquity": -47895800000, "netTangibleAssets": -47988400000}], "maxAge": 86400}, "indexTrend": {"maxAge": 1, "symbol": "SP5", "peRatio": 19.7411, "pegRatio": 1.34172, "estimates": [{"period": "0q", "growth": 0.549}, {"period": "+1q", "growth": 0.431}, {"period": "0y", "growth": 0.305}, {"period": "+1y", "growth": 0.109}, {"period": "+5y", "growth": 0.120859005}, {"period": "-5y"}]}, "quoteType": {"exchange": "BSE", "quoteType": "EQUITY", "symbol": "HMT.BO", "underlyingSymbol": "HMT.BO", "shortName": "HMT LTD.", "longName": "HMT Limited", "firstTradeDateEpochUtc": "2000-01-03 09:15:00", "timeZoneFullName": "Asia/Kolkata", "timeZoneShortName": "IST", "uuid": "db41adf2-47ae-3ac8-8b7d-3eb51c7c874d", "messageBoardId": null, "gmtOffSetMilliseconds": 19800000, "maxAge": 1}, "incomeStatementHistory": {"incomeStatementHistory": [{"maxAge": 1, "endDate": "2020-03-31", "totalRevenue": 2603000000, "costOfRevenue": 1227500000, "grossProfit": 1375500000, "researchDevelopment": {}, "sellingGeneralAdministrative": 1193500000, "nonRecurring": {}, "otherOperatingExpenses": 568300000, "totalOperatingExpenses": 3084700000, "operatingIncome": -481700000, "totalOtherIncomeExpenseNet": -177500000, "ebit": -481700000, "interestExpense": -653700000, "incomeBeforeTax": -659200000, "incomeTaxExpense": 11700000, "minorityInterest": -2600000, "netIncomeFromContinuingOps": -670900000, "discontinuedOperations": 2229800000, "extraordinaryItems": {}, "effectOfAccountingCharges": {}, "otherItems": {}, "netIncome": 1558700000, "netIncomeApplicableToCommonShares": 1558700000}, {"maxAge": 1, "endDate": "2019-03-31", "totalRevenue": 2627714000, "costOfRevenue": 905386000, "grossProfit": 1722328000, "researchDevelopment": {}, "sellingGeneralAdministrative": 1246586000, "nonRecurring": {}, "otherOperatingExpenses": 374173000, "totalOperatingExpenses": 2618570000, "operatingIncome": 9144000, "totalOtherIncomeExpenseNet": -358731000, "ebit": 9144000, "interestExpense": -674752000, "incomeBeforeTax": -349587000, "incomeTaxExpense": 5083000, "minorityInterest": -2830000, "netIncomeFromContinuingOps": -354670000, "discontinuedOperations": 1908912000, "extraordinaryItems": {}, "effectOfAccountingCharges": {}, "otherItems": {}, "netIncome": 1549181000, "netIncomeApplicableToCommonShares": 1549181000}, {"maxAge": 1, "endDate": "2018-03-31", "totalRevenue": 1941256000, "costOfRevenue": 864317000, "grossProfit": 1076939000, "researchDevelopment": {}, "sellingGeneralAdministrative": 1458435000, "nonRecurring": {}, "otherOperatingExpenses": 275936000, "totalOperatingExpenses": 2699654000, "operatingIncome": -758398000, "totalOtherIncomeExpenseNet": -426184000, "ebit": -758398000, "interestExpense": -661893000, "incomeBeforeTax": -1184582000, "incomeTaxExpense": -1248000, "minorityInterest": -7884000, "netIncomeFromContinuingOps": -1183334000, "discontinuedOperations": -328742000, "extraordinaryItems": {}, "effectOfAccountingCharges": {}, "otherItems": {}, "netIncome": -1511988000, "netIncomeApplicableToCommonShares": -1511988000}, {"maxAge": 1, "endDate": "2017-03-31", "totalRevenue": 1944482000, "costOfRevenue": 993022000, "grossProfit": 951460000, "researchDevelopment": {}, "sellingGeneralAdministrative": 1454324000, "nonRecurring": {}, "otherOperatingExpenses": 266828000, "totalOperatingExpenses": 2819702000, "operatingIncome": -875220000, "totalOtherIncomeExpenseNet": -803824000, "ebit": -875220000, "interestExpense": -622222000, "incomeBeforeTax": -1679044000, "incomeTaxExpense": -184206000, "minorityInterest": -7803000, "netIncomeFromContinuingOps": -1494838000, "discontinuedOperations": -3945499000, "extraordinaryItems": {}, "effectOfAccountingCharges": {}, "otherItems": {}, "netIncome": -5440104000, "netIncomeApplicableToCommonShares": -5440104000}], "maxAge": 86400}, "fundOwnership": {"maxAge": 1, "ownershipList": []}, "summaryDetail": {"maxAge": 1, "priceHint": 2, "previousClose": 27.9, "open": 27.9, "dayLow": 26.55, "dayHigh": 27.9, "regularMarketPreviousClose": 27.9, "regularMarketOpen": 27.9, "regularMarketDayLow": 26.55, "regularMarketDayHigh": 27.9, "trailingPE": 6.2023563, "volume": 5481, "regularMarketVolume": 5481, "averageVolume": 10969, "averageVolume10days": 7109, "averageDailyVolume10Day": 7109, "bid": 26.7, "ask": 27.05, "bidSize": 0, "askSize": 0, "marketCap": 9547913216, "fiftyTwoWeekLow": 7.5, "fiftyTwoWeekHigh": 28.4, "fiftyDayAverage": 23.49, "twoHundredDayAverage": 18.361824, "currency": "INR", "fromCurrency": null, "toCurrency": null, "lastMarket": null, "algorithm": null, "tradeable": false}, "incomeStatementHistoryQuarterly": {"incomeStatementHistory": [{"maxAge": 1, "endDate": "2020-06-30", "totalRevenue": 237600000, "costOfRevenue": 171800000, "grossProfit": 65800000, "researchDevelopment": {}, "sellingGeneralAdministrative": 268000000, "nonRecurring": {}, "otherOperatingExpenses": 113100000, "totalOperatingExpenses": 576600000, "operatingIncome": -339000000, "totalOtherIncomeExpenseNet": -96700000, "ebit": -339000000, "interestExpense": -213700000, "incomeBeforeTax": -435700000, "incomeTaxExpense": 0, "minorityInterest": {}, "netIncomeFromContinuingOps": -435700000, "discontinuedOperations": -2400000, "extraordinaryItems": {}, "effectOfAccountingCharges": {}, "otherItems": {}, "netIncome": -438100000, "netIncomeApplicableToCommonShares": -438100000}, {"maxAge": 1, "endDate": "2020-03-31", "totalRevenue": 715600000, "costOfRevenue": 147600000, "grossProfit": 568000000, "researchDevelopment": {}, "sellingGeneralAdministrative": 313500000, "nonRecurring": {}, "otherOperatingExpenses": 170900000, "totalOperatingExpenses": 656800000, "operatingIncome": 58800000, "totalOtherIncomeExpenseNet": -89700000, "ebit": 58800000, "interestExpense": -145800000, "incomeBeforeTax": -30900000, "incomeTaxExpense": 11700000, "minorityInterest": -2600000, "netIncomeFromContinuingOps": -42600000, "discontinuedOperations": 2215700000, "extraordinaryItems": {}, "effectOfAccountingCharges": {}, "otherItems": {}, "netIncome": 2173000000, "netIncomeApplicableToCommonShares": 2173000000}, {"maxAge": 1, "endDate": "2019-12-31", "totalRevenue": 740400000, "costOfRevenue": 466300000, "grossProfit": 274100000, "researchDevelopment": {}, "sellingGeneralAdministrative": 292000000, "nonRecurring": {}, "otherOperatingExpenses": 117300000, "totalOperatingExpenses": 901000000, "operatingIncome": -160600000, "totalOtherIncomeExpenseNet": -77000000, "ebit": -160600000, "interestExpense": -168800000, "incomeBeforeTax": -237600000, "incomeTaxExpense": 0, "minorityInterest": -2600000, "netIncomeFromContinuingOps": -237600000, "discontinuedOperations": 1900000, "extraordinaryItems": {}, "effectOfAccountingCharges": {}, "otherItems": {}, "netIncome": -235600000, "netIncomeApplicableToCommonShares": -235600000}, {"maxAge": 1, "endDate": "2019-09-30", "totalRevenue": 723300000, "costOfRevenue": 243100000, "grossProfit": 480200000, "researchDevelopment": {}, "sellingGeneralAdministrative": 293700000, "nonRecurring": {}, "otherOperatingExpenses": 151500000, "totalOperatingExpenses": 711700000, "operatingIncome": 11600000, "totalOtherIncomeExpenseNet": 5600000, "ebit": 11600000, "interestExpense": -186800000, "incomeBeforeTax": 17200000, "incomeTaxExpense": 0, "minorityInterest": -2600000, "netIncomeFromContinuingOps": 17200000, "discontinuedOperations": 24500000, "extraordinaryItems": {}, "effectOfAccountingCharges": {}, "otherItems": {}, "netIncome": 41500000, "netIncomeApplicableToCommonShares": 41500000}], "maxAge": 86400}, "cashflowStatementHistoryQuarterly": {"cashflowStatements": [{"maxAge": 1, "endDate": "2020-06-30", "netIncome": -438100000, "changeToLiabilities": 0}, {"maxAge": 1, "endDate": "2020-03-31", "netIncome": 2173000000, "changeToLiabilities": 0}, {"maxAge": 1, "endDate": "2019-12-31", "netIncome": -235600000, "changeToLiabilities": 0}, {"maxAge": 1, "endDate": "2019-09-30", "netIncome": 41500000, "changeToLiabilities": 0}], "maxAge": 86400}, "insiderHolders": {"holders": [], "maxAge": 1}, "calendarEvents": {"maxAge": 1, "earnings": {"earningsDate": ["2020-07-29 05:30:S"]}}, "price": {"maxAge": 1, "regularMarketChangePercent": -0.03763438, "regularMarketChange": -1.0499992, "regularMarketTime": "2021-04-30 15:27:00", "priceHint": 2, "regularMarketPrice": 26.85, "regularMarketDayHigh": 27.9, "regularMarketDayLow": 26.55, "regularMarketVolume": 5481, "averageDailyVolume10Day": 7109, "averageDailyVolume3Month": 10969, "regularMarketPreviousClose": 27.9, "regularMarketSource": "FREE_REALTIME", "regularMarketOpen": 27.9, "exchange": "BSE", "exchangeName": "BSE", "exchangeDataDelayedBy": 0, "marketState": "CLOSED", "quoteType": "EQUITY", "symbol": "HMT.BO", "underlyingSymbol": null, "shortName": "HMT LTD.", "longName": "HMT Limited", "currency": "INR", "quoteSourceName": "Delayed Quote", "currencySymbol": "\u20b9", "fromCurrency": null, "toCurrency": null, "lastMarket": null, "marketCap": 9547913216}, "balanceSheetHistory": {"balanceSheetStatements": [{"maxAge": 1, "endDate": "2020-03-31", "cash": 2085100000, "netReceivables": 1552300000, "inventory": 1889700000, "otherCurrentAssets": 1012900000, "totalCurrentAssets": 6540000000, "longTermInvestments": 2000000, "propertyPlantEquipment": 575100000, "intangibleAssets": 126600000, "otherAssets": 31900000, "totalAssets": 7275600000, "accountsPayable": 1138100000, "otherCurrentLiab": 49358700000, "longTermDebt": 1222400000, "otherLiab": 772500000, "minorityInterest": -2600000, "totalCurrentLiabilities": 51320500000, "totalLiab": 53315400000, "commonStock": 3556000000, "treasuryStock": -49593200000, "otherStockholderEquity": -49593200000, "totalStockholderEquity": -46037200000, "netTangibleAssets": -46163800000}, {"maxAge": 1, "endDate": "2019-03-31", "cash": 2377850000, "shortTermInvestments": 52456000, "netReceivables": 1718542000, "inventory": 1684663000, "otherCurrentAssets": 580185000, "totalCurrentAssets": 6413696000, "longTermInvestments": 2009000, "propertyPlantEquipment": 615390000, "intangibleAssets": 94121000, "otherAssets": 55071000, "totalAssets": 7180287000, "accountsPayable": 1001302000, "shortLongTermDebt": 2117200000, "otherCurrentLiab": 39116145000, "longTermDebt": 2314489000, "otherLiab": 1061697000, "minorityInterest": -2830000, "totalCurrentLiabilities": 51316658000, "totalLiab": 54692844000, "commonStock": 3556016000, "retainedEarnings": -50663444000, "treasuryStock": -402299000, "otherStockholderEquity": -402299000, "totalStockholderEquity": -47509727000, "netTangibleAssets": -47603848000}, {"maxAge": 1, "endDate": "2018-03-31", "cash": 2295090000, "shortTermInvestments": 55023000, "netReceivables": 1103056000, "inventory": 1301365000, "otherCurrentAssets": 626484000, "totalCurrentAssets": 5381018000, "longTermInvestments": 13883000, "propertyPlantEquipment": 638031000, "intangibleAssets": 96590000, "otherAssets": 61406000, "totalAssets": 6190928000, "accountsPayable": 727922000, "shortLongTermDebt": 2156400000, "otherCurrentLiab": 39833060000, "longTermDebt": 3732426000, "otherLiab": 1620628000, "minorityInterest": -7884000, "totalCurrentLiabilities": 49788606000, "totalLiab": 55141660000, "commonStock": 12040916000, "retainedEarnings": -60697532000, "treasuryStock": -286232000, "otherStockholderEquity": -286232000, "totalStockholderEquity": -48942848000, "netTangibleAssets": -49039438000}, {"maxAge": 1, "endDate": "2017-03-31", "cash": 2456109000, "shortTermInvestments": 62233000, "netReceivables": 1041846000, "inventory": 1437215000, "otherCurrentAssets": 797511000, "totalCurrentAssets": 5794914000, "longTermInvestments": 11474000, "propertyPlantEquipment": 736858000, "intangibleAssets": 74772000, "otherAssets": 59134000, "totalAssets": 6677152000, "accountsPayable": 852475000, "shortLongTermDebt": 2049452000, "otherCurrentLiab": 41103299000, "longTermDebt": 4353291000, "otherLiab": 1893916000, "minorityInterest": -7803000, "totalCurrentLiabilities": 48415593000, "totalLiab": 54662800000, "commonStock": 12040916000, "retainedEarnings": -59641725000, "treasuryStock": -377036000, "otherStockholderEquity": -377036000, "totalStockholderEquity": -47977845000, "netTangibleAssets": -48052617000}], "maxAge": 86400}, "financialData": {"maxAge": 86400, "currentPrice": 26.85, "recommendationKey": "none", "grossProfits": 1375500000, "financialCurrency": "INR"}}}