{"HMVL.BO": {"recommendationTrend": {"trend": [{"period": "0m", "strongBuy": 0, "buy": 0, "hold": 0, "sell": 0, "strongSell": 0}, {"period": "-1m", "strongBuy": 0, "buy": 0, "hold": 0, "sell": 0, "strongSell": 0}, {"period": "-2m", "strongBuy": 0, "buy": 0, "hold": 0, "sell": 0, "strongSell": 0}, {"period": "-3m", "strongBuy": 0, "buy": 0, "hold": 0, "sell": 0, "strongSell": 0}], "maxAge": 86400}, "cashflowStatementHistory": {"cashflowStatements": [{"maxAge": 1, "endDate": "2020-03-31", "netIncome": 1163000000, "depreciation": 303000000, "changeToNetincome": -476700000, "changeToAccountReceivables": -105300000, "changeToLiabilities": 0, "changeToInventory": -20800000, "changeToOperatingActivities": -257700000, "totalCashFromOperatingActivities": 609100000, "capitalExpenditures": -137600000, "investments": -1147700000, "otherCashflowsFromInvestingActivities": 322500000, "totalCashflowsFromInvestingActivities": -1052100000, "dividendsPaid": -88100000, "netBorrowings": 121200000, "otherCashflowsFromFinancingActivities": -107800000, "totalCashFromFinancingActivities": -74700000, "changeInCash": -517700000}, {"maxAge": 1, "endDate": "2019-03-31", "netIncome": 1084000000, "depreciation": 208400000, "changeToNetincome": -902400000, "changeToAccountReceivables": -416500000, "changeToLiabilities": 0, "changeToInventory": 41600000, "changeToOperatingActivities": 546600000, "totalCashFromOperatingActivities": 565500000, "capitalExpenditures": -584500000, "investments": 325700000, "otherCashflowsFromInvestingActivities": 665300000, "totalCashflowsFromInvestingActivities": 133000000, "dividendsPaid": -88100000, "netBorrowings": -417600000, "otherCashflowsFromFinancingActivities": -197700000, "totalCashFromFinancingActivities": -703400000, "changeInCash": -4900000}, {"maxAge": 1, "endDate": "2018-03-31", "netIncome": 1753000000, "depreciation": 189600000, "changeToNetincome": -482800000, "changeToAccountReceivables": -265500000, "changeToLiabilities": 112300000, "changeToInventory": -15000000, "changeToOperatingActivities": -76700000, "totalCashFromOperatingActivities": 1221900000, "capitalExpenditures": -188400000, "investments": -782500000, "otherCashflowsFromInvestingActivities": 161200000, "totalCashflowsFromInvestingActivities": -808600000, "dividendsPaid": -88100000, "netBorrowings": -23800000, "otherCashflowsFromFinancingActivities": -119200000, "totalCashFromFinancingActivities": -231100000, "changeInCash": 182200000}, {"maxAge": 1, "endDate": "2017-03-31", "netIncome": 1895200000, "depreciation": 198200000, "changeToNetincome": -561400000, "changeToAccountReceivables": -30700000, "changeToLiabilities": 13900000, "changeToInventory": 11200000, "changeToOperatingActivities": -103800000, "totalCashFromOperatingActivities": 1426500000, "capitalExpenditures": -173200000, "investments": -985900000, "otherCashflowsFromInvestingActivities": 498900000, "totalCashflowsFromInvestingActivities": -683400000, "dividendsPaid": -88300000, "netBorrowings": -552200000, "otherCashflowsFromFinancingActivities": -170100000, "totalCashFromFinancingActivities": -810600000, "changeInCash": -67700000}], "maxAge": 86400}, "institutionOwnership": {"ownershipList": [], "maxAge": 1}, "balanceSheetHistoryQuarterly": {"balanceSheetStatements": [{"maxAge": 1, "endDate": "2020-06-30", "totalStockholderEquity": 15141600000, "netTangibleAssets": 14462500000}, {"maxAge": 1, "endDate": "2020-03-31", "cash": 153000000, "shortTermInvestments": 3453700000, "netReceivables": 1678500000, "inventory": 465100000, "otherCurrentAssets": 325000000, "totalCurrentAssets": 6097800000, "longTermInvestments": 8790100000, "propertyPlantEquipment": 2302200000, "intangibleAssets": 679100000, "otherAssets": 1344700000, "totalAssets": 19213900000, "accountsPayable": 851800000, "shortLongTermDebt": 188900000, "otherCurrentLiab": 1493100000, "longTermDebt": 472200000, "otherLiab": 216700000, "totalCurrentLiabilities": 3269800000, "totalLiab": 4072300000, "commonStock": 736700000, "retainedEarnings": 11351100000, "treasuryStock": 629900000, "capitalSurplus": 2423900000, "otherStockholderEquity": 629900000, "totalStockholderEquity": 15141600000, "netTangibleAssets": 14462500000}, {"maxAge": 1, "endDate": "2019-12-31", "totalStockholderEquity": 14380300000, "netTangibleAssets": 13700700000}, {"maxAge": 1, "endDate": "2019-09-30", "cash": 530300000, "shortTermInvestments": 3095400000, "netReceivables": 1994600000, "inventory": 436200000, "otherCurrentAssets": 408000000, "totalCurrentAssets": 6464500000, "longTermInvestments": 7767400000, "propertyPlantEquipment": 2361600000, "intangibleAssets": 679600000, "otherAssets": 1038000000, "totalAssets": 18311100000, "accountsPayable": 1061600000, "otherCurrentLiab": 1524500000, "longTermDebt": 703400000, "otherLiab": 374000000, "totalCurrentLiabilities": 2853400000, "totalLiab": 3930800000, "commonStock": 733900000, "treasuryStock": 13646400000, "otherStockholderEquity": 13646400000, "totalStockholderEquity": 14380300000, "netTangibleAssets": 13700700000}], "maxAge": 86400}, "earningsHistory": {"history": [{"maxAge": 1, "epsActual": 7.45, "epsEstimate": 5.95, "epsDifference": 1.5, "surprisePercent": 0.252, "quarter": "2016-09-30", "period": "-4q"}, {"maxAge": 1, "epsActual": 5.97, "epsEstimate": 5.9, "epsDifference": 0.07, "surprisePercent": 0.012, "quarter": "2016-12-31", "period": "-3q"}, {"maxAge": 1, "epsActual": 5.77, "epsEstimate": 5.5, "epsDifference": 0.27, "surprisePercent": 0.049000002, "quarter": "2017-03-31", "period": "-2q"}, {"maxAge": 1, "epsActual": 6.54, "epsEstimate": 7.04, "epsDifference": -0.5, "surprisePercent": -0.071, "quarter": "2017-06-30", "period": "-1q"}], "maxAge": 86400}, "indexTrend": {"maxAge": 1, "symbol": "SP5", "peRatio": 19.7411, "pegRatio": 1.34172, "estimates": [{"period": "0q", "growth": 0.549}, {"period": "+1q", "growth": 0.431}, {"period": "0y", "growth": 0.305}, {"period": "+1y", "growth": 0.109}, {"period": "+5y", "growth": 0.120865}, {"period": "-5y"}]}, "industryTrend": {"maxAge": 1, "symbol": null, "estimates": []}, "insiderTransactions": {"transactions": [{"maxAge": 1, "shares": 5241, "filerUrl": "", "transactionText": "", "filerName": "Verma (Rajiv)", "filerRelation": "UNREPORTED", "moneyText": "", "startDate": "2018-09-07", "ownership": "D"}, {"maxAge": 1, "shares": 27690, "filerUrl": "", "transactionText": "", "filerName": "Verma (Rajiv)", "filerRelation": "UNREPORTED", "moneyText": "", "startDate": "2018-09-04", "ownership": "D"}, {"maxAge": 1, "shares": 16060, "filerUrl": "", "transactionText": "", "filerName": "Verma (Rajiv)", "filerRelation": "Director (Non-Executive)", "moneyText": "", "startDate": "2018-06-01", "ownership": "D"}, {"maxAge": 1, "shares": 12922, "filerUrl": "", "transactionText": "", "filerName": "Verma (Rajiv)", "filerRelation": "UNREPORTED", "moneyText": "", "startDate": "2018-05-29", "ownership": "D"}, {"maxAge": 1, "shares": 5126, "filerUrl": "", "transactionText": "", "filerName": "Verma (Rajiv)", "filerRelation": "UNREPORTED", "moneyText": "", "startDate": "2018-05-23", "ownership": "D"}, {"maxAge": 1, "shares": 4522, "filerUrl": "", "transactionText": "", "filerName": "Verma (Rajiv)", "filerRelation": "Director (Non-Executive)", "moneyText": "", "startDate": "2018-03-28", "ownership": "D"}, {"maxAge": 1, "shares": 20841, "filerUrl": "", "transactionText": "", "filerName": "Verma (Rajiv)", "filerRelation": "Director (Non-Executive)", "moneyText": "", "startDate": "2018-03-27", "ownership": "D"}, {"maxAge": 1, "shares": 23495, "filerUrl": "", "transactionText": "", "filerName": "Verma (Rajiv)", "filerRelation": "Director (Non-Executive)", "moneyText": "", "startDate": "2018-03-26", "ownership": "D"}, {"maxAge": 1, "shares": 7333, "filerUrl": "", "transactionText": "", "filerName": "Roychowdhury (Benoy)", "filerRelation": "Wholetime Director", "moneyText": "", "startDate": "2018-01-17", "ownership": "D"}, {"maxAge": 1, "shares": 17000, "filerUrl": "", "transactionText": "", "filerName": "Roychowdhury (Benoy)", "filerRelation": "Wholetime Director", "moneyText": "", "startDate": "2017-06-08", "ownership": "D"}, {"maxAge": 1, "shares": 14100, "filerUrl": "", "transactionText": "", "filerName": "Roychowdhury (Benoy)", "filerRelation": "Wholetime Director", "moneyText": "", "startDate": "2016-09-27", "ownership": "D"}, {"maxAge": 1, "shares": 9500, "filerUrl": "", "transactionText": "", "filerName": "Agrawal (Rajendra Kumar)", "filerRelation": "UNREPORTED", "moneyText": "", "startDate": "2016-06-23", "ownership": "D"}, {"maxAge": 1, "shares": 10264, "filerUrl": "", "transactionText": "", "filerName": "Saxena (Sharad)", "filerRelation": "UNREPORTED", "moneyText": "", "startDate": "2016-03-29", "ownership": "D"}, {"maxAge": 1, "shares": 1786, "filerUrl": "", "transactionText": "", "filerName": "Saxena (Sharad)", "filerRelation": "UNREPORTED", "moneyText": "", "startDate": "2016-03-02", "ownership": "D"}, {"maxAge": 1, "shares": 150, "filerUrl": "", "transactionText": "", "filerName": "Saxena (Sharad)", "filerRelation": "UNREPORTED", "moneyText": "", "startDate": "2016-03-02", "ownership": "D"}, {"maxAge": 1, "shares": 8580, "filerUrl": "", "transactionText": "", "filerName": "Saxena (Sharad)", "filerRelation": "UNREPORTED", "moneyText": "", "startDate": "2016-02-02", "ownership": "D"}, {"maxAge": 1, "shares": 5770, "filerUrl": "", "transactionText": "", "filerName": "Saxena (Sharad)", "filerRelation": "UNREPORTED", "moneyText": "", "startDate": "2015-03-30", "ownership": "D"}, {"maxAge": 1, "shares": 2580, "filerUrl": "", "transactionText": "", "filerName": "Saxena (Sharad)", "filerRelation": "UNREPORTED", "moneyText": "", "startDate": "2015-03-27", "ownership": "D"}, {"maxAge": 1, "shares": 2589, "filerUrl": "", "transactionText": "", "filerName": "Saxena (Sharad)", "filerRelation": "UNREPORTED", "moneyText": "", "startDate": "2015-03-18", "ownership": "D"}, {"maxAge": 1, "shares": 10000, "filerUrl": "", "transactionText": "", "filerName": "Saxena (Sharad)", "filerRelation": "UNREPORTED", "moneyText": "", "startDate": "2015-03-18", "ownership": "D"}, {"maxAge": 1, "shares": 4397, "filerUrl": "", "transactionText": "", "filerName": "Saxena (Sharad)", "filerRelation": "UNREPORTED", "moneyText": "", "startDate": "2015-02-27", "ownership": "D"}, {"maxAge": 1, "shares": 2478, "filerUrl": "", "transactionText": "", "filerName": "Saxena (Sharad)", "filerRelation": "UNREPORTED", "moneyText": "", "startDate": "2015-01-27", "ownership": "D"}, {"maxAge": 1, "shares": 9289, "filerUrl": "", "transactionText": "", "filerName": "Saxena (Sharad)", "filerRelation": "UNREPORTED", "moneyText": "", "startDate": "2015-01-22", "ownership": "D"}, {"maxAge": 1, "shares": 2697, "filerUrl": "", "transactionText": "", "filerName": "Saxena (Sharad)", "filerRelation": "UNREPORTED", "moneyText": "", "startDate": "2014-12-18", "ownership": "D"}, {"maxAge": 1, "shares": 3003, "filerUrl": "", "transactionText": "", "filerName": "Saxena (Sharad)", "filerRelation": "UNREPORTED", "moneyText": "", "startDate": "2014-12-17", "ownership": "D"}, {"maxAge": 1, "shares": 2755, "filerUrl": "", "transactionText": "", "filerName": "Saxena (Sharad)", "filerRelation": "UNREPORTED", "moneyText": "", "startDate": "2014-12-09", "ownership": "D"}, {"maxAge": 1, "shares": 10000, "filerUrl": "", "transactionText": "", "filerName": "Reliance Capital Trustee Co Ltd A/c Reliancee", "filerRelation": "Investment Management Company", "moneyText": "", "startDate": "2013-12-24", "ownership": "D"}, {"maxAge": 1, "shares": 1939027, "filerUrl": "", "transactionText": "", "filerName": "HT Media Ltd", "filerRelation": "Promoter", "moneyText": "", "startDate": "2013-07-12", "ownership": "D"}], "maxAge": 1}, "quoteType": {"exchange": "BSE", "quoteType": "EQUITY", "symbol": "HMVL.BO", "underlyingSymbol": "HMVL.BO", "shortName": "HINDUSTAN MEDIA VENTURES LTD.", "longName": "Hindustan Media Ventures Limited", "firstTradeDateEpochUtc": "2010-07-21 09:15:00", "timeZoneFullName": "Asia/Kolkata", "timeZoneShortName": "IST", "uuid": "9de77cde-bd9e-314e-8eef-684c0f2a93a7", "gmtOffSetMilliseconds": 19800000, "maxAge": 1}, "incomeStatementHistory": {"incomeStatementHistory": [{"maxAge": 1, "endDate": "2020-03-31", "totalRevenue": 7957800000, "costOfRevenue": 4137300000, "grossProfit": 3820500000, "researchDevelopment": {}, "sellingGeneralAdministrative": 440200000, "nonRecurring": {}, "otherOperatingExpenses": 2335300000, "totalOperatingExpenses": 7219400000, "operatingIncome": 738400000, "totalOtherIncomeExpenseNet": 913400000, "ebit": 738400000, "interestExpense": -91900000, "incomeBeforeTax": 1651800000, "incomeTaxExpense": 488800000, "minorityInterest": {}, "netIncomeFromContinuingOps": 1163000000, "discontinuedOperations": {}, "extraordinaryItems": {}, "effectOfAccountingCharges": {}, "otherItems": {}, "netIncome": 1163000000, "netIncomeApplicableToCommonShares": 1163000000}, {"maxAge": 1, "endDate": "2019-03-31", "totalRevenue": 8672600000, "costOfRevenue": 5218400000, "grossProfit": 3454200000, "researchDevelopment": {}, "sellingGeneralAdministrative": 554300000, "nonRecurring": {}, "otherOperatingExpenses": 2400600000, "totalOperatingExpenses": 8381100000, "operatingIncome": 291500000, "totalOtherIncomeExpenseNet": 668400000, "ebit": 291500000, "interestExpense": -171500000, "incomeBeforeTax": 959900000, "incomeTaxExpense": -124100000, "minorityInterest": {}, "netIncomeFromContinuingOps": 1084000000, "discontinuedOperations": {}, "extraordinaryItems": {}, "effectOfAccountingCharges": {}, "otherItems": {}, "netIncome": 1084000000, "netIncomeApplicableToCommonShares": 1084000000}, {"maxAge": 1, "endDate": "2018-03-31", "totalRevenue": 8801000000, "costOfRevenue": 4566800000, "grossProfit": 4234200000, "researchDevelopment": {}, "sellingGeneralAdministrative": 282000000, "nonRecurring": {}, "otherOperatingExpenses": 2141500000, "totalOperatingExpenses": 7185400000, "operatingIncome": 1615600000, "totalOtherIncomeExpenseNet": 720700000, "ebit": 1615600000, "interestExpense": -109000000, "incomeBeforeTax": 2336300000, "incomeTaxExpense": 583300000, "minorityInterest": {}, "netIncomeFromContinuingOps": 1753000000, "discontinuedOperations": {}, "extraordinaryItems": {}, "effectOfAccountingCharges": {}, "otherItems": {}, "netIncome": 1753000000, "netIncomeApplicableToCommonShares": 1753000000}, {"maxAge": 1, "endDate": "2017-03-31", "totalRevenue": 9332700000, "costOfRevenue": 4507600000, "grossProfit": 4825100000, "researchDevelopment": {}, "sellingGeneralAdministrative": 365000000, "nonRecurring": {}, "otherOperatingExpenses": 2405900000, "totalOperatingExpenses": 7479100000, "operatingIncome": 1853600000, "totalOtherIncomeExpenseNet": 718000000, "ebit": 1853600000, "interestExpense": -155900000, "incomeBeforeTax": 2571600000, "incomeTaxExpense": 676400000, "minorityInterest": {}, "netIncomeFromContinuingOps": 1895200000, "discontinuedOperations": {}, "extraordinaryItems": {}, "effectOfAccountingCharges": {}, "otherItems": {}, "netIncome": 1895200000, "netIncomeApplicableToCommonShares": 1895200000}], "maxAge": 86400}, "fundOwnership": {"ownershipList": [], "maxAge": 1}, "summaryDetail": {"maxAge": 1, "priceHint": 2, "previousClose": 61.2, "open": 62.1, "dayLow": 61.0, "dayHigh": 62.5, "regularMarketPreviousClose": 61.2, "regularMarketOpen": 62.1, "regularMarketDayLow": 61.0, "regularMarketDayHigh": 62.5, "trailingPE": 5.178197, "forwardPE": 2.0652175, "volume": 1387, "regularMarketVolume": 1387, "averageVolume": 7082, "averageVolume10days": 2793, "averageDailyVolume10Day": 2793, "bid": 61.5, "ask": 63.95, "bidSize": 0, "askSize": 0, "marketCap": 4532067328, "fiftyTwoWeekLow": 35.5, "fiftyTwoWeekHigh": 75.75, "fiftyDayAverage": 56.631817, "twoHundredDayAverage": 51.914707, "trailingAnnualDividendRate": 1.2, "trailingAnnualDividendYield": 0.019607844, "currency": "INR", "fromCurrency": null, "lastMarket": null, "algorithm": null, "tradeable": false}, "sectorTrend": {"maxAge": 1, "symbol": null, "estimates": []}, "incomeStatementHistoryQuarterly": {"incomeStatementHistory": [{"maxAge": 1, "endDate": "2020-06-30", "totalRevenue": 898800000, "costOfRevenue": 706700000, "grossProfit": 192100000, "researchDevelopment": {}, "sellingGeneralAdministrative": {}, "nonRecurring": {}, "otherOperatingExpenses": 462200000, "totalOperatingExpenses": 1247800000, "operatingIncome": -349000000, "totalOtherIncomeExpenseNet": 457100000, "ebit": -349000000, "interestExpense": -26000000, "incomeBeforeTax": 108100000, "incomeTaxExpense": 5300000, "minorityInterest": {}, "netIncomeFromContinuingOps": 102800000, "discontinuedOperations": {}, "extraordinaryItems": {}, "effectOfAccountingCharges": {}, "otherItems": {}, "netIncome": 102800000, "netIncomeApplicableToCommonShares": 102800000}, {"maxAge": 1, "endDate": "2020-03-31", "totalRevenue": 1766100000, "costOfRevenue": 1001800000, "grossProfit": 764300000, "researchDevelopment": {}, "sellingGeneralAdministrative": 440200000, "nonRecurring": {}, "otherOperatingExpenses": 125500000, "totalOperatingExpenses": 1647400000, "operatingIncome": 118700000, "totalOtherIncomeExpenseNet": 216300000, "ebit": 118700000, "interestExpense": -25500000, "incomeBeforeTax": 335000000, "incomeTaxExpense": 75600000, "minorityInterest": {}, "netIncomeFromContinuingOps": 259400000, "discontinuedOperations": {}, "extraordinaryItems": {}, "effectOfAccountingCharges": {}, "otherItems": {}, "netIncome": 259400000, "netIncomeApplicableToCommonShares": 259400000}, {"maxAge": 1, "endDate": "2019-12-31", "totalRevenue": 2084800000, "costOfRevenue": 1014600000, "grossProfit": 1070200000, "researchDevelopment": {}, "sellingGeneralAdministrative": 440200000, "nonRecurring": {}, "otherOperatingExpenses": 768600000, "totalOperatingExpenses": 1865000000, "operatingIncome": 219800000, "totalOtherIncomeExpenseNet": 245700000, "ebit": 219800000, "interestExpense": -23500000, "incomeBeforeTax": 465500000, "incomeTaxExpense": 144600000, "minorityInterest": {}, "netIncomeFromContinuingOps": 320900000, "discontinuedOperations": {}, "extraordinaryItems": {}, "effectOfAccountingCharges": {}, "otherItems": {}, "netIncome": 320900000, "netIncomeApplicableToCommonShares": 320900000}, {"maxAge": 1, "endDate": "2019-09-30", "totalRevenue": 1927400000, "costOfRevenue": 1013100000, "grossProfit": 914300000, "researchDevelopment": {}, "sellingGeneralAdministrative": 440200000, "nonRecurring": {}, "otherOperatingExpenses": 711700000, "totalOperatingExpenses": 1812200000, "operatingIncome": 115200000, "totalOtherIncomeExpenseNet": 264000000, "ebit": 115200000, "interestExpense": -24900000, "incomeBeforeTax": 379200000, "incomeTaxExpense": 177500000, "minorityInterest": {}, "netIncomeFromContinuingOps": 201700000, "discontinuedOperations": {}, "extraordinaryItems": {}, "effectOfAccountingCharges": {}, "otherItems": {}, "netIncome": 201700000, "netIncomeApplicableToCommonShares": 201700000}], "maxAge": 86400}, "cashflowStatementHistoryQuarterly": {"cashflowStatements": [{"maxAge": 1, "endDate": "2020-06-30", "netIncome": 102800000, "changeToLiabilities": 0}, {"maxAge": 1, "endDate": "2020-03-31", "netIncome": 259400000, "changeToLiabilities": 0}, {"maxAge": 1, "endDate": "2019-12-31", "netIncome": 320900000, "changeToLiabilities": 0}, {"maxAge": 1, "endDate": "2019-09-30", "netIncome": 201700000, "changeToLiabilities": 0}], "maxAge": 86400}, "insiderHolders": {"holders": [{"maxAge": 1, "name": "Agrawal (Rajendra Kumar)", "relation": "UNREPORTED", "url": "", "transactionDescription": "Sale", "latestTransDate": "2016-06-23", "positionDirect": 275, "positionDirectDate": "2016-06-23"}, {"maxAge": 1, "name": "HT Media Ltd", "relation": "Promoter", "url": "", "transactionDescription": "Sale", "latestTransDate": "2013-07-12", "positionDirect": 55045327, "positionDirectDate": "2013-07-12"}, {"maxAge": 1, "name": "Reliance Capital Trustee Co Ltd A/c Reliancee", "relation": "Investment Management Company", "url": "", "transactionDescription": "Acquisition", "latestTransDate": "2013-12-24", "positionDirect": 6842278, "positionDirectDate": "2013-12-24"}, {"maxAge": 1, "name": "Roychowdhury (Benoy)", "relation": "Wholetime Director", "url": "", "transactionDescription": "Sale", "latestTransDate": "2018-01-17", "positionDirect": 11088, "positionDirectDate": "2018-01-17"}, {"maxAge": 1, "name": "Saxena (Sharad)", "relation": "UNREPORTED", "url": "", "transactionDescription": "Sale", "latestTransDate": "2016-03-29", "positionDirect": 0, "positionDirectDate": "2016-03-29"}, {"maxAge": 1, "name": "Verma (Rajiv)", "relation": "UNREPORTED", "url": "", "transactionDescription": "Sale", "latestTransDate": "2018-09-07", "positionDirect": 0, "positionDirectDate": "2018-09-07"}], "maxAge": 1}, "earnings": {"maxAge": 86400, "earningsChart": {"quarterly": [{"date": "3Q2016", "actual": 7.45, "estimate": 5.95}, {"date": "4Q2016", "actual": 5.97, "estimate": 5.9}, {"date": "1Q2017", "actual": 5.77, "estimate": 5.5}, {"date": "2Q2017", "actual": 6.54, "estimate": 7.04}], "currentQuarterEstimateDate": "3Q", "currentQuarterEstimateYear": 2017, "earningsDate": ["2020-07-27 05:30:S"]}, "financialsChart": {"yearly": [{"date": 2017, "revenue": 9332700000, "earnings": 1895200000}, {"date": 2018, "revenue": 8801000000, "earnings": 1753000000}, {"date": 2019, "revenue": 8672600000, "earnings": 1084000000}, {"date": 2020, "revenue": 7957800000, "earnings": 1163000000}], "quarterly": [{"date": "3Q2019", "revenue": 1927400000, "earnings": 201700000}, {"date": "4Q2019", "revenue": 2084800000, "earnings": 320900000}, {"date": "1Q2020", "revenue": 1766100000, "earnings": 259400000}, {"date": "2Q2020", "revenue": 898800000, "earnings": 102800000}]}, "financialCurrency": "INR"}, "calendarEvents": {"maxAge": 1, "earnings": {"earningsDate": ["2020-07-27 05:30:S"], "revenueAverage": 2108900000, "revenueLow": 2477000000, "revenueHigh": 2477000000}}, "upgradeDowngradeHistory": {"history": [], "maxAge": 86400}, "price": {"maxAge": 1, "regularMarketChangePercent": 0.008986915, "regularMarketChange": 0.54999924, "regularMarketTime": "2021-04-30 15:28:58", "priceHint": 2, "regularMarketPrice": 61.75, "regularMarketDayHigh": 62.5, "regularMarketDayLow": 61.0, "regularMarketVolume": 1387, "averageDailyVolume10Day": 2793, "averageDailyVolume3Month": 7082, "regularMarketPreviousClose": 61.2, "regularMarketSource": "FREE_REALTIME", "regularMarketOpen": 62.1, "exchange": "BSE", "exchangeName": "BSE", "exchangeDataDelayedBy": 0, "marketState": "CLOSED", "quoteType": "EQUITY", "symbol": "HMVL.BO", "underlyingSymbol": null, "shortName": "HINDUSTAN MEDIA VENTURES LTD.", "longName": "Hindustan Media Ventures Limited", "currency": "INR", "quoteSourceName": "Delayed Quote", "currencySymbol": "\u20b9", "fromCurrency": null, "lastMarket": null, "marketCap": 4532067328}, "balanceSheetHistory": {"balanceSheetStatements": [{"maxAge": 1, "endDate": "2020-03-31", "cash": 153000000, "shortTermInvestments": 3453700000, "netReceivables": 1678500000, "inventory": 465100000, "otherCurrentAssets": 325000000, "totalCurrentAssets": 6097800000, "longTermInvestments": 8790100000, "propertyPlantEquipment": 2302200000, "intangibleAssets": 679100000, "otherAssets": 1344700000, "totalAssets": 19213900000, "accountsPayable": 851800000, "shortLongTermDebt": 188900000, "otherCurrentLiab": 1493100000, "longTermDebt": 472200000, "otherLiab": 216700000, "totalCurrentLiabilities": 3269800000, "totalLiab": 4072300000, "commonStock": 736700000, "retainedEarnings": 11351100000, "treasuryStock": 629900000, "capitalSurplus": 2423900000, "otherStockholderEquity": 629900000, "totalStockholderEquity": 15141600000, "netTangibleAssets": 14462500000}, {"maxAge": 1, "endDate": "2019-03-31", "cash": 556500000, "shortTermInvestments": 5269100000, "netReceivables": 1667200000, "inventory": 444300000, "otherCurrentAssets": 263600000, "totalCurrentAssets": 8264900000, "longTermInvestments": 5685200000, "propertyPlantEquipment": 2119100000, "intangibleAssets": 682700000, "otherAssets": 575800000, "totalAssets": 17327700000, "accountsPayable": 1081500000, "shortLongTermDebt": 86400000, "otherCurrentLiab": 1280600000, "longTermDebt": 605100000, "otherLiab": 39000000, "totalCurrentLiabilities": 2546700000, "totalLiab": 3190800000, "commonStock": 733900000, "retainedEarnings": 10340300000, "treasuryStock": 638800000, "capitalSurplus": 2423900000, "otherStockholderEquity": 638800000, "totalStockholderEquity": 14136900000, "netTangibleAssets": 13454200000}, {"maxAge": 1, "endDate": "2018-03-31", "cash": 561400000, "shortTermInvestments": 4515000000, "netReceivables": 1456100000, "inventory": 485900000, "otherCurrentAssets": 112600000, "totalCurrentAssets": 7139800000, "longTermInvestments": 6733200000, "propertyPlantEquipment": 1654700000, "intangibleAssets": 682900000, "otherAssets": 290900000, "totalAssets": 16501500000, "accountsPayable": 979800000, "otherCurrentLiab": 736300000, "otherLiab": 259100000, "totalCurrentLiabilities": 2925300000, "totalLiab": 3184400000, "commonStock": 733900000, "retainedEarnings": 9362700000, "treasuryStock": 796600000, "capitalSurplus": 2423900000, "otherStockholderEquity": 796600000, "totalStockholderEquity": 13317100000, "netTangibleAssets": 12634200000}, {"maxAge": 1, "endDate": "2017-03-31", "cash": 379200000, "shortTermInvestments": 1098400000, "netReceivables": 1220200000, "inventory": 470900000, "otherCurrentAssets": 61300000, "totalCurrentAssets": 3248800000, "longTermInvestments": 8853700000, "propertyPlantEquipment": 1735100000, "intangibleAssets": 694200000, "otherAssets": 140600000, "totalAssets": 14672400000, "accountsPayable": 908100000, "otherCurrentLiab": 609700000, "otherLiab": 248600000, "totalCurrentLiabilities": 2756100000, "totalLiab": 3004700000, "commonStock": 733900000, "retainedEarnings": 7713300000, "treasuryStock": 796600000, "capitalSurplus": 2423900000, "otherStockholderEquity": 796600000, "totalStockholderEquity": 11667700000, "netTangibleAssets": 10973500000}], "maxAge": 86400}, "earningsTrend": {"trend": [{"maxAge": 1, "period": "0q", "endDate": "2017-09-30", "growth": {}, "earningsEstimate": {"avg": 0.0, "low": 0.0, "high": 0.0, "yearAgoEps": 7.45, "numberOfAnalysts": 0, "growth": {}}, "revenueEstimate": {"avg": 2108900000, "low": 2477000000, "high": 2477000000, "numberOfAnalysts": 1, "yearAgoRevenue": 2262600000, "growth": -0.068}, "epsTrend": {"current": 0.0, "7daysAgo": 6.26, "30daysAgo": 6.26, "60daysAgo": 6.26, "90daysAgo": 6.26}, "epsRevisions": {"upLast7days": 0, "upLast30days": 0, "downLast30days": 0, "downLast90days": {}}}, {"maxAge": 1, "period": "+1q", "endDate": "2017-12-31", "growth": {}, "earningsEstimate": {"avg": 0.0, "low": 0.0, "high": 0.0, "yearAgoEps": 5.97, "numberOfAnalysts": 0, "growth": {}}, "revenueEstimate": {"avg": 2301600000, "low": 2419000000, "high": 2486000000, "numberOfAnalysts": 4, "yearAgoRevenue": 2273100000, "growth": 0.012999999}, "epsTrend": {"current": 0.0, "7daysAgo": 6.65, "30daysAgo": 6.65, "60daysAgo": 6.65, "90daysAgo": 6.65}, "epsRevisions": {"upLast7days": 0, "upLast30days": 0, "downLast30days": 0, "downLast90days": {}}}, {"maxAge": 1, "period": "0y", "endDate": "2018-03-31", "growth": {}, "earningsEstimate": {"avg": 0.0, "low": 0.0, "high": 0.0, "yearAgoEps": {}, "numberOfAnalysts": 0, "growth": {}}, "revenueEstimate": {"avg": 8801000000, "low": 9197000000, "high": 9266500000, "numberOfAnalysts": 2, "yearAgoRevenue": 9332700000, "growth": -0.056999996}, "epsTrend": {"current": 0.0, "7daysAgo": 25.95, "30daysAgo": 25.95, "60daysAgo": 25.95, "90daysAgo": 25.95}, "epsRevisions": {"upLast7days": 0, "upLast30days": 0, "downLast30days": 0, "downLast90days": {}}}, {"maxAge": 1, "period": "+1y", "endDate": "2019-03-31", "growth": {}, "earningsEstimate": {"avg": 0.0, "low": 0.0, "high": 0.0, "yearAgoEps": {}, "numberOfAnalysts": 0, "growth": {}}, "revenueEstimate": {"avg": 9098330000, "low": 8985000000, "high": 9309000000, "numberOfAnalysts": 3, "yearAgoRevenue": 8801000000, "growth": 0.034}, "epsTrend": {"current": 0.0, "7daysAgo": 13.6, "30daysAgo": 13.6, "60daysAgo": 13.6, "90daysAgo": 13.6}, "epsRevisions": {"upLast7days": 0, "upLast30days": 0, "downLast30days": 0, "downLast90days": {}}}, {"maxAge": 1, "period": "+5y", "endDate": null, "growth": 0.314, "earningsEstimate": {"avg": {}, "low": {}, "high": {}, "yearAgoEps": {}, "numberOfAnalysts": {}, "growth": {}}, "revenueEstimate": {"avg": {}, "low": {}, "high": {}, "numberOfAnalysts": {}, "yearAgoRevenue": {}, "growth": {}}, "epsTrend": {"current": {}, "7daysAgo": {}, "30daysAgo": {}, "60daysAgo": {}, "90daysAgo": {}}, "epsRevisions": {"upLast7days": {}, "upLast30days": {}, "downLast30days": {}, "downLast90days": {}}}, {"maxAge": 1, "period": "-5y", "endDate": null, "growth": {}, "earningsEstimate": {"avg": {}, "low": {}, "high": {}, "yearAgoEps": {}, "numberOfAnalysts": {}, "growth": {}}, "revenueEstimate": {"avg": {}, "low": {}, "high": {}, "numberOfAnalysts": {}, "yearAgoRevenue": {}, "growth": {}}, "epsTrend": {"current": {}, "7daysAgo": {}, "30daysAgo": {}, "60daysAgo": {}, "90daysAgo": {}}, "epsRevisions": {"upLast7days": {}, "upLast30days": {}, "downLast30days": {}, "downLast90days": {}}}], "maxAge": 1}, "financialData": {"maxAge": 86400, "currentPrice": 61.75, "targetHighPrice": 254.0, "targetLowPrice": 139.0, "targetMeanPrice": 194.83, "targetMedianPrice": 189.5, "recommendationKey": "none", "numberOfAnalystOpinions": 6, "grossProfits": 3820500000, "financialCurrency": "INR"}}}