{"HNDFDS.BO": {"recommendationTrend": {"trend": [{"period": "0m", "strongBuy": 0, "buy": 0, "hold": 0, "sell": 0, "strongSell": 0}, {"period": "-1m", "strongBuy": 0, "buy": 0, "hold": 0, "sell": 0, "strongSell": 0}, {"period": "-2m", "strongBuy": 0, "buy": 0, "hold": 0, "sell": 0, "strongSell": 0}, {"period": "-3m", "strongBuy": 0, "buy": 0, "hold": 0, "sell": 0, "strongSell": 0}], "maxAge": 86400}, "cashflowStatementHistory": {"cashflowStatements": [{"maxAge": 1, "endDate": "2020-03-31", "netIncome": 219108000, "depreciation": 112533000, "changeToNetincome": 153294000, "changeToAccountReceivables": 50133000, "changeToLiabilities": 631008000, "changeToInventory": -606808000, "changeToOperatingActivities": -389344000, "totalCashFromOperatingActivities": 170211000, "capitalExpenditures": -1280836000, "investments": -132242000, "otherCashflowsFromInvestingActivities": -38501000, "totalCashflowsFromInvestingActivities": -1451579000, "netBorrowings": 634385000, "otherCashflowsFromFinancingActivities": -108999000, "totalCashFromFinancingActivities": 1525386000, "changeInCash": 244018000, "issuanceOfStock": 1000000000}, {"maxAge": 1, "endDate": "2019-03-31", "netIncome": 119145000, "depreciation": 74439000, "changeToNetincome": 103900000, "changeToAccountReceivables": -35701000, "changeToLiabilities": -13795000, "changeToInventory": -119551000, "changeToOperatingActivities": -177235000, "totalCashFromOperatingActivities": -48616000, "capitalExpenditures": -411276000, "investments": -339000, "otherCashflowsFromInvestingActivities": 1793000, "totalCashflowsFromInvestingActivities": -444764000, "netBorrowings": 352352000, "otherCashflowsFromFinancingActivities": -72371000, "totalCashFromFinancingActivities": 429981000, "changeInCash": -21130000, "issuanceOfStock": 150000000}, {"maxAge": 1, "endDate": "2018-03-31", "netIncome": 62753000, "depreciation": 12168000, "changeToNetincome": 35011000, "changeToAccountReceivables": -233821000, "changeToLiabilities": 259093000, "changeToInventory": -110260000, "changeToOperatingActivities": -74913000, "totalCashFromOperatingActivities": -49969000, "capitalExpenditures": -32481000, "investments": 113372000, "otherCashflowsFromInvestingActivities": 118988000, "totalCashflowsFromInvestingActivities": -192481000, "netBorrowings": 273016000, "otherCashflowsFromFinancingActivities": -12714000, "totalCashFromFinancingActivities": 260302000, "changeInCash": 17852000, "issuanceOfStock": 150000000}, {"maxAge": 1, "endDate": "2017-03-31", "netIncome": 6656000, "depreciation": 13624000, "changeToNetincome": 5168000, "changeToAccountReceivables": -31738000, "changeToLiabilities": 67656000, "changeToInventory": -44116000, "changeToOperatingActivities": -70402000, "totalCashFromOperatingActivities": -53152000, "capitalExpenditures": -32012000, "investments": -113129000, "otherCashflowsFromInvestingActivities": -110981000, "totalCashflowsFromInvestingActivities": -142993000, "netBorrowings": -63445000, "otherCashflowsFromFinancingActivities": -9466000, "totalCashFromFinancingActivities": 243260000, "changeInCash": 47115000, "issuanceOfStock": 316171000}], "maxAge": 86400}, "institutionOwnership": {"ownershipList": [], "maxAge": 1}, "balanceSheetHistoryQuarterly": {"balanceSheetStatements": [{"maxAge": 1, "endDate": "2020-06-30", "totalStockholderEquity": 1861796000, "netTangibleAssets": 1851515000}, {"maxAge": 1, "endDate": "2020-03-31", "cash": 287904000, "shortTermInvestments": 24755000, "netReceivables": 604889000, "inventory": 1097256000, "otherCurrentAssets": 508415000, "totalCurrentAssets": 2531625000, "longTermInvestments": 2003000, "propertyPlantEquipment": 2742983000, "intangibleAssets": 10281000, "otherAssets": 104274000, "totalAssets": 5391166000, "accountsPayable": 1396320000, "shortLongTermDebt": 174297000, "otherCurrentLiab": 282365000, "longTermDebt": 1368808000, "otherLiab": 163375000, "totalCurrentLiabilities": 1976523000, "totalLiab": 3520741000, "commonStock": 211981000, "retainedEarnings": 324479000, "treasuryStock": -22369000, "capitalSurplus": 1347705000, "otherStockholderEquity": -22369000, "totalStockholderEquity": 1861796000, "netTangibleAssets": 1851515000}, {"maxAge": 1, "endDate": "2019-12-31", "totalStockholderEquity": 949861000, "netTangibleAssets": 934391000}, {"maxAge": 1, "endDate": "2019-09-30", "cash": 105009000, "shortTermInvestments": 65389000, "netReceivables": 405903000, "inventory": 476177000, "otherCurrentAssets": 262615000, "totalCurrentAssets": 1315093000, "longTermInvestments": 28922000, "propertyPlantEquipment": 1411183000, "intangibleAssets": 15470000, "otherAssets": 216365000, "totalAssets": 2987033000, "accountsPayable": 580762000, "shortLongTermDebt": 95179000, "otherCurrentLiab": 5969000, "longTermDebt": 1000774000, "otherLiab": 179024000, "totalCurrentLiabilities": 857374000, "totalLiab": 2037172000, "commonStock": 134925000, "treasuryStock": 814936000, "otherStockholderEquity": 814936000, "totalStockholderEquity": 949861000, "netTangibleAssets": 934391000}], "maxAge": 86400}, "earningsHistory": {"history": [{"maxAge": 1, "epsActual": {}, "epsEstimate": {}, "epsDifference": {}, "surprisePercent": {}, "quarter": {}, "period": "-4q"}, {"maxAge": 1, "epsActual": {}, "epsEstimate": {}, "epsDifference": {}, "surprisePercent": {}, "quarter": {}, "period": "-3q"}, {"maxAge": 1, "epsActual": {}, "epsEstimate": {}, "epsDifference": {}, "surprisePercent": {}, "quarter": {}, "period": "-2q"}, {"maxAge": 1, "epsActual": 0.67, "epsEstimate": 1.13, "epsDifference": -0.46, "surprisePercent": -0.407, "quarter": "2017-09-30", "period": "-1q"}], "maxAge": 86400}, "indexTrend": {"maxAge": 1, "symbol": "SP5", "peRatio": 19.7411, "pegRatio": 1.34172, "estimates": [{"period": "0q", "growth": 0.549}, {"period": "+1q", "growth": 0.431}, {"period": "0y", "growth": 0.305}, {"period": "+1y", "growth": 0.109}, {"period": "+5y", "growth": 0.120865}, {"period": "-5y"}]}, "industryTrend": {"maxAge": 1, "symbol": null, "estimates": []}, "insiderTransactions": {"transactions": [{"maxAge": 1, "shares": 1134299, "filerUrl": "", "transactionText": "", "filerName": "Vanity Case India Pvt Ltd", "filerRelation": "Promoter", "moneyText": "", "startDate": "2020-01-16", "ownership": "D"}, {"maxAge": 1, "shares": 183620, "filerUrl": "", "transactionText": "", "filerName": "Convergent Finance Llp", "filerRelation": "Institution- Corporation", "moneyText": "", "startDate": "2020-01-16", "ownership": "D"}, {"maxAge": 1, "shares": 833334, "filerUrl": "", "transactionText": "", "filerName": "Sixth Sense India Opportunities -1", "filerRelation": "Institution- Corporation", "moneyText": "", "startDate": "2020-01-16", "ownership": "D"}, {"maxAge": 1, "shares": 263925, "filerUrl": "", "transactionText": "", "filerName": "S&G Holdings", "filerRelation": "Institution- Corporation", "moneyText": "", "startDate": "2020-01-16", "ownership": "D"}, {"maxAge": 1, "shares": 472225, "filerUrl": "", "transactionText": "", "filerName": "HR Holdings, L.L.C.", "filerRelation": "Institution- Corporation", "moneyText": "", "startDate": "2020-01-16", "ownership": "D"}, {"maxAge": 1, "shares": 1896750, "filerUrl": "", "transactionText": "", "filerName": "Kothari (Sameer)", "filerRelation": "Additonal Director", "moneyText": "", "startDate": "2020-01-16", "ownership": "D"}, {"maxAge": 1, "shares": 1896750, "filerUrl": "", "transactionText": "", "filerName": "Kothari (Asha)", "filerRelation": "UNREPORTED", "moneyText": "", "startDate": "2020-01-16", "ownership": "D"}, {"maxAge": 1, "shares": 400000, "filerUrl": "", "transactionText": "", "filerName": "Dempo (Shrinivas V.)", "filerRelation": "Non Executive Chairman", "moneyText": "", "startDate": "2018-07-27", "ownership": "D"}, {"maxAge": 1, "shares": 50000, "filerUrl": "", "transactionText": "", "filerName": "Argekar (Ganesh Tukaram)", "filerRelation": "Wholetime Director", "moneyText": "", "startDate": "2016-12-07", "ownership": "D"}, {"maxAge": 1, "shares": 4125000, "filerUrl": "", "transactionText": "", "filerName": "Vanity Case India Pvt Ltd", "filerRelation": "Promoter", "moneyText": "", "startDate": "2016-12-07", "ownership": "D"}, {"maxAge": 1, "shares": 2250, "filerUrl": "", "transactionText": "", "filerName": "Swain (Kedarnath Narayan Chandra)", "filerRelation": "Chief Financial Officer", "moneyText": "", "startDate": "2016-12-07", "ownership": "D"}, {"maxAge": 1, "shares": 2500, "filerUrl": "", "transactionText": "", "filerName": "Mahambrey (Beena)", "filerRelation": "Compliance Officer", "moneyText": "", "startDate": "2016-12-07", "ownership": "D"}, {"maxAge": 1, "shares": 3722294, "filerUrl": "", "transactionText": "", "filerName": "Dempo Foods Pvt Ltd", "filerRelation": "Promoter", "moneyText": "", "startDate": "2014-01-03", "ownership": "D"}, {"maxAge": 1, "shares": 3722294, "filerUrl": "", "transactionText": "", "filerName": "Vanity Case India Pvt Ltd", "filerRelation": "Promoter", "moneyText": "", "startDate": "2014-01-03", "ownership": "D"}], "maxAge": 1}, "quoteType": {"exchange": "BSE", "quoteType": "EQUITY", "symbol": "HNDFDS.BO", "underlyingSymbol": "HNDFDS.BO", "shortName": "HINDUSTAN FOODS LTD.", "longName": "Hindustan Foods Limited", "firstTradeDateEpochUtc": "2011-11-18 09:15:00", "timeZoneFullName": "Asia/Kolkata", "timeZoneShortName": "IST", "uuid": "0dbcff96-12d4-3d24-bb7a-6f1552badd99", "gmtOffSetMilliseconds": 19800000, "maxAge": 1}, "incomeStatementHistory": {"incomeStatementHistory": [{"maxAge": 1, "endDate": "2020-03-31", "totalRevenue": 7718950000, "costOfRevenue": 6742883000, "grossProfit": 976067000, "researchDevelopment": {}, "sellingGeneralAdministrative": 257612000, "nonRecurring": {}, "otherOperatingExpenses": 158902000, "totalOperatingExpenses": 7272217000, "operatingIncome": 446733000, "totalOtherIncomeExpenseNet": -108619000, "ebit": 446733000, "interestExpense": -109141000, "incomeBeforeTax": 338114000, "incomeTaxExpense": 119006000, "minorityInterest": {}, "netIncomeFromContinuingOps": 219108000, "discontinuedOperations": {}, "extraordinaryItems": {}, "effectOfAccountingCharges": {}, "otherItems": {}, "netIncome": 219108000, "netIncomeApplicableToCommonShares": 219108000}, {"maxAge": 1, "endDate": "2019-03-31", "totalRevenue": 4919142000, "costOfRevenue": 4229035000, "grossProfit": 690107000, "researchDevelopment": {}, "sellingGeneralAdministrative": 198385000, "nonRecurring": {}, "otherOperatingExpenses": 165507000, "totalOperatingExpenses": 4666897000, "operatingIncome": 252245000, "totalOtherIncomeExpenseNet": -70005000, "ebit": 252245000, "interestExpense": -73133000, "incomeBeforeTax": 182240000, "incomeTaxExpense": 63095000, "minorityInterest": {}, "netIncomeFromContinuingOps": 119145000, "discontinuedOperations": {}, "extraordinaryItems": {}, "effectOfAccountingCharges": {}, "otherItems": {}, "netIncome": 119145000, "netIncomeApplicableToCommonShares": 119145000}, {"maxAge": 1, "endDate": "2018-03-31", "totalRevenue": 1386582000, "costOfRevenue": 1100395000, "grossProfit": 286187000, "researchDevelopment": {}, "sellingGeneralAdministrative": 93417000, "nonRecurring": {}, "otherOperatingExpenses": 92371000, "totalOperatingExpenses": 1298202000, "operatingIncome": 88380000, "totalOtherIncomeExpenseNet": -1847000, "ebit": 88380000, "interestExpense": -13125000, "incomeBeforeTax": 86533000, "incomeTaxExpense": 23780000, "minorityInterest": {}, "netIncomeFromContinuingOps": 62753000, "discontinuedOperations": {}, "extraordinaryItems": {}, "effectOfAccountingCharges": {}, "otherItems": {}, "netIncome": 62753000, "netIncomeApplicableToCommonShares": 62753000}, {"maxAge": 1, "endDate": "2017-03-31", "totalRevenue": 378642000, "costOfRevenue": 286590000, "grossProfit": 92052000, "researchDevelopment": {}, "sellingGeneralAdministrative": 34046000, "nonRecurring": {}, "otherOperatingExpenses": 26958000, "totalOperatingExpenses": 361218000, "operatingIncome": 17424000, "totalOtherIncomeExpenseNet": -9130000, "ebit": 17424000, "interestExpense": -9466000, "incomeBeforeTax": 8294000, "incomeTaxExpense": 1638000, "minorityInterest": {}, "netIncomeFromContinuingOps": 6656000, "discontinuedOperations": {}, "extraordinaryItems": {}, "effectOfAccountingCharges": {}, "otherItems": {}, "netIncome": 6656000, "netIncomeApplicableToCommonShares": 6656000}], "maxAge": 86400}, "fundOwnership": {"ownershipList": [], "maxAge": 1}, "summaryDetail": {"maxAge": 1, "priceHint": 2, "previousClose": 2088.85, "open": 2099.7, "dayLow": 2044.4, "dayHigh": 2099.7, "regularMarketPreviousClose": 2088.85, "regularMarketOpen": 2099.7, "regularMarketDayLow": 2044.4, "regularMarketDayHigh": 2099.7, "trailingPE": 188.79903, "forwardPE": 466.97726, "volume": 459, "regularMarketVolume": 459, "averageVolume": 3784, "averageVolume10days": 1899, "averageDailyVolume10Day": 1899, "bid": 2046.05, "ask": 2049.1, "bidSize": 0, "askSize": 0, "marketCap": 27723038720, "fiftyTwoWeekLow": 384.0, "fiftyTwoWeekHigh": 2099.7, "fiftyDayAverage": 1431.2015, "twoHundredDayAverage": 990.31836, "currency": "INR", "fromCurrency": null, "lastMarket": null, "algorithm": null, "tradeable": false}, "sectorTrend": {"maxAge": 1, "symbol": null, "estimates": []}, "incomeStatementHistoryQuarterly": {"incomeStatementHistory": [{"maxAge": 1, "endDate": "2020-06-30", "totalRevenue": 2018933000, "costOfRevenue": 1763147000, "grossProfit": 255786000, "researchDevelopment": {}, "sellingGeneralAdministrative": 68756000, "nonRecurring": {}, "otherOperatingExpenses": 40862000, "totalOperatingExpenses": 1913895000, "operatingIncome": 105038000, "totalOtherIncomeExpenseNet": -43042000, "ebit": 105038000, "interestExpense": -43463000, "incomeBeforeTax": 61996000, "incomeTaxExpense": 23124000, "minorityInterest": {}, "netIncomeFromContinuingOps": 38872000, "discontinuedOperations": {}, "extraordinaryItems": {}, "effectOfAccountingCharges": {}, "otherItems": {}, "netIncome": 38872000, "netIncomeApplicableToCommonShares": 38872000}, {"maxAge": 1, "endDate": "2020-03-31", "totalRevenue": 2483688000, "costOfRevenue": 2209732000, "grossProfit": 273956000, "researchDevelopment": {}, "sellingGeneralAdministrative": 69911000, "nonRecurring": {}, "otherOperatingExpenses": 31001000, "totalOperatingExpenses": 2348762000, "operatingIncome": 134926000, "totalOtherIncomeExpenseNet": -33865000, "ebit": 134926000, "interestExpense": -36221000, "incomeBeforeTax": 101061000, "incomeTaxExpense": 31225000, "minorityInterest": {}, "netIncomeFromContinuingOps": 69836000, "discontinuedOperations": {}, "extraordinaryItems": {}, "effectOfAccountingCharges": {}, "otherItems": {}, "netIncome": 69836000, "netIncomeApplicableToCommonShares": 69836000}, {"maxAge": 1, "endDate": "2019-12-31", "totalRevenue": 2071362000, "costOfRevenue": 1812904000, "grossProfit": 258458000, "researchDevelopment": {}, "sellingGeneralAdministrative": 70226000, "nonRecurring": {}, "otherOperatingExpenses": 39309000, "totalOperatingExpenses": 1948904000, "operatingIncome": 122458000, "totalOtherIncomeExpenseNet": -26480000, "ebit": 122458000, "interestExpense": -23781000, "incomeBeforeTax": 95978000, "incomeTaxExpense": 36595000, "minorityInterest": {}, "netIncomeFromContinuingOps": 59383000, "discontinuedOperations": {}, "extraordinaryItems": {}, "effectOfAccountingCharges": {}, "otherItems": {}, "netIncome": 59383000, "netIncomeApplicableToCommonShares": 59383000}, {"maxAge": 1, "endDate": "2019-09-30", "totalRevenue": 1135198000, "costOfRevenue": 961264000, "grossProfit": 173934000, "researchDevelopment": {}, "sellingGeneralAdministrative": 45635000, "nonRecurring": {}, "otherOperatingExpenses": 38379000, "totalOperatingExpenses": 1059206000, "operatingIncome": 75992000, "totalOtherIncomeExpenseNet": -17536000, "ebit": 75992000, "interestExpense": -17443000, "incomeBeforeTax": 58456000, "incomeTaxExpense": 16193000, "minorityInterest": {}, "netIncomeFromContinuingOps": 42263000, "discontinuedOperations": {}, "extraordinaryItems": {}, "effectOfAccountingCharges": {}, "otherItems": {}, "netIncome": 42263000, "netIncomeApplicableToCommonShares": 42263000}], "maxAge": 86400}, "cashflowStatementHistoryQuarterly": {"cashflowStatements": [{"maxAge": 1, "endDate": "2020-06-30", "netIncome": 38872000, "changeToLiabilities": 0}, {"maxAge": 1, "endDate": "2020-03-31", "netIncome": 69836000, "changeToLiabilities": 0}, {"maxAge": 1, "endDate": "2019-12-31", "netIncome": 59383000, "changeToLiabilities": 0}, {"maxAge": 1, "endDate": "2019-09-30", "netIncome": 42263000, "changeToLiabilities": 0}], "maxAge": 86400}, "insiderHolders": {"holders": [{"maxAge": 1, "name": "Argekar (Ganesh Tukaram)", "relation": "Wholetime Director", "url": "", "transactionDescription": "Other", "latestTransDate": "2016-12-07", "positionDirect": 50000, "positionDirectDate": "2016-12-07"}, {"maxAge": 1, "name": "Convergent Finance Llp", "relation": "Institution- Corporation", "url": "", "transactionDescription": "Other", "latestTransDate": "2020-01-16", "positionDirect": 183620, "positionDirectDate": "2020-01-16"}, {"maxAge": 1, "name": "Dempo (Shrinivas V.)", "relation": "Non Executive Chairman", "url": "", "transactionDescription": "Other", "latestTransDate": "2018-07-27", "positionDirect": 400000, "positionDirectDate": "2018-07-27"}, {"maxAge": 1, "name": "HR Holdings, L.L.C.", "relation": "Institution- Corporation", "url": "", "transactionDescription": "Other", "latestTransDate": "2020-01-16", "positionDirect": 472225, "positionDirectDate": "2020-01-16"}, {"maxAge": 1, "name": "Kothari (Asha)", "relation": "UNREPORTED", "url": "", "transactionDescription": "Other", "latestTransDate": "2020-01-16", "positionDirect": 1896750, "positionDirectDate": "2020-01-16"}, {"maxAge": 1, "name": "Kothari (Sameer)", "relation": "Additonal Director", "url": "", "transactionDescription": "Other", "latestTransDate": "2020-01-16", "positionDirect": 1896750, "positionDirectDate": "2020-01-16"}, {"maxAge": 1, "name": "S&G Holdings", "relation": "Institution- Corporation", "url": "", "transactionDescription": "Other", "latestTransDate": "2020-01-16", "positionDirect": 263925, "positionDirectDate": "2020-01-16"}, {"maxAge": 1, "name": "Sixth Sense India Opportunities -1", "relation": "Institution- Corporation", "url": "", "transactionDescription": "Other", "latestTransDate": "2020-01-16", "positionDirect": 833334, "positionDirectDate": "2020-01-16"}, {"maxAge": 1, "name": "Swain (Kedarnath Narayan Chandra)", "relation": "Chief Financial Officer", "url": "", "transactionDescription": "Other", "latestTransDate": "2016-12-07", "positionDirect": 2250, "positionDirectDate": "2016-12-07"}, {"maxAge": 1, "name": "Vanity Case India Pvt Ltd", "relation": "Promoter", "url": "", "transactionDescription": "Other", "latestTransDate": "2020-01-16", "positionDirect": 8981593, "positionDirectDate": "2020-01-16"}], "maxAge": 1}, "earnings": {"maxAge": 86400, "earningsChart": {"quarterly": [{"date": "3Q2017", "actual": 0.67, "estimate": 1.13}], "currentQuarterEstimateDate": "4Q", "currentQuarterEstimateYear": 2017, "earningsDate": ["2020-08-26 05:30:S"]}, "financialsChart": {"yearly": [{"date": 2017, "revenue": 378642000, "earnings": 6656000}, {"date": 2018, "revenue": 1386582000, "earnings": 62753000}, {"date": 2019, "revenue": 4919142000, "earnings": 119145000}, {"date": 2020, "revenue": 7718950000, "earnings": 219108000}], "quarterly": [{"date": "3Q2019", "revenue": 1135198000, "earnings": 42263000}, {"date": "4Q2019", "revenue": 2071362000, "earnings": 59383000}, {"date": "1Q2020", "revenue": 2483688000, "earnings": 69836000}, {"date": "2Q2020", "revenue": 2018933000, "earnings": 38872000}]}, "financialCurrency": "INR"}, "calendarEvents": {"maxAge": 1, "earnings": {"earningsDate": ["2020-08-26 05:30:S"]}}, "upgradeDowngradeHistory": {"history": [], "maxAge": 86400}, "price": {"maxAge": 1, "regularMarketChangePercent": -0.016348777, "regularMarketChange": -34.150146, "regularMarketTime": "2021-04-30 15:29:52", "priceHint": 2, "regularMarketPrice": 2054.7, "regularMarketDayHigh": 2099.7, "regularMarketDayLow": 2044.4, "regularMarketVolume": 459, "averageDailyVolume10Day": 1899, "averageDailyVolume3Month": 3784, "regularMarketPreviousClose": 2088.85, "regularMarketSource": "FREE_REALTIME", "regularMarketOpen": 2099.7, "exchange": "BSE", "exchangeName": "BSE", "exchangeDataDelayedBy": 0, "marketState": "CLOSED", "quoteType": "EQUITY", "symbol": "HNDFDS.BO", "underlyingSymbol": null, "shortName": "HINDUSTAN FOODS LTD.", "longName": "Hindustan Foods Limited", "currency": "INR", "quoteSourceName": "Delayed Quote", "currencySymbol": "\u20b9", "fromCurrency": null, "lastMarket": null, "marketCap": 27723038720}, "balanceSheetHistory": {"balanceSheetStatements": [{"maxAge": 1, "endDate": "2020-03-31", "cash": 287904000, "shortTermInvestments": 24755000, "netReceivables": 604889000, "inventory": 1097256000, "otherCurrentAssets": 508415000, "totalCurrentAssets": 2531625000, "longTermInvestments": 2003000, "propertyPlantEquipment": 2742983000, "intangibleAssets": 10281000, "otherAssets": 104274000, "totalAssets": 5391166000, "accountsPayable": 1396320000, "shortLongTermDebt": 174297000, "otherCurrentLiab": 282365000, "longTermDebt": 1368808000, "otherLiab": 163375000, "totalCurrentLiabilities": 1976523000, "totalLiab": 3520741000, "commonStock": 211981000, "retainedEarnings": 324479000, "treasuryStock": -22369000, "capitalSurplus": 1347705000, "otherStockholderEquity": -22369000, "totalStockholderEquity": 1861796000, "netTangibleAssets": 1851515000}, {"maxAge": 1, "endDate": "2019-03-31", "cash": 43886000, "netReceivables": 520884000, "inventory": 490448000, "otherCurrentAssets": 128088000, "totalCurrentAssets": 1189056000, "longTermInvestments": 5047000, "propertyPlantEquipment": 1317390000, "intangibleAssets": 17634000, "otherAssets": 133151000, "totalAssets": 2662278000, "accountsPayable": 765313000, "shortLongTermDebt": 135503000, "otherCurrentLiab": 100133000, "longTermDebt": 649468000, "otherLiab": 102436000, "totalCurrentLiabilities": 1254836000, "totalLiab": 2010038000, "commonStock": 134925000, "retainedEarnings": 106282000, "treasuryStock": 26909000, "capitalSurplus": 375495000, "otherStockholderEquity": 26909000, "totalStockholderEquity": 643611000, "netTangibleAssets": 625977000}, {"maxAge": 1, "endDate": "2018-03-31", "cash": 65016000, "netReceivables": 335613000, "inventory": 243630000, "otherCurrentAssets": 68514000, "totalCurrentAssets": 715682000, "longTermInvestments": 1356000, "propertyPlantEquipment": 419546000, "intangibleAssets": 1091000, "otherAssets": 37821000, "deferredLongTermAssetCharges": 2373000, "totalAssets": 1175496000, "accountsPayable": 415283000, "otherCurrentLiab": 24368000, "longTermDebt": 293865000, "otherLiab": 7391000, "totalCurrentLiabilities": 488654000, "totalLiab": 793058000, "commonStock": 129925000, "retainedEarnings": 7634000, "treasuryStock": 5000, "capitalSurplus": 236245000, "otherStockholderEquity": 5000, "totalStockholderEquity": 373809000, "netTangibleAssets": 372718000}, {"maxAge": 1, "endDate": "2017-03-31", "cash": 47165000, "shortTermInvestments": 114428000, "netReceivables": 77647000, "inventory": 59122000, "otherCurrentAssets": 26207000, "totalCurrentAssets": 324994000, "longTermInvestments": 3175000, "propertyPlantEquipment": 127383000, "otherAssets": 46871000, "deferredLongTermAssetCharges": 10344000, "totalAssets": 502423000, "accountsPayable": 109166000, "otherCurrentLiab": 12137000, "longTermDebt": 51429000, "otherLiab": 4788000, "totalCurrentLiabilities": 126246000, "totalLiab": 182463000, "commonStock": 129925000, "retainedEarnings": -54845000, "treasuryStock": 5000, "capitalSurplus": 236246000, "otherStockholderEquity": 5000, "totalStockholderEquity": 311331000, "netTangibleAssets": 311331000}], "maxAge": 86400}, "earningsTrend": {"trend": [{"maxAge": 1, "period": "0q", "endDate": "2017-12-31", "growth": {}, "earningsEstimate": {"avg": 0.0, "low": 0.0, "high": 0.0, "yearAgoEps": {}, "numberOfAnalysts": 0, "growth": {}}, "revenueEstimate": {"avg": 0, "low": 0, "high": 0, "numberOfAnalysts": 0, "yearAgoRevenue": {}, "growth": {}}, "epsTrend": {"current": 0.0, "7daysAgo": 0.0, "30daysAgo": 0.0, "60daysAgo": 0.0, "90daysAgo": 0.0}, "epsRevisions": {"upLast7days": 0, "upLast30days": 0, "downLast30days": 0, "downLast90days": {}}}, {"maxAge": 1, "period": "+1q", "endDate": "2018-03-31", "growth": {}, "earningsEstimate": {"avg": 0.0, "low": 0.0, "high": 0.0, "yearAgoEps": {}, "numberOfAnalysts": 0, "growth": {}}, "revenueEstimate": {"avg": 0, "low": 0, "high": 0, "numberOfAnalysts": 0, "yearAgoRevenue": {}, "growth": {}}, "epsTrend": {"current": 0.0, "7daysAgo": 0.0, "30daysAgo": 0.0, "60daysAgo": 0.0, "90daysAgo": 0.0}, "epsRevisions": {"upLast7days": 0, "upLast30days": 0, "downLast30days": 0, "downLast90days": {}}}, {"maxAge": 1, "period": "0y", "endDate": "2018-03-31", "growth": {}, "earningsEstimate": {"avg": 0.0, "low": 0.0, "high": 0.0, "yearAgoEps": {}, "numberOfAnalysts": 0, "growth": {}}, "revenueEstimate": {"avg": 749710000, "low": 749710000, "high": 749710000, "numberOfAnalysts": 1, "yearAgoRevenue": {}, "growth": {}}, "epsTrend": {"current": 0.0, "7daysAgo": 3.59, "30daysAgo": 3.59, "60daysAgo": 3.59, "90daysAgo": 3.59}, "epsRevisions": {"upLast7days": 0, "upLast30days": 0, "downLast30days": 0, "downLast90days": {}}}, {"maxAge": 1, "period": "+1y", "endDate": "2019-03-31", "growth": {}, "earningsEstimate": {"avg": 0.0, "low": 0.0, "high": 0.0, "yearAgoEps": {}, "numberOfAnalysts": 0, "growth": {}}, "revenueEstimate": {"avg": 899650000, "low": 899650000, "high": 899650000, "numberOfAnalysts": 1, "yearAgoRevenue": 749710000, "growth": 0.2}, "epsTrend": {"current": 0.0, "7daysAgo": 4.4, "30daysAgo": 4.4, "60daysAgo": 4.4, "90daysAgo": 4.4}, "epsRevisions": {"upLast7days": 0, "upLast30days": 0, "downLast30days": 0, "downLast90days": {}}}, {"maxAge": 1, "period": "+5y", "endDate": null, "growth": {}, "earningsEstimate": {"avg": {}, "low": {}, "high": {}, "yearAgoEps": {}, "numberOfAnalysts": {}, "growth": {}}, "revenueEstimate": {"avg": {}, "low": {}, "high": {}, "numberOfAnalysts": {}, "yearAgoRevenue": {}, "growth": {}}, "epsTrend": {"current": {}, "7daysAgo": {}, "30daysAgo": {}, "60daysAgo": {}, "90daysAgo": {}}, "epsRevisions": {"upLast7days": {}, "upLast30days": {}, "downLast30days": {}, "downLast90days": {}}}, {"maxAge": 1, "period": "-5y", "endDate": null, "growth": {}, "earningsEstimate": {"avg": {}, "low": {}, "high": {}, "yearAgoEps": {}, "numberOfAnalysts": {}, "growth": {}}, "revenueEstimate": {"avg": {}, "low": {}, "high": {}, "numberOfAnalysts": {}, "yearAgoRevenue": {}, "growth": {}}, "epsTrend": {"current": {}, "7daysAgo": {}, "30daysAgo": {}, "60daysAgo": {}, "90daysAgo": {}}, "epsRevisions": {"upLast7days": {}, "upLast30days": {}, "downLast30days": {}, "downLast90days": {}}}], "maxAge": 1}, "financialData": {"maxAge": 86400, "currentPrice": 2054.7, "recommendationMean": 2.0, "recommendationKey": "buy", "grossProfits": 976067000, "financialCurrency": "INR"}}}