{"HOCL.BO": {"recommendationTrend": {"trend": [{"period": "0m", "strongBuy": 0, "buy": 0, "hold": 0, "sell": 0, "strongSell": 0}, {"period": "-1m", "strongBuy": 0, "buy": 0, "hold": 0, "sell": 0, "strongSell": 0}, {"period": "-2m", "strongBuy": 0, "buy": 0, "hold": 0, "sell": 0, "strongSell": 0}, {"period": "-3m", "strongBuy": 0, "buy": 0, "hold": 0, "sell": 0, "strongSell": 0}], "maxAge": 86400}, "cashflowStatementHistory": {"cashflowStatements": [{"maxAge": 1, "endDate": "2020-03-31", "netIncome": -961612000, "depreciation": 31595000, "changeToNetincome": -103731000, "changeToAccountReceivables": -201308000, "changeToLiabilities": -222811000, "changeToInventory": 25645000, "totalCashFromOperatingActivities": -1430755000, "capitalExpenditures": -8702000, "otherCashflowsFromInvestingActivities": 70924000, "totalCashflowsFromInvestingActivities": 1630491000, "netBorrowings": -253721000, "otherCashflowsFromFinancingActivities": -22365000, "totalCashFromFinancingActivities": -276086000, "changeInCash": -76351000}, {"maxAge": 1, "endDate": "2019-03-31", "netIncome": 724789000, "depreciation": 32622000, "changeToNetincome": -426528000, "changeToAccountReceivables": -104076000, "changeToLiabilities": -1928653000, "changeToInventory": 97751000, "totalCashFromOperatingActivities": -1604095000, "capitalExpenditures": -5919000, "otherCashflowsFromInvestingActivities": 46480000, "totalCashflowsFromInvestingActivities": 1119677000, "netBorrowings": 69079000, "otherCashflowsFromFinancingActivities": -36210000, "totalCashFromFinancingActivities": 32869000, "changeInCash": -451549000}, {"maxAge": 1, "endDate": "2018-03-31", "netIncome": -1866634000, "depreciation": 57397000, "changeToNetincome": -319398000, "changeToAccountReceivables": 8988000, "changeToLiabilities": -47357000, "changeToInventory": -134160000, "changeToOperatingActivities": -2204328000, "totalCashFromOperatingActivities": -4505492000, "capitalExpenditures": -3173000, "otherCashflowsFromInvestingActivities": 15145000, "totalCashflowsFromInvestingActivities": 3428617000, "netBorrowings": 3501792000, "otherCashflowsFromFinancingActivities": -1707816000, "totalCashFromFinancingActivities": 1793976000, "changeInCash": 717101000}, {"maxAge": 1, "endDate": "2017-03-31", "netIncome": -2577486000, "depreciation": 66402000, "changeToNetincome": 1001514000, "changeToAccountReceivables": -2911000, "changeToLiabilities": 427717000, "changeToInventory": -115796000, "changeToOperatingActivities": 1771682000, "totalCashFromOperatingActivities": 594635000, "capitalExpenditures": -4340000, "otherCashflowsFromInvestingActivities": 1195000, "totalCashflowsFromInvestingActivities": -1883000, "netBorrowings": 193797000, "otherCashflowsFromFinancingActivities": -785221000, "totalCashFromFinancingActivities": -591424000, "changeInCash": 1328000}], "maxAge": 86400}, "institutionOwnership": {"maxAge": 1, "ownershipList": []}, "balanceSheetHistoryQuarterly": {"balanceSheetStatements": [{"maxAge": 1, "endDate": "2020-06-30", "totalStockholderEquity": 197740000, "netTangibleAssets": 178911000}, {"maxAge": 1, "endDate": "2020-03-31", "cash": 236783000, "shortTermInvestments": 411634000, "netReceivables": 463169000, "inventory": 503636000, "otherCurrentAssets": 10304025000, "totalCurrentAssets": 11923474000, "longTermInvestments": 500000, "propertyPlantEquipment": 1716613000, "intangibleAssets": 18829000, "otherAssets": 81745000, "totalAssets": 13741161000, "accountsPayable": 378422000, "shortLongTermDebt": 3391407000, "otherCurrentLiab": 3516325000, "longTermDebt": 1588238000, "otherLiab": 1930889000, "minorityInterest": -206082000, "totalCurrentLiabilities": 10230376000, "totalLiab": 13749503000, "commonStock": 672696000, "retainedEarnings": -10373105000, "treasuryStock": 9414292000, "capitalSurplus": 483857000, "otherStockholderEquity": 9414292000, "totalStockholderEquity": 197740000, "netTangibleAssets": 178911000}, {"maxAge": 1, "endDate": "2019-12-31", "totalStockholderEquity": 452312000, "netTangibleAssets": 434731000}, {"maxAge": 1, "endDate": "2019-09-30", "cash": 1123848000, "shortTermInvestments": 26600000, "netReceivables": 167351000, "inventory": 609026000, "otherCurrentAssets": 10787520000, "totalCurrentAssets": 12687745000, "longTermInvestments": 500000, "propertyPlantEquipment": 1660491000, "intangibleAssets": 17581000, "otherAssets": 82210000, "totalAssets": 14448527000, "accountsPayable": 389063000, "shortLongTermDebt": 1117175000, "otherCurrentLiab": 8562972000, "longTermDebt": 1588238000, "otherLiab": 2475354000, "minorityInterest": -192428000, "totalCurrentLiabilities": 10125051000, "totalLiab": 14188643000, "commonStock": 672696000, "retainedEarnings": -10215461000, "treasuryStock": 9511221000, "capitalSurplus": 483856000, "otherStockholderEquity": 9511221000, "totalStockholderEquity": 452312000, "netTangibleAssets": 434731000}], "maxAge": 86400}, "earningsHistory": {"history": [{"maxAge": 1, "epsActual": {}, "epsEstimate": {}, "epsDifference": {}, "surprisePercent": {}, "quarter": {}, "period": "-4q"}, {"maxAge": 1, "epsActual": {}, "epsEstimate": {}, "epsDifference": {}, "surprisePercent": {}, "quarter": {}, "period": "-3q"}, {"maxAge": 1, "epsActual": {}, "epsEstimate": {}, "epsDifference": {}, "surprisePercent": {}, "quarter": {}, "period": "-2q"}, {"maxAge": 1, "epsActual": {}, "epsEstimate": {}, "epsDifference": {}, "surprisePercent": {}, "quarter": {}, "period": "-1q"}], "maxAge": 86400}, "indexTrend": {"maxAge": 1, "symbol": "SP5", "peRatio": 19.7411, "pegRatio": 1.34172, "estimates": [{"period": "0q", "growth": 0.549}, {"period": "+1q", "growth": 0.431}, {"period": "0y", "growth": 0.305}, {"period": "+1y", "growth": 0.109}, {"period": "+5y", "growth": 0.120859005}, {"period": "-5y"}]}, "industryTrend": {"maxAge": 1, "symbol": null, "estimates": []}, "quoteType": {"exchange": "BSE", "quoteType": "EQUITY", "symbol": "HOCL.BO", "underlyingSymbol": "HOCL.BO", "shortName": "HINDUSTAN ORGANIC CHEMICALS LT", "longName": "Hindustan Organic Chemicals Limited", "firstTradeDateEpochUtc": "2000-01-03 09:15:00", "timeZoneFullName": "Asia/Kolkata", "timeZoneShortName": "IST", "uuid": "0efa2b37-900c-3102-9832-232f6c763447", "messageBoardId": null, "gmtOffSetMilliseconds": 19800000, "maxAge": 1}, "incomeStatementHistory": {"incomeStatementHistory": [{"maxAge": 1, "endDate": "2020-03-31", "totalRevenue": 3313369000, "costOfRevenue": 2177850000, "grossProfit": 1135519000, "researchDevelopment": {}, "sellingGeneralAdministrative": 654772000, "nonRecurring": {}, "otherOperatingExpenses": 1039333000, "totalOperatingExpenses": 3899662000, "operatingIncome": -586293000, "totalOtherIncomeExpenseNet": -391142000, "ebit": -586293000, "interestExpense": -574206000, "incomeBeforeTax": -977435000, "incomeTaxExpense": 0, "minorityInterest": -206082000, "netIncomeFromContinuingOps": -977435000, "discontinuedOperations": {}, "extraordinaryItems": {}, "effectOfAccountingCharges": {}, "otherItems": {}, "netIncome": -961612000, "netIncomeApplicableToCommonShares": -961612000}, {"maxAge": 1, "endDate": "2019-03-31", "totalRevenue": 5108504000, "costOfRevenue": 2838524000, "grossProfit": 2269980000, "researchDevelopment": {}, "sellingGeneralAdministrative": 653462000, "nonRecurring": {}, "otherOperatingExpenses": 1214149000, "totalOperatingExpenses": 4738757000, "operatingIncome": 369747000, "totalOtherIncomeExpenseNet": 362456000, "ebit": 369747000, "interestExpense": -678451000, "incomeBeforeTax": 732203000, "incomeTaxExpense": 0, "minorityInterest": -188132000, "netIncomeFromContinuingOps": 732203000, "discontinuedOperations": {}, "extraordinaryItems": {}, "effectOfAccountingCharges": {}, "otherItems": {}, "netIncome": 724789000, "netIncomeApplicableToCommonShares": 724789000}, {"maxAge": 1, "endDate": "2018-03-31", "totalRevenue": 2791830000, "costOfRevenue": 1422126000, "grossProfit": 1369704000, "researchDevelopment": {}, "sellingGeneralAdministrative": 1946328000, "nonRecurring": {}, "otherOperatingExpenses": 983961000, "totalOperatingExpenses": 4409812000, "operatingIncome": -1617982000, "totalOtherIncomeExpenseNet": -252023000, "ebit": -1617982000, "interestExpense": -770012000, "incomeBeforeTax": -1870005000, "incomeTaxExpense": 0, "minorityInterest": -167302000, "netIncomeFromContinuingOps": -1870005000, "discontinuedOperations": {}, "extraordinaryItems": {}, "effectOfAccountingCharges": {}, "otherItems": {}, "netIncome": -1866634000, "netIncomeApplicableToCommonShares": -1866634000}, {"maxAge": 1, "endDate": "2017-03-31", "totalRevenue": 1771402000, "costOfRevenue": 707731000, "grossProfit": 1063671000, "researchDevelopment": {}, "sellingGeneralAdministrative": 1362215000, "nonRecurring": {}, "otherOperatingExpenses": 1239292000, "totalOperatingExpenses": 3400451000, "operatingIncome": -1629049000, "totalOtherIncomeExpenseNet": -965188000, "ebit": -1629049000, "interestExpense": -964957000, "incomeBeforeTax": -2594237000, "incomeTaxExpense": 0, "minorityInterest": -146273000, "netIncomeFromContinuingOps": -2594237000, "discontinuedOperations": {}, "extraordinaryItems": {}, "effectOfAccountingCharges": {}, "otherItems": {}, "netIncome": -2577486000, "netIncomeApplicableToCommonShares": -2577486000}], "maxAge": 86400}, "fundOwnership": {"maxAge": 1, "ownershipList": []}, "summaryDetail": {"maxAge": 1, "priceHint": 2, "previousClose": 38.85, "open": 39.5, "dayLow": 38.5, "dayHigh": 40.75, "regularMarketPreviousClose": 38.85, "regularMarketOpen": 39.5, "regularMarketDayLow": 38.5, "regularMarketDayHigh": 40.75, "volume": 330547, "regularMarketVolume": 330547, "averageVolume": 203378, "averageVolume10days": 133675, "averageDailyVolume10Day": 133675, "bid": 0.0, "ask": 40.6, "bidSize": 0, "askSize": 0, "marketCap": 2727227904, "fiftyTwoWeekLow": 5.85, "fiftyTwoWeekHigh": 40.75, "fiftyDayAverage": 23.881428, "twoHundredDayAverage": 17.370657, "currency": "INR", "fromCurrency": null, "toCurrency": null, "lastMarket": null, "algorithm": null, "tradeable": false}, "sectorTrend": {"maxAge": 1, "symbol": null, "estimates": []}, "incomeStatementHistoryQuarterly": {"incomeStatementHistory": [{"maxAge": 1, "endDate": "2020-06-30", "totalRevenue": 821473000, "costOfRevenue": 607636000, "grossProfit": 213837000, "researchDevelopment": {}, "sellingGeneralAdministrative": 254591000, "nonRecurring": {}, "otherOperatingExpenses": 95313000, "totalOperatingExpenses": 964535000, "operatingIncome": -143062000, "totalOtherIncomeExpenseNet": -117312000, "ebit": -143062000, "interestExpense": -135195000, "incomeBeforeTax": -260374000, "incomeTaxExpense": 0, "minorityInterest": {}, "netIncomeFromContinuingOps": -260374000, "discontinuedOperations": {}, "extraordinaryItems": {}, "effectOfAccountingCharges": {}, "otherItems": {}, "netIncome": -199258000, "netIncomeApplicableToCommonShares": -199258000}, {"maxAge": 1, "endDate": "2020-03-31", "totalRevenue": 918436000, "costOfRevenue": 164030000, "grossProfit": 754406000, "researchDevelopment": {}, "sellingGeneralAdministrative": 215568000, "nonRecurring": {}, "otherOperatingExpenses": 686297000, "totalOperatingExpenses": 1073256000, "operatingIncome": -154820000, "totalOtherIncomeExpenseNet": -42773000, "ebit": -154820000, "interestExpense": -130035000, "incomeBeforeTax": -197593000, "incomeTaxExpense": 0, "minorityInterest": -206082000, "netIncomeFromContinuingOps": -197593000, "discontinuedOperations": {}, "extraordinaryItems": {}, "effectOfAccountingCharges": {}, "otherItems": {}, "netIncome": -180770000, "netIncomeApplicableToCommonShares": -180770000}, {"maxAge": 1, "endDate": "2019-12-31", "totalRevenue": 787347000, "costOfRevenue": 673394000, "grossProfit": 113953000, "researchDevelopment": {}, "sellingGeneralAdministrative": 138845000, "nonRecurring": {}, "otherOperatingExpenses": 163706000, "totalOperatingExpenses": 982766000, "operatingIncome": -195419000, "totalOtherIncomeExpenseNet": -123904000, "ebit": -195419000, "interestExpense": -143507000, "incomeBeforeTax": -319323000, "incomeTaxExpense": 0, "minorityInterest": -206082000, "netIncomeFromContinuingOps": -319323000, "discontinuedOperations": {}, "extraordinaryItems": {}, "effectOfAccountingCharges": {}, "otherItems": {}, "netIncome": -324640000, "netIncomeApplicableToCommonShares": -324640000}, {"maxAge": 1, "endDate": "2019-09-30", "totalRevenue": 861958000, "costOfRevenue": 700874000, "grossProfit": 161084000, "researchDevelopment": {}, "sellingGeneralAdministrative": 137419000, "nonRecurring": {}, "otherOperatingExpenses": 94309000, "totalOperatingExpenses": 939388000, "operatingIncome": -77430000, "totalOtherIncomeExpenseNet": -119450000, "ebit": -77430000, "interestExpense": -151400000, "incomeBeforeTax": -196880000, "incomeTaxExpense": -20000000, "minorityInterest": -192428000, "netIncomeFromContinuingOps": -176880000, "discontinuedOperations": {}, "extraordinaryItems": {}, "effectOfAccountingCharges": {}, "otherItems": {}, "netIncome": -171218000, "netIncomeApplicableToCommonShares": -171218000}], "maxAge": 86400}, "cashflowStatementHistoryQuarterly": {"cashflowStatements": [{"maxAge": 1, "endDate": "2020-06-30", "netIncome": -199258000, "changeToLiabilities": 0}, {"maxAge": 1, "endDate": "2020-03-31", "netIncome": -180770000, "changeToLiabilities": 0}, {"maxAge": 1, "endDate": "2019-12-31", "netIncome": -324640000, "changeToLiabilities": 0}, {"maxAge": 1, "endDate": "2019-09-30", "netIncome": -171218000, "changeToLiabilities": 0}], "maxAge": 86400}, "insiderHolders": {"holders": [], "maxAge": 1}, "earnings": {"maxAge": 86400, "earningsChart": {"quarterly": [], "earningsDate": ["2020-08-13 05:30:S"]}, "financialsChart": {"yearly": [{"date": 2017, "revenue": 1771402000, "earnings": -2577486000}, {"date": 2018, "revenue": 2791830000, "earnings": -1866634000}, {"date": 2019, "revenue": 5108504000, "earnings": 724789000}, {"date": 2020, "revenue": 3313369000, "earnings": -961612000}], "quarterly": [{"date": "3Q2019", "revenue": 861958000, "earnings": -171218000}, {"date": "4Q2019", "revenue": 787347000, "earnings": -324640000}, {"date": "1Q2020", "revenue": 918436000, "earnings": -180770000}, {"date": "2Q2020", "revenue": 821473000, "earnings": -199258000}]}, "financialCurrency": "INR"}, "calendarEvents": {"maxAge": 1, "earnings": {"earningsDate": ["2020-08-13 05:30:S"]}}, "price": {"maxAge": 1, "regularMarketChangePercent": 0.045045048, "regularMarketChange": 1.75, "regularMarketTime": "2021-04-30 15:54:21", "priceHint": 2, "regularMarketPrice": 40.6, "regularMarketDayHigh": 40.75, "regularMarketDayLow": 38.5, "regularMarketVolume": 330547, "averageDailyVolume10Day": 133675, "averageDailyVolume3Month": 203378, "regularMarketPreviousClose": 38.85, "regularMarketSource": "FREE_REALTIME", "regularMarketOpen": 39.5, "exchange": "BSE", "exchangeName": "BSE", "exchangeDataDelayedBy": 0, "marketState": "CLOSED", "quoteType": "EQUITY", "symbol": "HOCL.BO", "underlyingSymbol": null, "shortName": "HINDUSTAN ORGANIC CHEMICALS LT", "longName": "Hindustan Organic Chemicals Limited", "currency": "INR", "quoteSourceName": "Delayed Quote", "currencySymbol": "\u20b9", "fromCurrency": null, "toCurrency": null, "lastMarket": null, "marketCap": 2727227904}, "balanceSheetHistory": {"balanceSheetStatements": [{"maxAge": 1, "endDate": "2020-03-31", "cash": 236783000, "shortTermInvestments": 411634000, "netReceivables": 463169000, "inventory": 503636000, "otherCurrentAssets": 10304025000, "totalCurrentAssets": 11923474000, "longTermInvestments": 500000, "propertyPlantEquipment": 1716613000, "intangibleAssets": 18829000, "otherAssets": 81745000, "totalAssets": 13741161000, "accountsPayable": 378422000, "shortLongTermDebt": 3391407000, "otherCurrentLiab": 3516325000, "longTermDebt": 1588238000, "otherLiab": 1930889000, "minorityInterest": -206082000, "totalCurrentLiabilities": 10230376000, "totalLiab": 13749503000, "commonStock": 672696000, "retainedEarnings": -10373105000, "treasuryStock": 9414292000, "capitalSurplus": 483857000, "otherStockholderEquity": 9414292000, "totalStockholderEquity": 197740000, "netTangibleAssets": 178911000}, {"maxAge": 1, "endDate": "2019-03-31", "cash": 313134000, "shortTermInvestments": 305000, "netReceivables": 690897000, "inventory": 529281000, "otherCurrentAssets": 12196543000, "totalCurrentAssets": 13734777000, "longTermInvestments": 500000, "propertyPlantEquipment": 1675088000, "intangibleAssets": 18218000, "otherAssets": 81376000, "totalAssets": 15509959000, "accountsPayable": 1019328000, "shortLongTermDebt": 2791958000, "otherCurrentLiab": 3520249000, "longTermDebt": 2456188000, "otherLiab": 2311870000, "minorityInterest": -188132000, "totalCurrentLiabilities": 9822359000, "totalLiab": 14590417000, "commonStock": 672696000, "retainedEarnings": -10783990000, "treasuryStock": 10735111000, "capitalSurplus": 483857000, "otherStockholderEquity": 10735111000, "totalStockholderEquity": 1107674000, "netTangibleAssets": 1089456000}, {"maxAge": 1, "endDate": "2018-03-31", "cash": 764683000, "shortTermInvestments": 55000, "netReceivables": 628822000, "inventory": 627032000, "otherCurrentAssets": 12985369000, "totalCurrentAssets": 15009418000, "longTermInvestments": 500000, "propertyPlantEquipment": 1521794000, "intangibleAssets": 19492000, "otherAssets": 34769000, "totalAssets": 16585973000, "accountsPayable": 1800648000, "shortLongTermDebt": 2644965000, "otherCurrentLiab": 3677230000, "longTermDebt": 2489326000, "otherLiab": 2452962000, "minorityInterest": -167302000, "totalCurrentLiabilities": 11467381000, "totalLiab": 16409669000, "commonStock": 672696000, "retainedEarnings": -12076158000, "treasuryStock": 11263212000, "capitalSurplus": 483856000, "otherStockholderEquity": 11263212000, "totalStockholderEquity": 343606000, "netTangibleAssets": 324114000}, {"maxAge": 1, "endDate": "2017-03-31", "cash": 47582000, "shortTermInvestments": 155000, "netReceivables": 380355000, "inventory": 492872000, "otherCurrentAssets": 270899000, "totalCurrentAssets": 1196393000, "longTermInvestments": 10031000, "propertyPlantEquipment": 16916581000, "intangibleAssets": 20870000, "otherAssets": 22672000, "totalAssets": 18166547000, "accountsPayable": 1693664000, "shortLongTermDebt": 3637305000, "otherCurrentLiab": 3902958000, "longTermDebt": 278100000, "otherLiab": 2467984000, "minorityInterest": -146273000, "totalCurrentLiabilities": 14374836000, "totalLiab": 17120920000, "commonStock": 672696000, "retainedEarnings": -14003525000, "treasuryStock": 14024297000, "capitalSurplus": 498432000, "otherStockholderEquity": 14024297000, "totalStockholderEquity": 1191900000, "netTangibleAssets": 1171030000}], "maxAge": 86400}, "earningsTrend": {"trend": [{"maxAge": 1, "period": "0q", "endDate": null, "growth": {}, "earningsEstimate": {"avg": 0.0, "low": 0.0, "high": 0.0, "yearAgoEps": {}, "numberOfAnalysts": 0, "growth": {}}, "revenueEstimate": {"avg": 0, "low": 0, "high": 0, "numberOfAnalysts": 0, "yearAgoRevenue": {}, "growth": {}}, "epsTrend": {"current": 0.0, "7daysAgo": 0.0, "30daysAgo": 0.0, "60daysAgo": 0.0, "90daysAgo": 0.0}, "epsRevisions": {"upLast7days": 0, "upLast30days": 0, "downLast30days": 0, "downLast90days": {}}}, {"maxAge": 1, "period": "+1q", "endDate": null, "growth": {}, "earningsEstimate": {"avg": 0.0, "low": 0.0, "high": 0.0, "yearAgoEps": {}, "numberOfAnalysts": 0, "growth": {}}, "revenueEstimate": {"avg": 0, "low": 0, "high": 0, "numberOfAnalysts": 0, "yearAgoRevenue": {}, "growth": {}}, "epsTrend": {"current": 0.0, "7daysAgo": 0.0, "30daysAgo": 0.0, "60daysAgo": 0.0, "90daysAgo": 0.0}, "epsRevisions": {"upLast7days": 0, "upLast30days": 0, "downLast30days": 0, "downLast90days": {}}}, {"maxAge": 1, "period": "0y", "endDate": null, "growth": {}, "earningsEstimate": {"avg": 0.0, "low": 0.0, "high": 0.0, "yearAgoEps": {}, "numberOfAnalysts": 0, "growth": {}}, "revenueEstimate": {"avg": 0, "low": 0, "high": 0, "numberOfAnalysts": 0, "yearAgoRevenue": {}, "growth": {}}, "epsTrend": {"current": 0.0, "7daysAgo": 0.0, "30daysAgo": 0.0, "60daysAgo": 0.0, "90daysAgo": 0.0}, "epsRevisions": {"upLast7days": 0, "upLast30days": 0, "downLast30days": 0, "downLast90days": {}}}, {"maxAge": 1, "period": "+1y", "endDate": null, "growth": {}, "earningsEstimate": {"avg": 0.0, "low": 0.0, "high": 0.0, "yearAgoEps": {}, "numberOfAnalysts": 0, "growth": {}}, "revenueEstimate": {"avg": 0, "low": 0, "high": 0, "numberOfAnalysts": 0, "yearAgoRevenue": {}, "growth": {}}, "epsTrend": {"current": 0.0, "7daysAgo": 0.0, "30daysAgo": 0.0, "60daysAgo": 0.0, "90daysAgo": 0.0}, "epsRevisions": {"upLast7days": 0, "upLast30days": 0, "downLast30days": 0, "downLast90days": {}}}, {"maxAge": 1, "period": "+5y", "endDate": null, "growth": {}, "earningsEstimate": {"avg": {}, "low": {}, "high": {}, "yearAgoEps": {}, "numberOfAnalysts": {}, "growth": {}}, "revenueEstimate": {"avg": {}, "low": {}, "high": {}, "numberOfAnalysts": {}, "yearAgoRevenue": {}, "growth": {}}, "epsTrend": {"current": {}, "7daysAgo": {}, "30daysAgo": {}, "60daysAgo": {}, "90daysAgo": {}}, "epsRevisions": {"upLast7days": {}, "upLast30days": {}, "downLast30days": {}, "downLast90days": {}}}, {"maxAge": 1, "period": "-5y", "endDate": null, "growth": 0.00582, "earningsEstimate": {"avg": {}, "low": {}, "high": {}, "yearAgoEps": {}, "numberOfAnalysts": {}, "growth": {}}, "revenueEstimate": {"avg": {}, "low": {}, "high": {}, "numberOfAnalysts": {}, "yearAgoRevenue": {}, "growth": {}}, "epsTrend": {"current": {}, "7daysAgo": {}, "30daysAgo": {}, "60daysAgo": {}, "90daysAgo": {}}, "epsRevisions": {"upLast7days": {}, "upLast30days": {}, "downLast30days": {}, "downLast90days": {}}}], "maxAge": 1}, "financialData": {"maxAge": 86400, "currentPrice": 40.6, "recommendationKey": "none", "grossProfits": 1135519000, "financialCurrency": "INR"}}}