{"HOMEFIRST.NS": {"assetProfile": {"address1": "511, Acme Plaza", "address2": "Opposite Sangam Cinema, J B Nagar Andheri Kurla Road Andheri East", "city": "Mumbai", "zip": "400059", "country": "India", "phone": "91 22 6694 0386", "website": "http://www.homefirstindia.com", "industry": "Mortgage Finance", "sector": "Financial Services", "longBusinessSummary": "Home First Finance Company India Limited operates as a housing finance company in India. The company offers housing loans for the purchase or construction of homes, loans against property, developer finance loans, and loans for purchase of commercial property. It serves salaried and self-employed customers. The company was founded in 2010 and is headquartered in Mumbai, India.", "fullTimeEmployees": 696, "companyOfficers": [{"maxAge": 1, "name": "Mr. Manoj  Viswanathan", "age": 50, "title": "MD, CEO & Director", "yearBorn": 1970, "fiscalYear": 2020, "totalPay": 12095944, "exercisedValue": 0, "unexercisedValue": 0}, {"maxAge": 1, "name": "Ms. Nutan Gaba Patwari", "title": "Chief Financial Officer", "fiscalYear": 2020, "totalPay": 8754647, "exercisedValue": 0, "unexercisedValue": 0}, {"maxAge": 1, "name": "Mr. Shreyans  Bachhawat", "title": "Company Sec. & Compliance Officer", "fiscalYear": 2020, "totalPay": 2085822, "exercisedValue": 0, "unexercisedValue": 0}, {"maxAge": 1, "name": "Mr. Jaithirth  Rao", "age": 68, "title": "Founder", "yearBorn": 1952, "exercisedValue": 0, "unexercisedValue": 0}, {"maxAge": 1, "name": "Mr. Palamadai Sundararajan Jayakumar", "age": 58, "title": "Founder", "yearBorn": 1962, "exercisedValue": 0, "unexercisedValue": 0}, {"maxAge": 1, "name": "Mr. Ajay  Khetan", "title": "COO & Head of Risk", "exercisedValue": 0, "unexercisedValue": 0}, {"maxAge": 1, "name": "Mr. Gaurav  Mohta", "title": "Head of Sales & Marketing", "exercisedValue": 0, "unexercisedValue": 0}, {"maxAge": 1, "name": "Mr. Ramakrishna  Vyamajala", "title": "Head of HR", "exercisedValue": 0, "unexercisedValue": 0}, {"maxAge": 1, "name": "Mr. Abhijeet  Jamkindhikar", "title": "Head of Developer Fin.", "exercisedValue": 0, "unexercisedValue": 0}, {"maxAge": 1, "name": "Mr. Arunchandra  Jupalli", "title": "Head of Loan Against Property", "exercisedValue": 0, "unexercisedValue": 0}], "compensationAsOfEpochDate": "2020-12-31 05:30:00", "maxAge": 86400}, "cashflowStatementHistory": {"cashflowStatements": [{"maxAge": 1, "endDate": "2020-03-31", "netIncome": 795520000, "depreciation": 68610000, "changeToNetincome": 58310000, "changeToLiabilities": -9260000, "changeToOperatingActivities": -9191810000, "totalCashFromOperatingActivities": -8274850000, "capitalExpenditures": -41410000, "investments": -2436190000, "otherCashflowsFromInvestingActivities": 52780000, "totalCashflowsFromInvestingActivities": -2424780000, "netBorrowings": 5693780000, "otherCashflowsFromFinancingActivities": -3360000, "totalCashFromFinancingActivities": 8974620000, "changeInCash": -1725010000, "issuanceOfStock": 3284200000}, {"maxAge": 1, "endDate": "2019-03-31", "netIncome": 457240000, "depreciation": 43020000, "changeToNetincome": 17920000, "changeToLiabilities": 8210000, "changeToOperatingActivities": -8434820000, "totalCashFromOperatingActivities": -7905680000, "capitalExpenditures": -66510000, "investments": -1019740000, "otherCashflowsFromInvestingActivities": 31370000, "totalCashflowsFromInvestingActivities": -1054880000, "netBorrowings": 9079380000, "otherCashflowsFromFinancingActivities": -15500000, "totalCashFromFinancingActivities": 10587660000, "changeInCash": 1627100000, "issuanceOfStock": 1523780000}, {"maxAge": 1, "endDate": "2018-03-31", "netIncome": 159960000, "depreciation": 23060000, "changeToNetincome": 118370000, "changeToLiabilities": -27560000, "changeToOperatingActivities": -5339400000, "totalCashFromOperatingActivities": -5064000000, "capitalExpenditures": -44200000, "investments": 590000000, "otherCashflowsFromInvestingActivities": 16710000, "totalCashflowsFromInvestingActivities": 562510000, "netBorrowings": 3571170000, "otherCashflowsFromFinancingActivities": -15500000, "totalCashFromFinancingActivities": 3571830000, "changeInCash": -929660000, "issuanceOfStock": 660000}, {"maxAge": 1, "endDate": "2017-03-31", "netIncome": 66770000, "depreciation": 14150000, "changeToNetincome": 19310000, "changeToLiabilities": 24250000, "changeToOperatingActivities": -2854840000, "totalCashFromOperatingActivities": -2728960000, "capitalExpenditures": -16770000, "investments": -140000000, "otherCashflowsFromInvestingActivities": 16660000, "totalCashflowsFromInvestingActivities": -140110000, "dividendsPaid": -1950000, "netBorrowings": 2346470000, "otherCashflowsFromFinancingActivities": -15500000, "totalCashFromFinancingActivities": 3798600000, "changeInCash": 929530000, "issuanceOfStock": 1454080000}], "maxAge": 86400}, "institutionOwnership": {"ownershipList": [], "maxAge": 1}, "majorHoldersBreakdown": {"maxAge": 1, "insidersPercentHeld": 0.0, "institutionsPercentHeld": 0.0589, "institutionsFloatPercentHeld": 0.0589, "institutionsCount": 8}, "balanceSheetHistoryQuarterly": {"balanceSheetStatements": [{"maxAge": 1, "endDate": "2020-12-31", "totalStockholderEquity": 9879750000, "netTangibleAssets": 9876180000}, {"maxAge": 1, "endDate": "2020-09-30", "cash": 4208600000, "netReceivables": 29721640000, "otherCurrentAssets": 81410000, "totalCurrentAssets": 34011650000, "longTermInvestments": 3042910000, "propertyPlantEquipment": 169550000, "intangibleAssets": 3570000, "totalAssets": 37227680000, "accountsPayable": 60000, "longTermDebt": 26365780000, "otherLiab": 982090000, "totalCurrentLiabilities": 60000, "totalLiab": 27347930000, "commonStock": 156790000, "treasuryStock": 9722960000, "otherStockholderEquity": 9722960000, "totalStockholderEquity": 9879750000, "netTangibleAssets": 9876180000}, {"maxAge": 1, "endDate": "2020-06-30", "cash": 4208600000, "netReceivables": 29721640000, "otherCurrentAssets": 81410000, "totalCurrentAssets": 34011650000, "longTermInvestments": 3042910000, "propertyPlantEquipment": 169550000, "intangibleAssets": 3570000, "totalAssets": 37227680000, "accountsPayable": 60000, "longTermDebt": 26365780000, "otherLiab": 982090000, "totalCurrentLiabilities": 60000, "totalLiab": 27347930000, "commonStock": 156790000, "treasuryStock": 9722960000, "otherStockholderEquity": 9722960000, "totalStockholderEquity": 9879750000, "netTangibleAssets": 9876180000}, {"maxAge": 1, "endDate": "2019-12-31"}], "maxAge": 86400}, "indexTrend": {"maxAge": 1, "symbol": "SP5", "peRatio": 19.7411, "pegRatio": 1.34172, "estimates": [{"period": "0q", "growth": 0.549}, {"period": "+1q", "growth": 0.431}, {"period": "0y", "growth": 0.305}, {"period": "+1y", "growth": 0.109}, {"period": "+5y", "growth": 0.120865}, {"period": "-5y"}]}, "defaultKeyStatistics": {"maxAge": 1, "priceHint": 2, "enterpriseValue": 62761844736, "profitMargins": 0.33513, "floatShares": 19561543, "sharesOutstanding": 87386800, "heldPercentInsiders": 0.0, "heldPercentInstitutions": 0.0589, "category": null, "bookValue": 126.137, "priceToBook": 3.94571, "fundFamily": null, "legalType": null, "lastFiscalYearEnd": "2020-03-31 05:30:00", "nextFiscalYearEnd": "2022-03-31 05:30:00", "mostRecentQuarter": "2020-12-31 05:30:00", "earningsQuarterlyGrowth": -0.471, "netIncomeToCommon": 813299968, "trailingEps": 10.12, "lastSplitFactor": null, "enterpriseToRevenue": 25.862}, "summaryProfile": {"address1": "511, Acme Plaza", "address2": "Opposite Sangam Cinema, J B Nagar Andheri Kurla Road Andheri East", "city": "Mumbai", "zip": "400059", "country": "India", "phone": "91 22 6694 0386", "website": "http://www.homefirstindia.com", "industry": "Mortgage Finance", "sector": "Financial Services", "longBusinessSummary": "Home First Finance Company India Limited operates as a housing finance company in India. The company offers housing loans for the purchase or construction of homes, loans against property, developer finance loans, and loans for purchase of commercial property. It serves salaried and self-employed customers. The company was founded in 2010 and is headquartered in Mumbai, India.", "fullTimeEmployees": 696, "companyOfficers": [], "maxAge": 86400}, "netSharePurchaseActivity": {"maxAge": 1, "period": "6m", "buyInfoCount": 0, "buyInfoShares": 0, "sellInfoCount": 0, "netInfoCount": 0, "netInfoShares": 0, "totalInsiderShares": 0}, "quoteType": {"exchange": "NSI", "quoteType": "EQUITY", "symbol": "HOMEFIRST.NS", "underlyingSymbol": "HOMEFIRST.NS", "shortName": "Home First Fin Co Ind Ltd", "longName": "Home First Finance Company India Limited", "firstTradeDateEpochUtc": "2021-02-03 09:15:00", "timeZoneFullName": "Asia/Kolkata", "timeZoneShortName": "IST", "uuid": "3fb62f5b-0a8e-3f0e-9499-0f7b169113d8", "gmtOffSetMilliseconds": 19800000, "maxAge": 1}, "incomeStatementHistory": {"incomeStatementHistory": [{"maxAge": 1, "endDate": "2020-03-31", "totalRevenue": 2263510000, "costOfRevenue": 1210000, "grossProfit": 2262300000, "researchDevelopment": {}, "sellingGeneralAdministrative": 624790000, "nonRecurring": {}, "otherOperatingExpenses": 492420000, "totalOperatingExpenses": 1190810000, "operatingIncome": 1072700000, "totalOtherIncomeExpenseNet": 630000, "ebit": 0, "interestExpense": {}, "incomeBeforeTax": 1073330000, "incomeTaxExpense": 277810000, "minorityInterest": {}, "netIncomeFromContinuingOps": 795520000, "discontinuedOperations": {}, "extraordinaryItems": {}, "effectOfAccountingCharges": {}, "otherItems": {}, "netIncome": 795520000, "netIncomeApplicableToCommonShares": 795520000}, {"maxAge": 1, "endDate": "2019-03-31", "totalRevenue": 1448280000, "costOfRevenue": 1930000, "grossProfit": 1446350000, "researchDevelopment": {}, "sellingGeneralAdministrative": 443880000, "nonRecurring": {}, "otherOperatingExpenses": 304030000, "totalOperatingExpenses": 795610000, "operatingIncome": 652670000, "totalOtherIncomeExpenseNet": 200000, "ebit": 0, "interestExpense": {}, "incomeBeforeTax": 652870000, "incomeTaxExpense": 195630000, "minorityInterest": {}, "netIncomeFromContinuingOps": 457240000, "discontinuedOperations": {}, "extraordinaryItems": {}, "effectOfAccountingCharges": {}, "otherItems": {}, "netIncome": 457240000, "netIncomeApplicableToCommonShares": 457240000}, {"maxAge": 1, "endDate": "2018-03-31", "totalRevenue": 690280000, "costOfRevenue": 640000, "grossProfit": 689640000, "researchDevelopment": {}, "sellingGeneralAdministrative": 254240000, "nonRecurring": {}, "otherOperatingExpenses": 167970000, "totalOperatingExpenses": 447480000, "operatingIncome": 242800000, "totalOtherIncomeExpenseNet": -100000, "ebit": 0, "interestExpense": {}, "incomeBeforeTax": 242700000, "incomeTaxExpense": 82740000, "minorityInterest": {}, "netIncomeFromContinuingOps": 159960000, "discontinuedOperations": {}, "extraordinaryItems": {}, "effectOfAccountingCharges": {}, "otherItems": {}, "netIncome": 159960000, "netIncomeApplicableToCommonShares": 159960000}, {"maxAge": 1, "endDate": "2017-03-31", "totalRevenue": 379580000, "costOfRevenue": 630000, "grossProfit": 378950000, "researchDevelopment": {}, "sellingGeneralAdministrative": 163850000, "nonRecurring": {}, "otherOperatingExpenses": 96000000, "totalOperatingExpenses": 276030000, "operatingIncome": 103550000, "totalOtherIncomeExpenseNet": 10000, "ebit": 0, "interestExpense": {}, "incomeBeforeTax": 103560000, "incomeTaxExpense": 36790000, "minorityInterest": {}, "netIncomeFromContinuingOps": 66770000, "discontinuedOperations": {}, "extraordinaryItems": {}, "effectOfAccountingCharges": {}, "otherItems": {}, "netIncome": 66770000, "netIncomeApplicableToCommonShares": 66770000}], "maxAge": 86400}, "fundOwnership": {"ownershipList": [], "maxAge": 1}, "summaryDetail": {"maxAge": 1, "priceHint": 2, "previousClose": 478.55, "open": 481.0, "dayLow": 477.7, "dayHigh": 513.15, "regularMarketPreviousClose": 478.55, "regularMarketOpen": 481.0, "regularMarketDayLow": 477.7, "regularMarketDayHigh": 513.15, "payoutRatio": 0.0, "trailingPE": 49.179844, "volume": 356716, "regularMarketVolume": 356716, "averageVolume": 1185385, "averageVolume10days": 116703, "averageDailyVolume10Day": 116703, "bid": 0.0, "ask": 0.0, "marketCap": 43492413440, "fiftyTwoWeekLow": 445.0, "fiftyTwoWeekHigh": 640.0, "priceToSalesTrailing12Months": 17.921638, "fiftyDayAverage": 504.83823, "twoHundredDayAverage": 512.6429, "currency": "INR", "fromCurrency": null, "lastMarket": null, "algorithm": null, "tradeable": false}, "incomeStatementHistoryQuarterly": {"incomeStatementHistory": [{"maxAge": 1, "endDate": "2020-12-31", "totalRevenue": 560680000, "costOfRevenue": 0, "grossProfit": 560680000, "researchDevelopment": {}, "sellingGeneralAdministrative": 173870000, "nonRecurring": {}, "otherOperatingExpenses": 155910000, "totalOperatingExpenses": 348700000, "operatingIncome": 211980000, "totalOtherIncomeExpenseNet": 0, "ebit": 0, "interestExpense": {}, "incomeBeforeTax": 211980000, "incomeTaxExpense": 52890000, "minorityInterest": {}, "netIncomeFromContinuingOps": 159090000, "discontinuedOperations": {}, "extraordinaryItems": {}, "effectOfAccountingCharges": {}, "otherItems": {}, "netIncome": 159090000, "netIncomeApplicableToCommonShares": 159090000}, {"maxAge": 1, "endDate": "2020-09-30", "totalRevenue": 659405000, "costOfRevenue": 0, "grossProfit": 659405000, "researchDevelopment": {}, "sellingGeneralAdministrative": 149005000, "nonRecurring": {}, "otherOperatingExpenses": 139245000, "totalOperatingExpenses": 307745000, "operatingIncome": 351660000, "totalOtherIncomeExpenseNet": 0, "ebit": 0, "interestExpense": {}, "incomeBeforeTax": 351660000, "incomeTaxExpense": 86920000, "minorityInterest": {}, "netIncomeFromContinuingOps": 264740000, "discontinuedOperations": {}, "extraordinaryItems": {}, "effectOfAccountingCharges": {}, "otherItems": {}, "netIncome": 264740000, "netIncomeApplicableToCommonShares": 264740000}, {"maxAge": 1, "endDate": "2020-06-30", "totalRevenue": 659405000, "costOfRevenue": 0, "grossProfit": 659405000, "researchDevelopment": {}, "sellingGeneralAdministrative": 149005000, "nonRecurring": {}, "otherOperatingExpenses": 139245000, "totalOperatingExpenses": 307745000, "operatingIncome": 351660000, "totalOtherIncomeExpenseNet": 0, "ebit": 0, "interestExpense": {}, "incomeBeforeTax": 351660000, "incomeTaxExpense": 86920000, "minorityInterest": {}, "netIncomeFromContinuingOps": 264740000, "discontinuedOperations": {}, "extraordinaryItems": {}, "effectOfAccountingCharges": {}, "otherItems": {}, "netIncome": 264740000, "netIncomeApplicableToCommonShares": 264740000}, {"maxAge": 1, "endDate": "2019-12-31", "totalRevenue": 696360000, "costOfRevenue": 0, "grossProfit": 696360000, "researchDevelopment": {}, "sellingGeneralAdministrative": 153280000, "nonRecurring": {}, "otherOperatingExpenses": 117780000, "totalOperatingExpenses": 290250000, "operatingIncome": 406110000, "totalOtherIncomeExpenseNet": 0, "ebit": 0, "interestExpense": {}, "incomeBeforeTax": 406110000, "incomeTaxExpense": 105520000, "minorityInterest": {}, "netIncomeFromContinuingOps": 300590000, "discontinuedOperations": {}, "extraordinaryItems": {}, "effectOfAccountingCharges": {}, "otherItems": {}, "netIncome": 300590000, "netIncomeApplicableToCommonShares": 300590000}], "maxAge": 86400}, "cashflowStatementHistoryQuarterly": {"cashflowStatements": [{"maxAge": 1, "endDate": "2020-12-31", "netIncome": 159090000, "changeToLiabilities": 0}, {"maxAge": 1, "endDate": "2020-09-30", "netIncome": 264740000, "changeToLiabilities": 0}, {"maxAge": 1, "endDate": "2020-06-30", "netIncome": 264740000, "changeToLiabilities": 0}, {"maxAge": 1, "endDate": "2019-12-31", "netIncome": 300590000, "changeToLiabilities": 0}], "maxAge": 86400}, "insiderHolders": {"holders": [], "maxAge": 1}, "calendarEvents": {"maxAge": 1, "earnings": {"earningsDate": []}}, "upgradeDowngradeHistory": {"history": [], "maxAge": 86400}, "price": {"maxAge": 1, "regularMarketChangePercent": 0.04001677, "regularMarketChange": 19.150024, "regularMarketTime": "2021-04-30 15:29:52", "priceHint": 2, "regularMarketPrice": 497.7, "regularMarketDayHigh": 513.15, "regularMarketDayLow": 477.7, "regularMarketVolume": 356716, "averageDailyVolume10Day": 116703, "averageDailyVolume3Month": 1185385, "regularMarketPreviousClose": 478.55, "regularMarketSource": "FREE_REALTIME", "regularMarketOpen": 481.0, "exchange": "NSI", "exchangeName": "NSE", "exchangeDataDelayedBy": 15, "marketState": "CLOSED", "quoteType": "EQUITY", "symbol": "HOMEFIRST.NS", "underlyingSymbol": null, "shortName": "Home First Fin Co Ind Ltd", "longName": "Home First Finance Company India Limited", "currency": "INR", "quoteSourceName": "Delayed Quote", "currencySymbol": "\u20b9", "fromCurrency": null, "lastMarket": null, "marketCap": 43492413440}, "balanceSheetHistory": {"balanceSheetStatements": [{"maxAge": 1, "endDate": "2020-03-31", "cash": 132230000, "netReceivables": 30771880000, "otherCurrentAssets": 2079420000, "totalCurrentAssets": 34439110000, "propertyPlantEquipment": 204840000, "intangibleAssets": 5170000, "otherAssets": 152970000, "totalAssets": 34802090000, "accountsPayable": 4320000, "shortLongTermDebt": 5455380000, "longTermDebt": 19566630000, "otherLiab": 192800000, "totalCurrentLiabilities": 5645180000, "totalLiab": 25467830000, "commonStock": 156600000, "retainedEarnings": 1563540000, "treasuryStock": 74370000, "capitalSurplus": 7539750000, "otherStockholderEquity": 74370000, "totalStockholderEquity": 9334260000, "netTangibleAssets": 9329090000}, {"maxAge": 1, "endDate": "2019-03-31", "cash": 1857240000, "netReceivables": 21591440000, "otherCurrentAssets": 86300000, "totalCurrentAssets": 24564150000, "propertyPlantEquipment": 167590000, "intangibleAssets": 6710000, "otherAssets": 76810000, "deferredLongTermAssetCharges": 14220000, "totalAssets": 24815260000, "accountsPayable": 13580000, "shortLongTermDebt": 3194650000, "longTermDebt": 16123730000, "otherLiab": 120390000, "totalCurrentLiabilities": 3300570000, "totalLiab": 19588650000, "commonStock": 126680000, "retainedEarnings": 769620000, "treasuryStock": 41750000, "capitalSurplus": 4288560000, "otherStockholderEquity": 41750000, "totalStockholderEquity": 5226610000, "netTangibleAssets": 5219900000}, {"maxAge": 1, "endDate": "2018-03-31", "cash": 230140000, "netReceivables": 13124230000, "otherCurrentAssets": 47590000, "totalCurrentAssets": 13401960000, "propertyPlantEquipment": 105500000, "intangibleAssets": 6110000, "otherAssets": 135850000, "deferredLongTermAssetCharges": 63810000, "totalAssets": 13649420000, "accountsPayable": 5370000, "shortLongTermDebt": 1519010000, "longTermDebt": 8691660000, "otherLiab": 71120000, "totalCurrentLiabilities": 1599720000, "totalLiab": 10397270000, "commonStock": 103230000, "retainedEarnings": 284890000, "treasuryStock": 60750000, "capitalSurplus": 2803280000, "otherStockholderEquity": 60750000, "totalStockholderEquity": 3252150000, "netTangibleAssets": 3246040000}, {"maxAge": 1, "endDate": "2017-03-31", "cash": 1159800000, "netReceivables": 7945520000, "otherCurrentAssets": 639730000, "totalCurrentAssets": 9745050000, "propertyPlantEquipment": 64270000, "intangibleAssets": 2260000, "otherAssets": 78000000, "deferredLongTermAssetCharges": 26280000, "totalAssets": 9889580000, "accountsPayable": 32930000, "shortLongTermDebt": 1104030000, "otherCurrentLiab": 840000, "longTermDebt": 5453020000, "otherLiab": 48170000, "totalCurrentLiabilities": 1297040000, "totalLiab": 6826000000, "commonStock": 103210000, "retainedEarnings": 124390000, "treasuryStock": 33520000, "capitalSurplus": 2802460000, "otherStockholderEquity": 33520000, "totalStockholderEquity": 3063580000, "netTangibleAssets": 3061320000}], "maxAge": 86400}, "financialData": {"maxAge": 86400, "currentPrice": 497.7, "recommendationKey": "none", "totalCash": 4208600064, "totalCashPerShare": 51.586, "totalDebt": 26365779968, "totalRevenue": 2426810112, "debtToEquity": 266.867, "revenuePerShare": 30.676, "grossProfits": 2262300000, "earningsGrowth": -0.489, "revenueGrowth": -0.195, "grossMargins": 0.9995, "ebitdaMargins": 0.0, "operatingMargins": 0.44455, "profitMargins": 0.33513, "financialCurrency": "INR"}}}