{"HONAUT.BO": {"recommendationTrend": {"trend": [{"period": "0m", "strongBuy": 0, "buy": 0, "hold": 0, "sell": 0, "strongSell": 0}, {"period": "-1m", "strongBuy": 0, "buy": 0, "hold": 0, "sell": 0, "strongSell": 0}, {"period": "-2m", "strongBuy": 0, "buy": 0, "hold": 0, "sell": 0, "strongSell": 0}, {"period": "-3m", "strongBuy": 0, "buy": 0, "hold": 0, "sell": 0, "strongSell": 0}], "maxAge": 86400}, "cashflowStatementHistory": {"cashflowStatements": [{"maxAge": 1, "endDate": "2020-03-31", "netIncome": 4914800000, "depreciation": 405500000, "changeToNetincome": -1059500000, "changeToAccountReceivables": -1442000000, "changeToLiabilities": 49800000, "changeToInventory": -158300000, "changeToOperatingActivities": 589100000, "totalCashFromOperatingActivities": 3299700000, "capitalExpenditures": -593200000, "investments": -2410900000, "otherCashflowsFromInvestingActivities": 736000000, "totalCashflowsFromInvestingActivities": -2265700000, "dividendsPaid": -396900000, "netBorrowings": -216700000, "otherCashflowsFromFinancingActivities": -81800000, "totalCashFromFinancingActivities": -695400000, "effectOfExchangeRate": 144300000, "changeInCash": 482900000}, {"maxAge": 1, "endDate": "2019-03-31", "netIncome": 3588400000, "depreciation": 158100000, "changeToNetincome": -961600000, "changeToAccountReceivables": -419300000, "changeToLiabilities": 603500000, "changeToInventory": -252900000, "changeToOperatingActivities": 400700000, "totalCashFromOperatingActivities": 3117700000, "capitalExpenditures": -237000000, "investments": -4684100000, "otherCashflowsFromInvestingActivities": 458000000, "totalCashflowsFromInvestingActivities": -4458200000, "dividendsPaid": -282600000, "netBorrowings": -216700000, "otherCashflowsFromFinancingActivities": -58200000, "totalCashFromFinancingActivities": -340800000, "effectOfExchangeRate": 26500000, "changeInCash": -1654800000}, {"maxAge": 1, "endDate": "2018-03-31", "netIncome": 2497300000, "depreciation": 150600000, "changeToNetincome": -533000000, "changeToAccountReceivables": -1851000000, "changeToLiabilities": 2097900000, "changeToInventory": 171400000, "changeToOperatingActivities": 94300000, "totalCashFromOperatingActivities": 2628900000, "capitalExpenditures": -192800000, "investments": -1744900000, "otherCashflowsFromInvestingActivities": 190400000, "totalCashflowsFromInvestingActivities": -1742100000, "dividendsPaid": -88300000, "netBorrowings": -216700000, "otherCashflowsFromFinancingActivities": -18000000, "totalCashFromFinancingActivities": -106300000, "effectOfExchangeRate": 19200000, "changeInCash": 799700000}, {"maxAge": 1, "endDate": "2017-03-31", "netIncome": 1694500000, "depreciation": 161100000, "changeToNetincome": -217200000, "changeToAccountReceivables": 332000000, "changeToLiabilities": 153500000, "changeToInventory": 37400000, "changeToOperatingActivities": -11800000, "totalCashFromOperatingActivities": 2151900000, "capitalExpenditures": -128000000, "investments": -874200000, "otherCashflowsFromInvestingActivities": 152800000, "totalCashflowsFromInvestingActivities": -846000000, "dividendsPaid": -88400000, "netBorrowings": -216700000, "otherCashflowsFromFinancingActivities": -18000000, "totalCashFromFinancingActivities": -106400000, "effectOfExchangeRate": -4800000, "changeInCash": 1194700000}], "maxAge": 86400}, "institutionOwnership": {"ownershipList": [{"maxAge": 1, "reportDate": "2020-06-30", "organization": "Stanley-Laman Group, Ltd.", "pctHeld": 0.0002, "position": 1622, "value": 48704442}], "maxAge": 1}, "balanceSheetHistoryQuarterly": {"balanceSheetStatements": [{"maxAge": 1, "endDate": "2020-06-30", "totalStockholderEquity": 21782500000, "netTangibleAssets": 21782100000}, {"maxAge": 1, "endDate": "2020-03-31", "cash": 2635300000, "shortTermInvestments": 12500000000, "netReceivables": 12108800000, "inventory": 1208900000, "otherCurrentAssets": 1099700000, "totalCurrentAssets": 29566600000, "propertyPlantEquipment": 2071800000, "intangibleAssets": 400000, "otherAssets": 2936000000, "deferredLongTermAssetCharges": 568900000, "totalAssets": 34574800000, "accountsPayable": 8480200000, "otherCurrentLiab": 2393500000, "otherLiab": 460200000, "totalCurrentLiabilities": 11693200000, "totalLiab": 12792300000, "commonStock": 88400000, "retainedEarnings": 21651900000, "treasuryStock": -115500000, "capitalSurplus": 157700000, "otherStockholderEquity": -115500000, "totalStockholderEquity": 21782500000, "netTangibleAssets": 21782100000}, {"maxAge": 1, "endDate": "2019-12-31", "totalStockholderEquity": 19263900000, "netTangibleAssets": 19263700000}, {"maxAge": 1, "endDate": "2019-09-30", "cash": 13469600000, "shortTermInvestments": 6601600000, "netReceivables": 5045700000, "inventory": 1066000000, "otherCurrentAssets": 1494400000, "totalCurrentAssets": 27677300000, "longTermInvestments": 341800000, "propertyPlantEquipment": 1825700000, "intangibleAssets": 200000, "otherAssets": 2662900000, "deferredLongTermAssetCharges": 533300000, "totalAssets": 32507900000, "accountsPayable": 9497900000, "otherCurrentLiab": 2560600000, "otherLiab": 476100000, "totalCurrentLiabilities": 12199500000, "totalLiab": 13244000000, "commonStock": 88400000, "treasuryStock": 19175500000, "otherStockholderEquity": 19175500000, "totalStockholderEquity": 19263900000, "netTangibleAssets": 19263700000}], "maxAge": 86400}, "earningsHistory": {"history": [{"maxAge": 1, "epsActual": {}, "epsEstimate": {}, "epsDifference": {}, "surprisePercent": {}, "quarter": {}, "period": "-4q"}, {"maxAge": 1, "epsActual": {}, "epsEstimate": {}, "epsDifference": {}, "surprisePercent": {}, "quarter": {}, "period": "-3q"}, {"maxAge": 1, "epsActual": {}, "epsEstimate": {}, "epsDifference": {}, "surprisePercent": {}, "quarter": {}, "period": "-2q"}, {"maxAge": 1, "epsActual": {}, "epsEstimate": {}, "epsDifference": {}, "surprisePercent": {}, "quarter": {}, "period": "-1q"}], "maxAge": 86400}, "indexTrend": {"maxAge": 1, "symbol": "SP5", "peRatio": 19.7411, "pegRatio": 1.34172, "estimates": [{"period": "0q", "growth": 0.549}, {"period": "+1q", "growth": 0.431}, {"period": "0y", "growth": 0.305}, {"period": "+1y", "growth": 0.109}, {"period": "+5y", "growth": 0.120865}, {"period": "-5y"}]}, "industryTrend": {"maxAge": 1, "symbol": null, "estimates": []}, "insiderTransactions": {"transactions": [{"maxAge": 1, "shares": 1239, "filerUrl": "", "transactionText": "", "filerName": "Reliance Capital Trustee Co Ltd. A/c Reliance Regular", "filerRelation": "Institution- Corporation", "moneyText": "", "startDate": "2020-08-05", "ownership": "D"}, {"maxAge": 1, "shares": 6631142, "filerUrl": "", "transactionText": "", "filerName": "Hail Mauritius Ltd.", "filerRelation": "Institution- Corporation", "moneyText": "", "startDate": "2018-09-26", "ownership": "D"}, {"maxAge": 1, "shares": 6631142, "filerUrl": "", "transactionText": "", "filerName": "Honeywell Asia Pacific Inc", "filerRelation": "Promoter", "moneyText": "", "startDate": "2018-09-26", "ownership": "D"}], "maxAge": 1}, "quoteType": {"exchange": "BSE", "quoteType": "EQUITY", "symbol": "HONAUT.BO", "underlyingSymbol": "HONAUT.BO", "shortName": "HONEYWELL AUTOMATION INDIA LTD", "longName": "Honeywell Automation India Limited", "firstTradeDateEpochUtc": "2000-06-28 09:15:00", "timeZoneFullName": "Asia/Kolkata", "timeZoneShortName": "IST", "uuid": "d6068960-f0e6-3f76-b9e5-f18825d61d74", "gmtOffSetMilliseconds": 19800000, "maxAge": 1}, "incomeStatementHistory": {"incomeStatementHistory": [{"maxAge": 1, "endDate": "2020-03-31", "totalRevenue": 32900100000, "costOfRevenue": 16551400000, "grossProfit": 16348700000, "researchDevelopment": {}, "sellingGeneralAdministrative": 5622300000, "nonRecurring": {}, "otherOperatingExpenses": 4291900000, "totalOperatingExpenses": 26939800000, "operatingIncome": 5960300000, "totalOtherIncomeExpenseNet": 905200000, "ebit": 5960300000, "interestExpense": -68700000, "incomeBeforeTax": 6865500000, "incomeTaxExpense": 1950700000, "minorityInterest": {}, "netIncomeFromContinuingOps": 4914800000, "discontinuedOperations": {}, "extraordinaryItems": {}, "effectOfAccountingCharges": {}, "otherItems": {}, "netIncome": 4914800000, "netIncomeApplicableToCommonShares": 4914800000}, {"maxAge": 1, "endDate": "2019-03-31", "totalRevenue": 31747400000, "costOfRevenue": 16599600000, "grossProfit": 15147800000, "researchDevelopment": {}, "sellingGeneralAdministrative": 5633600000, "nonRecurring": {}, "otherOperatingExpenses": 4194900000, "totalOperatingExpenses": 26872400000, "operatingIncome": 4875000000, "totalOtherIncomeExpenseNet": 673900000, "ebit": 4875000000, "interestExpense": -34800000, "incomeBeforeTax": 5548900000, "incomeTaxExpense": 1960500000, "minorityInterest": {}, "netIncomeFromContinuingOps": 3588400000, "discontinuedOperations": {}, "extraordinaryItems": {}, "effectOfAccountingCharges": {}, "otherItems": {}, "netIncome": 3588400000, "netIncomeApplicableToCommonShares": 3588400000}, {"maxAge": 1, "endDate": "2018-03-31", "totalRevenue": 26899800000, "costOfRevenue": 14110500000, "grossProfit": 12789300000, "researchDevelopment": {}, "sellingGeneralAdministrative": 4809000000, "nonRecurring": {}, "otherOperatingExpenses": 4196700000, "totalOperatingExpenses": 23328500000, "operatingIncome": 3571300000, "totalOtherIncomeExpenseNet": 241000000, "ebit": 3571300000, "interestExpense": -2800000, "incomeBeforeTax": 3812300000, "incomeTaxExpense": 1315000000, "minorityInterest": {}, "netIncomeFromContinuingOps": 2497300000, "discontinuedOperations": {}, "extraordinaryItems": {}, "effectOfAccountingCharges": {}, "otherItems": {}, "netIncome": 2497300000, "netIncomeApplicableToCommonShares": 2497300000}, {"maxAge": 1, "endDate": "2017-03-31", "totalRevenue": 24100700000, "costOfRevenue": 13095700000, "grossProfit": 11005000000, "researchDevelopment": {}, "sellingGeneralAdministrative": 4364500000, "nonRecurring": {}, "otherOperatingExpenses": 3606900000, "totalOperatingExpenses": 21296000000, "operatingIncome": 2804700000, "totalOtherIncomeExpenseNet": 268400000, "ebit": 2804700000, "interestExpense": -2600000, "incomeBeforeTax": 3073100000, "incomeTaxExpense": 1378600000, "minorityInterest": {}, "netIncomeFromContinuingOps": 1694500000, "discontinuedOperations": {}, "extraordinaryItems": {}, "effectOfAccountingCharges": {}, "otherItems": {}, "netIncome": 1694500000, "netIncomeApplicableToCommonShares": 1694500000}], "maxAge": 86400}, "fundOwnership": {"ownershipList": [{"maxAge": 1, "reportDate": "2020-07-31", "organization": "DFA Emerging Markets Small Cap Series", "pctHeld": 0.0013, "position": 11456, "value": 309379590}, {"maxAge": 1, "reportDate": "2020-07-31", "organization": "DFA Emerging Markets Core Equity Portfolio", "pctHeld": 0.00090000004, "position": 8385, "value": 226444471}, {"maxAge": 1, "reportDate": "2020-07-31", "organization": "DFA Emerging Markets Series", "pctHeld": 0.0001, "position": 1023, "value": 27627035}, {"maxAge": 1, "reportDate": "2020-08-31", "organization": "VanEck Vectors ETF Tr-India Growth Leaders ETF", "pctHeld": 0.0001, "position": 969, "value": 31566919}, {"maxAge": 1, "reportDate": "2020-08-31", "organization": "SPDR Portfolio Emerging Markets ETF", "pctHeld": 0.0001, "position": 677, "value": 22054493}, {"maxAge": 1, "reportDate": "2020-07-31", "organization": "DFA T.A. World Ex U.S. Core Equity Portfolio", "pctHeld": 0.0001, "position": 588, "value": 15879469}, {"maxAge": 1, "reportDate": "2020-07-31", "organization": "DFA Investment Dimensions-Emerging Markets Social Core Equity", "pctHeld": 0.0001, "position": 564, "value": 15231327}, {"maxAge": 1, "reportDate": "2020-07-31", "organization": "DFA Emerging Markets Sustainability Core 1 Portfolio", "pctHeld": 0.0001, "position": 459, "value": 12395708}], "maxAge": 1}, "summaryDetail": {"maxAge": 1, "priceHint": 2, "previousClose": 43083.55, "open": 43499.0, "dayLow": 43021.75, "dayHigh": 43670.0, "regularMarketPreviousClose": 43083.55, "regularMarketOpen": 43499.0, "regularMarketDayLow": 43021.75, "regularMarketDayHigh": 43670.0, "trailingPE": 80.40044, "forwardPE": 159.89607, "volume": 124, "regularMarketVolume": 124, "averageVolume": 460, "averageVolume10days": 293, "averageDailyVolume10Day": 293, "bid": 43150.3, "ask": 43300.0, "bidSize": 0, "askSize": 0, "marketCap": 382271062016, "fiftyTwoWeekLow": 20142.0, "fiftyTwoWeekHigh": 43670.0, "fiftyDayAverage": 37844.332, "twoHundredDayAverage": 32557.346, "trailingAnnualDividendRate": 75.0, "trailingAnnualDividendYield": 0.0017408036, "currency": "INR", "fromCurrency": null, "lastMarket": null, "algorithm": null, "tradeable": false}, "sectorTrend": {"maxAge": 1, "symbol": null, "estimates": []}, "incomeStatementHistoryQuarterly": {"incomeStatementHistory": [{"maxAge": 1, "endDate": "2020-06-30", "totalRevenue": 7362300000, "costOfRevenue": 3609300000, "grossProfit": 3753000000, "researchDevelopment": {}, "sellingGeneralAdministrative": 1332500000, "nonRecurring": {}, "otherOperatingExpenses": 1141300000, "totalOperatingExpenses": 6199200000, "operatingIncome": 1163100000, "totalOtherIncomeExpenseNet": 159500000, "ebit": 1163100000, "interestExpense": -14800000, "incomeBeforeTax": 1322600000, "incomeTaxExpense": 341800000, "minorityInterest": {}, "netIncomeFromContinuingOps": 980800000, "discontinuedOperations": {}, "extraordinaryItems": {}, "effectOfAccountingCharges": {}, "otherItems": {}, "netIncome": 980800000, "netIncomeApplicableToCommonShares": 980800000}, {"maxAge": 1, "endDate": "2020-03-31", "totalRevenue": 7042600000, "costOfRevenue": 3361600000, "grossProfit": 3681000000, "researchDevelopment": {}, "sellingGeneralAdministrative": 1432300000, "nonRecurring": {}, "otherOperatingExpenses": 892200000, "totalOperatingExpenses": 5872600000, "operatingIncome": 1170000000, "totalOtherIncomeExpenseNet": 319400000, "ebit": 1170000000, "interestExpense": -15200000, "incomeBeforeTax": 1489400000, "incomeTaxExpense": 378000000, "minorityInterest": {}, "netIncomeFromContinuingOps": 1111400000, "discontinuedOperations": {}, "extraordinaryItems": {}, "effectOfAccountingCharges": {}, "otherItems": {}, "netIncome": 1111400000, "netIncomeApplicableToCommonShares": 1111400000}, {"maxAge": 1, "endDate": "2019-12-31", "totalRevenue": 9012000000, "costOfRevenue": 4585200000, "grossProfit": 4426800000, "researchDevelopment": {}, "sellingGeneralAdministrative": 1400400000, "nonRecurring": {}, "otherOperatingExpenses": 1140500000, "totalOperatingExpenses": 7241100000, "operatingIncome": 1770900000, "totalOtherIncomeExpenseNet": 173500000, "ebit": 1770900000, "interestExpense": -18300000, "incomeBeforeTax": 1944400000, "incomeTaxExpense": 497000000, "minorityInterest": {}, "netIncomeFromContinuingOps": 1447400000, "discontinuedOperations": {}, "extraordinaryItems": {}, "effectOfAccountingCharges": {}, "otherItems": {}, "netIncome": 1447400000, "netIncomeApplicableToCommonShares": 1447400000}, {"maxAge": 1, "endDate": "2019-09-30", "totalRevenue": 8275200000, "costOfRevenue": 4231100000, "grossProfit": 4044100000, "researchDevelopment": {}, "sellingGeneralAdministrative": 1384100000, "nonRecurring": {}, "otherOperatingExpenses": 1154800000, "totalOperatingExpenses": 6857400000, "operatingIncome": 1417800000, "totalOtherIncomeExpenseNet": 247700000, "ebit": 1417800000, "interestExpense": -13600000, "incomeBeforeTax": 1665500000, "incomeTaxExpense": 463400000, "minorityInterest": {}, "netIncomeFromContinuingOps": 1202100000, "discontinuedOperations": {}, "extraordinaryItems": {}, "effectOfAccountingCharges": {}, "otherItems": {}, "netIncome": 1202100000, "netIncomeApplicableToCommonShares": 1202100000}], "maxAge": 86400}, "cashflowStatementHistoryQuarterly": {"cashflowStatements": [{"maxAge": 1, "endDate": "2020-06-30", "netIncome": 980800000, "changeToLiabilities": 0}, {"maxAge": 1, "endDate": "2020-03-31", "netIncome": 1111400000, "changeToLiabilities": 0}, {"maxAge": 1, "endDate": "2019-12-31", "netIncome": 1447400000, "changeToLiabilities": 0}, {"maxAge": 1, "endDate": "2019-09-30", "netIncome": 1202100000, "changeToLiabilities": 0}], "maxAge": 86400}, "insiderHolders": {"holders": [{"maxAge": 1, "name": "Hail Mauritius Ltd.", "relation": "Institution- Corporation", "url": "", "transactionDescription": "Other", "latestTransDate": "2018-09-26", "positionDirect": 6631142, "positionDirectDate": "2018-09-26"}, {"maxAge": 1, "name": "Honeywell Asia Pacific Inc", "relation": "Promoter", "url": "", "transactionDescription": "Other", "latestTransDate": "2018-09-26", "positionDirect": 0, "positionDirectDate": "2018-09-26"}, {"maxAge": 1, "name": "Reliance Capital Trustee Co Ltd. A/c Reliance Regular", "relation": "Institution- Corporation", "url": "", "transactionDescription": "Sale", "latestTransDate": "2020-08-05", "positionDirect": 358173, "positionDirectDate": "2020-08-05"}], "maxAge": 1}, "earnings": {"maxAge": 86400, "earningsChart": {"quarterly": [], "earningsDate": ["2020-08-06 05:30:S"]}, "financialsChart": {"yearly": [{"date": 2017, "revenue": 24100700000, "earnings": 1694500000}, {"date": 2018, "revenue": 26899800000, "earnings": 2497300000}, {"date": 2019, "revenue": 31747400000, "earnings": 3588400000}, {"date": 2020, "revenue": 32900100000, "earnings": 4914800000}], "quarterly": [{"date": "3Q2019", "revenue": 8275200000, "earnings": 1202100000}, {"date": "4Q2019", "revenue": 9012000000, "earnings": 1447400000}, {"date": "1Q2020", "revenue": 7042600000, "earnings": 1111400000}, {"date": "2Q2020", "revenue": 7362300000, "earnings": 980800000}]}, "financialCurrency": "INR"}, "calendarEvents": {"maxAge": 1, "earnings": {"earningsDate": ["2020-08-06 05:30:S"]}}, "upgradeDowngradeHistory": {"history": [], "maxAge": 86400}, "price": {"maxAge": 1, "regularMarketChangePercent": 0.003536098, "regularMarketChange": 152.34766, "regularMarketTime": "2021-04-30 15:29:36", "priceHint": 2, "regularMarketPrice": 43235.9, "regularMarketDayHigh": 43670.0, "regularMarketDayLow": 43021.75, "regularMarketVolume": 124, "averageDailyVolume10Day": 293, "averageDailyVolume3Month": 460, "regularMarketPreviousClose": 43083.55, "regularMarketSource": "FREE_REALTIME", "regularMarketOpen": 43499.0, "exchange": "BSE", "exchangeName": "BSE", "exchangeDataDelayedBy": 0, "marketState": "CLOSED", "quoteType": "EQUITY", "symbol": "HONAUT.BO", "underlyingSymbol": null, "shortName": "HONEYWELL AUTOMATION INDIA LTD", "longName": "Honeywell Automation India Limited", "currency": "INR", "quoteSourceName": "Delayed Quote", "currencySymbol": "\u20b9", "fromCurrency": null, "lastMarket": null, "marketCap": 382271062016}, "balanceSheetHistory": {"balanceSheetStatements": [{"maxAge": 1, "endDate": "2020-03-31", "cash": 2635300000, "shortTermInvestments": 12500000000, "netReceivables": 12108800000, "inventory": 1208900000, "otherCurrentAssets": 1099700000, "totalCurrentAssets": 29566600000, "propertyPlantEquipment": 2071800000, "intangibleAssets": 400000, "otherAssets": 2936000000, "deferredLongTermAssetCharges": 568900000, "totalAssets": 34574800000, "accountsPayable": 8480200000, "otherCurrentLiab": 2393500000, "otherLiab": 460200000, "totalCurrentLiabilities": 11693200000, "totalLiab": 12792300000, "commonStock": 88400000, "retainedEarnings": 21651900000, "treasuryStock": -115500000, "capitalSurplus": 157700000, "otherStockholderEquity": -115500000, "totalStockholderEquity": 21782500000, "netTangibleAssets": 21782100000}, {"maxAge": 1, "endDate": "2019-03-31", "cash": 2152400000, "shortTermInvestments": 10090100000, "netReceivables": 10452000000, "inventory": 1050600000, "otherCurrentAssets": 1386200000, "totalCurrentAssets": 25144300000, "propertyPlantEquipment": 931600000, "intangibleAssets": 300000, "otherAssets": 2829800000, "deferredLongTermAssetCharges": 745200000, "totalAssets": 28906000000, "accountsPayable": 8310000000, "otherCurrentLiab": 2266700000, "otherLiab": 374300000, "totalCurrentLiabilities": 11057100000, "totalLiab": 11431400000, "commonStock": 88400000, "retainedEarnings": 17216800000, "treasuryStock": 11700000, "capitalSurplus": 157700000, "otherStockholderEquity": 11700000, "totalStockholderEquity": 17474600000, "netTangibleAssets": 17474300000}, {"maxAge": 1, "endDate": "2018-03-31", "cash": 3807200000, "shortTermInvestments": 5382400000, "netReceivables": 9729000000, "inventory": 797700000, "otherCurrentAssets": 986900000, "totalCurrentAssets": 20714600000, "propertyPlantEquipment": 849200000, "intangibleAssets": 1000000, "otherAssets": 2754200000, "deferredLongTermAssetCharges": 766600000, "totalAssets": 24319000000, "accountsPayable": 7707800000, "otherCurrentLiab": 1751000000, "otherLiab": 140300000, "totalCurrentLiabilities": 9991900000, "totalLiab": 10132200000, "commonStock": 88400000, "retainedEarnings": 13969500000, "treasuryStock": -28800000, "capitalSurplus": 157700000, "otherStockholderEquity": -28800000, "totalStockholderEquity": 14186800000, "netTangibleAssets": 14185800000}, {"maxAge": 1, "endDate": "2017-03-31", "cash": 4907500000, "shortTermInvestments": 1702400000, "netReceivables": 7959500000, "inventory": 969100000, "otherCurrentAssets": 916800000, "totalCurrentAssets": 16463200000, "propertyPlantEquipment": 812600000, "intangibleAssets": 2400000, "otherAssets": 2236600000, "deferredLongTermAssetCharges": 684400000, "totalAssets": 19514800000, "accountsPayable": 5724400000, "otherCurrentLiab": 1436700000, "otherLiab": 134400000, "totalCurrentLiabilities": 7577600000, "totalLiab": 7712000000, "commonStock": 88400000, "retainedEarnings": 11578600000, "treasuryStock": -21900000, "capitalSurplus": 157700000, "otherStockholderEquity": -21900000, "totalStockholderEquity": 11802800000, "netTangibleAssets": 11800400000}], "maxAge": 86400}, "earningsTrend": {"trend": [{"maxAge": 1, "period": "0q", "endDate": null, "growth": {}, "earningsEstimate": {"avg": 0.0, "low": 0.0, "high": 0.0, "yearAgoEps": {}, "numberOfAnalysts": 0, "growth": {}}, "revenueEstimate": {"avg": 0, "low": 0, "high": 0, "numberOfAnalysts": 0, "yearAgoRevenue": {}, "growth": {}}, "epsTrend": {"current": 0.0, "7daysAgo": 0.0, "30daysAgo": 0.0, "60daysAgo": 0.0, "90daysAgo": 0.0}, "epsRevisions": {"upLast7days": 0, "upLast30days": 0, "downLast30days": 0, "downLast90days": {}}}, {"maxAge": 1, "period": "+1q", "endDate": null, "growth": {}, "earningsEstimate": {"avg": 0.0, "low": 0.0, "high": 0.0, "yearAgoEps": {}, "numberOfAnalysts": 0, "growth": {}}, "revenueEstimate": {"avg": 0, "low": 0, "high": 0, "numberOfAnalysts": 0, "yearAgoRevenue": {}, "growth": {}}, "epsTrend": {"current": 0.0, "7daysAgo": 0.0, "30daysAgo": 0.0, "60daysAgo": 0.0, "90daysAgo": 0.0}, "epsRevisions": {"upLast7days": 0, "upLast30days": 0, "downLast30days": 0, "downLast90days": {}}}, {"maxAge": 1, "period": "0y", "endDate": null, "growth": {}, "earningsEstimate": {"avg": 0.0, "low": 0.0, "high": 0.0, "yearAgoEps": {}, "numberOfAnalysts": 0, "growth": {}}, "revenueEstimate": {"avg": 0, "low": 0, "high": 0, "numberOfAnalysts": 0, "yearAgoRevenue": {}, "growth": {}}, "epsTrend": {"current": 0.0, "7daysAgo": 0.0, "30daysAgo": 0.0, "60daysAgo": 0.0, "90daysAgo": 0.0}, "epsRevisions": {"upLast7days": 0, "upLast30days": 0, "downLast30days": 0, "downLast90days": {}}}, {"maxAge": 1, "period": "+1y", "endDate": null, "growth": {}, "earningsEstimate": {"avg": 0.0, "low": 0.0, "high": 0.0, "yearAgoEps": {}, "numberOfAnalysts": 0, "growth": {}}, "revenueEstimate": {"avg": 0, "low": 0, "high": 0, "numberOfAnalysts": 0, "yearAgoRevenue": {}, "growth": {}}, "epsTrend": {"current": 0.0, "7daysAgo": 0.0, "30daysAgo": 0.0, "60daysAgo": 0.0, "90daysAgo": 0.0}, "epsRevisions": {"upLast7days": 0, "upLast30days": 0, "downLast30days": 0, "downLast90days": {}}}, {"maxAge": 1, "period": "+5y", "endDate": null, "growth": 0.47, "earningsEstimate": {"avg": {}, "low": {}, "high": {}, "yearAgoEps": {}, "numberOfAnalysts": {}, "growth": {}}, "revenueEstimate": {"avg": {}, "low": {}, "high": {}, "numberOfAnalysts": {}, "yearAgoRevenue": {}, "growth": {}}, "epsTrend": {"current": {}, "7daysAgo": {}, "30daysAgo": {}, "60daysAgo": {}, "90daysAgo": {}}, "epsRevisions": {"upLast7days": {}, "upLast30days": {}, "downLast30days": {}, "downLast90days": {}}}, {"maxAge": 1, "period": "-5y", "endDate": null, "growth": {}, "earningsEstimate": {"avg": {}, "low": {}, "high": {}, "yearAgoEps": {}, "numberOfAnalysts": {}, "growth": {}}, "revenueEstimate": {"avg": {}, "low": {}, "high": {}, "numberOfAnalysts": {}, "yearAgoRevenue": {}, "growth": {}}, "epsTrend": {"current": {}, "7daysAgo": {}, "30daysAgo": {}, "60daysAgo": {}, "90daysAgo": {}}, "epsRevisions": {"upLast7days": {}, "upLast30days": {}, "downLast30days": {}, "downLast90days": {}}}], "maxAge": 1}, "financialData": {"maxAge": 86400, "currentPrice": 43235.9, "targetHighPrice": 24000.0, "targetLowPrice": 24000.0, "targetMeanPrice": 24000.0, "targetMedianPrice": 24000.0, "recommendationKey": "none", "numberOfAnalystOpinions": 1, "grossProfits": 16348700000, "financialCurrency": "INR"}}}