{"HONAUT.NS": {"assetProfile": {"address1": "56 & 57, Hadapsar Industrial Estate", "city": "Pune", "zip": "411013", "country": "India", "phone": "91 20 7114 8888", "website": "http://www.honeywell.com/en-us/global/en-in/hail", "industry": "Specialty Industrial Machinery", "sector": "Industrials", "longBusinessSummary": "Honeywell Automation India Limited provides integrated automation and control systems in India and internationally. The company manufactures electronic systems and components; and trades in, repairs, and maintains machinery, equipment, and supplies. It also provides building management systems, fire detection and alarm systems, access control systems, video surveillance systems, and integrated security and building management systems, as well as aftermarket services for various control systems; and utilities' operations and maintenance services for mechanical and electrical systems in buildings. In addition, the company offers project engineering and software development services; engineering, sourcing, manufacturing, testing, project management, and systems design services; lifecycle and technology migration services; and industrial cyber security services. Further, it engages in the sensing and internet of things activities. The company was incorporated in 1984 and is based in Pune, India. Honeywell Automation India Limited is a subsidiary of HAIL Mauritius Limited.", "fullTimeEmployees": 3310, "companyOfficers": [{"maxAge": 1, "name": "Mr. Ashish Madhukar Gaikwad", "age": 51, "title": "MD, Head of Process Solutions & Exec. Director", "yearBorn": 1969, "fiscalYear": 2020, "totalPay": 26125000, "exercisedValue": 0, "unexercisedValue": 0}, {"maxAge": 1, "name": "Mr. Amit Kumar Tantia", "title": "Chief Financial Officer", "fiscalYear": 2020, "totalPay": 13127000, "exercisedValue": 0, "unexercisedValue": 0}, {"maxAge": 1, "name": "Ms. Farah  Irani", "title": "Compliance Officer & Company Sec.", "fiscalYear": 2020, "totalPay": 2372000, "exercisedValue": 0, "unexercisedValue": 0}, {"maxAge": 1, "name": "Mr. Amit  Pandey", "title": "Head of Legal", "exercisedValue": 0, "unexercisedValue": 0}, {"maxAge": 1, "name": "Mr. Mahesh  Joshi", "title": "Head of HR", "exercisedValue": 0, "unexercisedValue": 0}, {"maxAge": 1, "name": "Mr. Ritwij  Kulkarni", "title": "Head of Building Solutions", "exercisedValue": 0, "unexercisedValue": 0}, {"maxAge": 1, "name": "Mr. K. L. Shashikant", "age": 51, "title": "Commercial Head of Environmental & Energy Solutions", "yearBorn": 1969, "exercisedValue": 0, "unexercisedValue": 0}, {"maxAge": 1, "name": "Mr. Nikhil  Thakkar", "title": "Head of Audit & Internal Controls", "exercisedValue": 0, "unexercisedValue": 0}, {"maxAge": 1, "name": "Mr. Gajanan  Lahane", "title": "Head of Global Manufacturing", "exercisedValue": 0, "unexercisedValue": 0}, {"maxAge": 1, "name": "Mr. Rahul  Sharma", "title": "Head of Global Services", "exercisedValue": 0, "unexercisedValue": 0}], "compensationAsOfEpochDate": "2020-12-31 05:30:00", "maxAge": 86400}, "recommendationTrend": {"trend": [{"period": "0m", "strongBuy": 0, "buy": 0, "hold": 0, "sell": 0, "strongSell": 0}, {"period": "-1m", "strongBuy": 1, "buy": 0, "hold": 0, "sell": 0, "strongSell": 0}, {"period": "-2m", "strongBuy": 1, "buy": 0, "hold": 0, "sell": 0, "strongSell": 0}, {"period": "-3m", "strongBuy": 1, "buy": 0, "hold": 0, "sell": 0, "strongSell": 0}], "maxAge": 86400}, "cashflowStatementHistory": {"cashflowStatements": [{"maxAge": 1, "endDate": "2020-03-31", "netIncome": 4914800000, "depreciation": 405500000, "changeToNetincome": -1059500000, "changeToAccountReceivables": -1442000000, "changeToLiabilities": 49800000, "changeToInventory": -158300000, "changeToOperatingActivities": 589100000, "totalCashFromOperatingActivities": 3299700000, "capitalExpenditures": -593200000, "investments": -2410900000, "otherCashflowsFromInvestingActivities": 736000000, "totalCashflowsFromInvestingActivities": -2265700000, "dividendsPaid": -396900000, "netBorrowings": -216700000, "otherCashflowsFromFinancingActivities": -81800000, "totalCashFromFinancingActivities": -695400000, "effectOfExchangeRate": 144300000, "changeInCash": 482900000}, {"maxAge": 1, "endDate": "2019-03-31", "netIncome": 3588400000, "depreciation": 158100000, "changeToNetincome": -961600000, "changeToAccountReceivables": -419300000, "changeToLiabilities": 603500000, "changeToInventory": -252900000, "changeToOperatingActivities": 400700000, "totalCashFromOperatingActivities": 3117700000, "capitalExpenditures": -237000000, "investments": -4684100000, "otherCashflowsFromInvestingActivities": 458000000, "totalCashflowsFromInvestingActivities": -4458200000, "dividendsPaid": -282600000, "netBorrowings": -216700000, "otherCashflowsFromFinancingActivities": -58200000, "totalCashFromFinancingActivities": -340800000, "effectOfExchangeRate": 26500000, "changeInCash": -1654800000}, {"maxAge": 1, "endDate": "2018-03-31", "netIncome": 2497300000, "depreciation": 150600000, "changeToNetincome": -533000000, "changeToAccountReceivables": -1851000000, "changeToLiabilities": 2097900000, "changeToInventory": 171400000, "changeToOperatingActivities": 94300000, "totalCashFromOperatingActivities": 2628900000, "capitalExpenditures": -192800000, "investments": -1744900000, "otherCashflowsFromInvestingActivities": 190400000, "totalCashflowsFromInvestingActivities": -1742100000, "dividendsPaid": -88300000, "netBorrowings": -216700000, "otherCashflowsFromFinancingActivities": -18000000, "totalCashFromFinancingActivities": -106300000, "effectOfExchangeRate": 19200000, "changeInCash": 799700000}, {"maxAge": 1, "endDate": "2017-03-31", "netIncome": 1694500000, "depreciation": 161100000, "changeToNetincome": -217200000, "changeToAccountReceivables": 332000000, "changeToLiabilities": 153500000, "changeToInventory": 37400000, "changeToOperatingActivities": -11800000, "totalCashFromOperatingActivities": 2151900000, "capitalExpenditures": -128000000, "investments": -874200000, "otherCashflowsFromInvestingActivities": 152800000, "totalCashflowsFromInvestingActivities": -846000000, "dividendsPaid": -88400000, "netBorrowings": -216700000, "otherCashflowsFromFinancingActivities": -18000000, "totalCashFromFinancingActivities": -106400000, "effectOfExchangeRate": -4800000, "changeInCash": 1194700000}], "maxAge": 86400}, "indexTrend": {"maxAge": 1, "symbol": "SP5", "peRatio": 19.7411, "pegRatio": 1.34172, "estimates": [{"period": "0q", "growth": 0.549}, {"period": "+1q", "growth": 0.431}, {"period": "0y", "growth": 0.305}, {"period": "+1y", "growth": 0.109}, {"period": "+5y", "growth": 0.120865}, {"period": "-5y"}]}, "defaultKeyStatistics": {"maxAge": 1, "priceHint": 2, "enterpriseValue": 362103078912, "profitMargins": 0.15195, "floatShares": 2160067, "sharesOutstanding": 8841520, "heldPercentInsiders": 0.75158995, "heldPercentInstitutions": 0.12349, "beta": 0.389218, "category": null, "bookValue": 2607.255, "priceToBook": 16.53653, "fundFamily": null, "legalType": null, "lastFiscalYearEnd": "2020-03-31 05:30:00", "nextFiscalYearEnd": "2022-03-31 05:30:00", "mostRecentQuarter": "2020-12-31 05:30:00", "earningsQuarterlyGrowth": 0.036, "netIncomeToCommon": 4671600128, "trailingEps": 528.377, "forwardEps": 270.4, "lastSplitFactor": null, "enterpriseToRevenue": 11.778, "enterpriseToEbitda": 64.215}, "industryTrend": {"maxAge": 1, "symbol": null, "estimates": []}, "quoteType": {"exchange": "NSI", "quoteType": "EQUITY", "symbol": "HONAUT.NS", "underlyingSymbol": "HONAUT.NS", "shortName": "HONEYWELL AUTO IND", "longName": "Honeywell Automation India Limited", "firstTradeDateEpochUtc": "2002-07-01 09:15:00", "timeZoneFullName": "Asia/Kolkata", "timeZoneShortName": "IST", "uuid": "574eaf04-1a2f-3f4c-af89-94f99629c0bd", "gmtOffSetMilliseconds": 19800000, "maxAge": 1}, "incomeStatementHistory": {"incomeStatementHistory": [{"maxAge": 1, "endDate": "2020-03-31", "totalRevenue": 32900100000, "costOfRevenue": 16551400000, "grossProfit": 16348700000, "researchDevelopment": {}, "sellingGeneralAdministrative": 5622300000, "nonRecurring": {}, "otherOperatingExpenses": 4291900000, "totalOperatingExpenses": 26939800000, "operatingIncome": 5960300000, "totalOtherIncomeExpenseNet": 905200000, "ebit": 5960300000, "interestExpense": -68700000, "incomeBeforeTax": 6865500000, "incomeTaxExpense": 1950700000, "minorityInterest": {}, "netIncomeFromContinuingOps": 4914800000, "discontinuedOperations": {}, "extraordinaryItems": {}, "effectOfAccountingCharges": {}, "otherItems": {}, "netIncome": 4914800000, "netIncomeApplicableToCommonShares": 4914800000}, {"maxAge": 1, "endDate": "2019-03-31", "totalRevenue": 31747400000, "costOfRevenue": 16599600000, "grossProfit": 15147800000, "researchDevelopment": {}, "sellingGeneralAdministrative": 5633600000, "nonRecurring": {}, "otherOperatingExpenses": 4194900000, "totalOperatingExpenses": 26872400000, "operatingIncome": 4875000000, "totalOtherIncomeExpenseNet": 673900000, "ebit": 4875000000, "interestExpense": -34800000, "incomeBeforeTax": 5548900000, "incomeTaxExpense": 1960500000, "minorityInterest": {}, "netIncomeFromContinuingOps": 3588400000, "discontinuedOperations": {}, "extraordinaryItems": {}, "effectOfAccountingCharges": {}, "otherItems": {}, "netIncome": 3588400000, "netIncomeApplicableToCommonShares": 3588400000}, {"maxAge": 1, "endDate": "2018-03-31", "totalRevenue": 26899800000, "costOfRevenue": 14110500000, "grossProfit": 12789300000, "researchDevelopment": {}, "sellingGeneralAdministrative": 4809000000, "nonRecurring": {}, "otherOperatingExpenses": 4196700000, "totalOperatingExpenses": 23328500000, "operatingIncome": 3571300000, "totalOtherIncomeExpenseNet": 241000000, "ebit": 3571300000, "interestExpense": -2800000, "incomeBeforeTax": 3812300000, "incomeTaxExpense": 1315000000, "minorityInterest": {}, "netIncomeFromContinuingOps": 2497300000, "discontinuedOperations": {}, "extraordinaryItems": {}, "effectOfAccountingCharges": {}, "otherItems": {}, "netIncome": 2497300000, "netIncomeApplicableToCommonShares": 2497300000}, {"maxAge": 1, "endDate": "2017-03-31", "totalRevenue": 24100700000, "costOfRevenue": 13095700000, "grossProfit": 11005000000, "researchDevelopment": {}, "sellingGeneralAdministrative": 4364500000, "nonRecurring": {}, "otherOperatingExpenses": 3606900000, "totalOperatingExpenses": 21296000000, "operatingIncome": 2804700000, "totalOtherIncomeExpenseNet": 268400000, "ebit": 2804700000, "interestExpense": -2600000, "incomeBeforeTax": 3073100000, "incomeTaxExpense": 1378600000, "minorityInterest": {}, "netIncomeFromContinuingOps": 1694500000, "discontinuedOperations": {}, "extraordinaryItems": {}, "effectOfAccountingCharges": {}, "otherItems": {}, "netIncome": 1694500000, "netIncomeApplicableToCommonShares": 1694500000}], "maxAge": 86400}, "fundOwnership": {"ownershipList": [{"maxAge": 1, "reportDate": "2021-01-31", "organization": "DFA Emerging Markets Small Cap Series", "pctHeld": 0.0011999999, "position": 10359, "value": 403842507}, {"maxAge": 1, "reportDate": "2021-01-31", "organization": "DFA Emerging Markets Core Equity Portfolio", "pctHeld": 0.00090000004, "position": 8196, "value": 319518601}, {"maxAge": 1, "reportDate": "2021-01-31", "organization": "DFA Emerging Markets Series", "pctHeld": 0.0001, "position": 1023, "value": 39881348}, {"maxAge": 1, "reportDate": "2021-03-31", "organization": "SPDR Portfolio Emerging Markets ETF", "pctHeld": 0.0001, "position": 889, "value": 42209586}, {"maxAge": 1, "reportDate": "2021-01-31", "organization": "DFA Emerging Markets Sustainability Core 1 Portfolio", "pctHeld": 0.0001, "position": 654, "value": 25495993}, {"maxAge": 1, "reportDate": "2021-01-31", "organization": "DFA T.A. World Ex U.S. Core Equity Portfolio", "pctHeld": 0.0001, "position": 588, "value": 22923003}, {"maxAge": 1, "reportDate": "2021-01-31", "organization": "DFA Investment Dimensions-Emerging Markets Social Core Equity", "pctHeld": 0.0001, "position": 540, "value": 21051738}], "maxAge": 1}, "summaryDetail": {"maxAge": 1, "priceHint": 2, "previousClose": 43265.6, "open": 43000.0, "dayLow": 42882.5, "dayHigh": 43690.0, "regularMarketPreviousClose": 43265.6, "regularMarketOpen": 43000.0, "regularMarketDayLow": 42882.5, "regularMarketDayHigh": 43690.0, "dividendRate": 75.0, "dividendYield": 0.0017, "exDividendDate": "2020-08-10 05:30:00", "payoutRatio": 0.1419, "fiveYearAvgDividendYield": 0.13, "beta": 0.389218, "trailingPE": 81.59884, "forwardPE": 159.44878, "volume": 1990, "regularMarketVolume": 1990, "averageVolume": 11154, "averageVolume10days": 8843, "averageDailyVolume10Day": 8843, "bid": 0.0, "ask": 0.0, "bidSize": 0, "askSize": 0, "marketCap": 379597815808, "fiftyTwoWeekLow": 24980.0, "fiftyTwoWeekHigh": 49990.0, "priceToSalesTrailing12Months": 12.347295, "fiftyDayAverage": 45985.42, "twoHundredDayAverage": 36917.44, "trailingAnnualDividendRate": 75.0, "trailingAnnualDividendYield": 0.0017334787, "currency": "INR", "fromCurrency": null, "lastMarket": null, "algorithm": null, "tradeable": false}, "insiderHolders": {"holders": [{"maxAge": 1, "name": "Hail Mauritius Ltd.", "relation": "Institution- Corporation", "url": "", "transactionDescription": "Other", "latestTransDate": "2018-09-26", "positionDirect": 6631142, "positionDirectDate": "2018-09-26"}, {"maxAge": 1, "name": "Honeywell Asia Pacific Inc", "relation": "Promoter", "url": "", "transactionDescription": "Other", "latestTransDate": "2018-09-26", "positionDirect": 0, "positionDirectDate": "2018-09-26"}, {"maxAge": 1, "name": "Reliance Capital Trustee Co Ltd. A/c Reliance Regular", "relation": "Institution- Corporation", "url": "", "transactionDescription": "Sale", "latestTransDate": "2020-08-05", "positionDirect": 358173, "positionDirectDate": "2020-08-05"}], "maxAge": 1}, "calendarEvents": {"maxAge": 1, "earnings": {"earningsDate": []}, "exDividendDate": "2020-08-10 05:30:00"}, "upgradeDowngradeHistory": {"history": [], "maxAge": 86400}, "price": {"maxAge": 1, "regularMarketChangePercent": -0.0034820351, "regularMarketChange": -150.65234, "regularMarketTime": "2021-04-30 15:29:55", "priceHint": 2, "regularMarketPrice": 43114.95, "regularMarketDayHigh": 43690.0, "regularMarketDayLow": 42882.5, "regularMarketVolume": 1990, "averageDailyVolume10Day": 8843, "averageDailyVolume3Month": 11154, "regularMarketPreviousClose": 43265.6, "regularMarketSource": "FREE_REALTIME", "regularMarketOpen": 43000.0, "exchange": "NSI", "exchangeName": "NSE", "exchangeDataDelayedBy": 15, "marketState": "CLOSED", "quoteType": "EQUITY", "symbol": "HONAUT.NS", "underlyingSymbol": null, "shortName": "HONEYWELL AUTO IND", "longName": "Honeywell Automation India Limited", "currency": "INR", "quoteSourceName": "Delayed Quote", "currencySymbol": "\u20b9", "fromCurrency": null, "lastMarket": null, "marketCap": 379597815808}, "balanceSheetHistory": {"balanceSheetStatements": [{"maxAge": 1, "endDate": "2020-03-31", "cash": 2635300000, "shortTermInvestments": 12500000000, "netReceivables": 12108800000, "inventory": 1208900000, "otherCurrentAssets": 1099700000, "totalCurrentAssets": 29566600000, "propertyPlantEquipment": 2071800000, "intangibleAssets": 400000, "otherAssets": 2936000000, "deferredLongTermAssetCharges": 568900000, "totalAssets": 34574800000, "accountsPayable": 8480200000, "otherCurrentLiab": 2393500000, "otherLiab": 460200000, "totalCurrentLiabilities": 11693200000, "totalLiab": 12792300000, "commonStock": 88400000, "retainedEarnings": 21651900000, "treasuryStock": -115500000, "capitalSurplus": 157700000, "otherStockholderEquity": -115500000, "totalStockholderEquity": 21782500000, "netTangibleAssets": 21782100000}, {"maxAge": 1, "endDate": "2019-03-31", "cash": 2152400000, "shortTermInvestments": 10090100000, "netReceivables": 10452000000, "inventory": 1050600000, "otherCurrentAssets": 1386200000, "totalCurrentAssets": 25144300000, "propertyPlantEquipment": 931600000, "intangibleAssets": 300000, "otherAssets": 2829800000, "deferredLongTermAssetCharges": 745200000, "totalAssets": 28906000000, "accountsPayable": 8310000000, "otherCurrentLiab": 2266700000, "otherLiab": 374300000, "totalCurrentLiabilities": 11057100000, "totalLiab": 11431400000, "commonStock": 88400000, "retainedEarnings": 17216800000, "treasuryStock": 11700000, "capitalSurplus": 157700000, "otherStockholderEquity": 11700000, "totalStockholderEquity": 17474600000, "netTangibleAssets": 17474300000}, {"maxAge": 1, "endDate": "2018-03-31", "cash": 3807200000, "shortTermInvestments": 5382400000, "netReceivables": 9729000000, "inventory": 797700000, "otherCurrentAssets": 986900000, "totalCurrentAssets": 20714600000, "propertyPlantEquipment": 849200000, "intangibleAssets": 1000000, "otherAssets": 2754200000, "deferredLongTermAssetCharges": 766600000, "totalAssets": 24319000000, "accountsPayable": 7707800000, "otherCurrentLiab": 1751000000, "otherLiab": 140300000, "totalCurrentLiabilities": 9991900000, "totalLiab": 10132200000, "commonStock": 88400000, "retainedEarnings": 13969500000, "treasuryStock": -28800000, "capitalSurplus": 157700000, "otherStockholderEquity": -28800000, "totalStockholderEquity": 14186800000, "netTangibleAssets": 14185800000}, {"maxAge": 1, "endDate": "2017-03-31", "cash": 4907500000, "shortTermInvestments": 1702400000, "netReceivables": 7959500000, "inventory": 969100000, "otherCurrentAssets": 916800000, "totalCurrentAssets": 16463200000, "propertyPlantEquipment": 812600000, "intangibleAssets": 2400000, "otherAssets": 2236600000, "deferredLongTermAssetCharges": 684400000, "totalAssets": 19514800000, "accountsPayable": 5724400000, "otherCurrentLiab": 1436700000, "otherLiab": 134400000, "totalCurrentLiabilities": 7577600000, "totalLiab": 7712000000, "commonStock": 88400000, "retainedEarnings": 11578600000, "treasuryStock": -21900000, "capitalSurplus": 157700000, "otherStockholderEquity": -21900000, "totalStockholderEquity": 11802800000, "netTangibleAssets": 11800400000}], "maxAge": 86400}, "earningsTrend": {"trend": [{"maxAge": 1, "period": "0q", "endDate": null, "growth": {}, "earningsEstimate": {"avg": 0.0, "low": 0.0, "high": 0.0, "yearAgoEps": {}, "numberOfAnalysts": 0, "growth": {}}, "revenueEstimate": {"avg": 0, "low": 0, "high": 0, "numberOfAnalysts": 0, "yearAgoRevenue": {}, "growth": {}}, "epsTrend": {"current": 0.0, "7daysAgo": 0.0, "30daysAgo": 0.0, "60daysAgo": 0.0, "90daysAgo": 0.0}, "epsRevisions": {"upLast7days": 0, "upLast30days": 0, "downLast30days": 0, "downLast90days": {}}}, {"maxAge": 1, "period": "+1q", "endDate": null, "growth": {}, "earningsEstimate": {"avg": 0.0, "low": 0.0, "high": 0.0, "yearAgoEps": {}, "numberOfAnalysts": 0, "growth": {}}, "revenueEstimate": {"avg": 0, "low": 0, "high": 0, "numberOfAnalysts": 0, "yearAgoRevenue": {}, "growth": {}}, "epsTrend": {"current": 0.0, "7daysAgo": 0.0, "30daysAgo": 0.0, "60daysAgo": 0.0, "90daysAgo": 0.0}, "epsRevisions": {"upLast7days": 0, "upLast30days": 0, "downLast30days": 0, "downLast90days": {}}}, {"maxAge": 1, "period": "0y", "endDate": null, "growth": {}, "earningsEstimate": {"avg": 0.0, "low": 0.0, "high": 0.0, "yearAgoEps": {}, "numberOfAnalysts": 0, "growth": {}}, "revenueEstimate": {"avg": 0, "low": 0, "high": 0, "numberOfAnalysts": 0, "yearAgoRevenue": {}, "growth": {}}, "epsTrend": {"current": 0.0, "7daysAgo": 0.0, "30daysAgo": 0.0, "60daysAgo": 0.0, "90daysAgo": 0.0}, "epsRevisions": {"upLast7days": 0, "upLast30days": 0, "downLast30days": 0, "downLast90days": {}}}, {"maxAge": 1, "period": "+1y", "endDate": null, "growth": {}, "earningsEstimate": {"avg": 0.0, "low": 0.0, "high": 0.0, "yearAgoEps": {}, "numberOfAnalysts": 0, "growth": {}}, "revenueEstimate": {"avg": 0, "low": 0, "high": 0, "numberOfAnalysts": 0, "yearAgoRevenue": {}, "growth": {}}, "epsTrend": {"current": 0.0, "7daysAgo": 0.0, "30daysAgo": 0.0, "60daysAgo": 0.0, "90daysAgo": 0.0}, "epsRevisions": {"upLast7days": 0, "upLast30days": 0, "downLast30days": 0, "downLast90days": {}}}, {"maxAge": 1, "period": "+5y", "endDate": null, "growth": {}, "earningsEstimate": {"avg": {}, "low": {}, "high": {}, "yearAgoEps": {}, "numberOfAnalysts": {}, "growth": {}}, "revenueEstimate": {"avg": {}, "low": {}, "high": {}, "numberOfAnalysts": {}, "yearAgoRevenue": {}, "growth": {}}, "epsTrend": {"current": {}, "7daysAgo": {}, "30daysAgo": {}, "60daysAgo": {}, "90daysAgo": {}}, "epsRevisions": {"upLast7days": {}, "upLast30days": {}, "downLast30days": {}, "downLast90days": {}}}, {"maxAge": 1, "period": "-5y", "endDate": null, "growth": 0.26533002, "earningsEstimate": {"avg": {}, "low": {}, "high": {}, "yearAgoEps": {}, "numberOfAnalysts": {}, "growth": {}}, "revenueEstimate": {"avg": {}, "low": {}, "high": {}, "numberOfAnalysts": {}, "yearAgoRevenue": {}, "growth": {}}, "epsTrend": {"current": {}, "7daysAgo": {}, "30daysAgo": {}, "60daysAgo": {}, "90daysAgo": {}}, "epsRevisions": {"upLast7days": {}, "upLast30days": {}, "downLast30days": {}, "downLast90days": {}}}], "maxAge": 1}, "institutionOwnership": {"ownershipList": [{"maxAge": 1, "reportDate": "2020-12-31", "organization": "Stanley-Laman Group, Ltd.", "pctHeld": 0.0002, "position": 1622, "value": 60184472}], "maxAge": 1}, "majorHoldersBreakdown": {"maxAge": 1, "insidersPercentHeld": 0.75158995, "institutionsPercentHeld": 0.12349, "institutionsFloatPercentHeld": 0.49713, "institutionsCount": 41}, "balanceSheetHistoryQuarterly": {"balanceSheetStatements": [{"maxAge": 1, "endDate": "2020-12-31", "totalStockholderEquity": 23241800000, "netTangibleAssets": 23241700000}, {"maxAge": 1, "endDate": "2020-09-30", "cash": 15705300000, "shortTermInvestments": 5439100000, "netReceivables": 7534200000, "inventory": 1029500000, "otherCurrentAssets": 1100200000, "totalCurrentAssets": 30808300000, "longTermInvestments": 302700000, "propertyPlantEquipment": 2074500000, "intangibleAssets": 100000, "otherAssets": 2692200000, "deferredLongTermAssetCharges": 589400000, "totalAssets": 35877800000, "accountsPayable": 9045700000, "otherCurrentLiab": 2411500000, "otherLiab": 464200000, "totalCurrentLiabilities": 11621200000, "totalLiab": 12636000000, "commonStock": 88400000, "treasuryStock": 23153400000, "otherStockholderEquity": 23153400000, "totalStockholderEquity": 23241800000, "netTangibleAssets": 23241700000}, {"maxAge": 1, "endDate": "2020-06-30", "totalStockholderEquity": 21782500000, "netTangibleAssets": 21782100000}, {"maxAge": 1, "endDate": "2020-03-31", "cash": 2635300000, "shortTermInvestments": 12500000000, "netReceivables": 12108800000, "inventory": 1208900000, "otherCurrentAssets": 1099700000, "totalCurrentAssets": 29566600000, "propertyPlantEquipment": 2071800000, "intangibleAssets": 400000, "otherAssets": 2936000000, "deferredLongTermAssetCharges": 568900000, "totalAssets": 34574800000, "accountsPayable": 8480200000, "otherCurrentLiab": 2393500000, "otherLiab": 460200000, "totalCurrentLiabilities": 11693200000, "totalLiab": 12792300000, "commonStock": 88400000, "retainedEarnings": 21651900000, "treasuryStock": -115500000, "capitalSurplus": 157700000, "otherStockholderEquity": -115500000, "totalStockholderEquity": 21782500000, "netTangibleAssets": 21782100000}], "maxAge": 86400}, "earningsHistory": {"history": [{"maxAge": 1, "epsActual": {}, "epsEstimate": {}, "epsDifference": {}, "surprisePercent": {}, "quarter": {}, "period": "-4q"}, {"maxAge": 1, "epsActual": {}, "epsEstimate": {}, "epsDifference": {}, "surprisePercent": {}, "quarter": {}, "period": "-3q"}, {"maxAge": 1, "epsActual": {}, "epsEstimate": {}, "epsDifference": {}, "surprisePercent": {}, "quarter": {}, "period": "-2q"}, {"maxAge": 1, "epsActual": {}, "epsEstimate": {}, "epsDifference": {}, "surprisePercent": {}, "quarter": {}, "period": "-1q"}], "maxAge": 86400}, "summaryProfile": {"address1": "56 & 57, Hadapsar Industrial Estate", "city": "Pune", "zip": "411013", "country": "India", "phone": "91 20 7114 8888", "website": "http://www.honeywell.com/en-us/global/en-in/hail", "industry": "Specialty Industrial Machinery", "sector": "Industrials", "longBusinessSummary": "Honeywell Automation India Limited provides integrated automation and control systems in India and internationally. The company manufactures electronic systems and components; and trades in, repairs, and maintains machinery, equipment, and supplies. It also provides building management systems, fire detection and alarm systems, access control systems, video surveillance systems, and integrated security and building management systems, as well as aftermarket services for various control systems; and utilities' operations and maintenance services for mechanical and electrical systems in buildings. In addition, the company offers project engineering and software development services; engineering, sourcing, manufacturing, testing, project management, and systems design services; lifecycle and technology migration services; and industrial cyber security services. Further, it engages in the sensing and internet of things activities. The company was incorporated in 1984 and is based in Pune, India. Honeywell Automation India Limited is a subsidiary of HAIL Mauritius Limited.", "fullTimeEmployees": 3310, "companyOfficers": [], "maxAge": 86400}, "netSharePurchaseActivity": {"maxAge": 1, "period": "6m", "buyInfoCount": 0, "buyInfoShares": 0, "sellInfoCount": 0, "netInfoCount": 0, "netInfoShares": 0, "netPercentInsiderShares": 0.0, "totalInsiderShares": 6645184}, "insiderTransactions": {"transactions": [{"maxAge": 1, "shares": 1239, "filerUrl": "", "transactionText": "", "filerName": "Reliance Capital Trustee Co Ltd. A/c Reliance Regular", "filerRelation": "Institution- Corporation", "moneyText": "", "startDate": "2020-08-05", "ownership": "D"}, {"maxAge": 1, "shares": 6631142, "filerUrl": "", "transactionText": "", "filerName": "Hail Mauritius Ltd.", "filerRelation": "Institution- Corporation", "moneyText": "", "startDate": "2018-09-26", "ownership": "D"}, {"maxAge": 1, "shares": 6631142, "filerUrl": "", "transactionText": "", "filerName": "Honeywell Asia Pacific Inc", "filerRelation": "Promoter", "moneyText": "", "startDate": "2018-09-26", "ownership": "D"}], "maxAge": 1}, "sectorTrend": {"maxAge": 1, "symbol": null, "estimates": []}, "incomeStatementHistoryQuarterly": {"incomeStatementHistory": [{"maxAge": 1, "endDate": "2020-12-31", "totalRevenue": 8741600000, "costOfRevenue": 4607600000, "grossProfit": 4134000000, "researchDevelopment": {}, "sellingGeneralAdministrative": 1293800000, "nonRecurring": {}, "otherOperatingExpenses": 964700000, "totalOperatingExpenses": 6992800000, "operatingIncome": 1748800000, "totalOtherIncomeExpenseNet": 271300000, "ebit": 1748800000, "interestExpense": -13200000, "incomeBeforeTax": 2020100000, "incomeTaxExpense": 521200000, "minorityInterest": {}, "netIncomeFromContinuingOps": 1498900000, "discontinuedOperations": {}, "extraordinaryItems": {}, "effectOfAccountingCharges": {}, "otherItems": {}, "netIncome": 1498900000, "netIncomeApplicableToCommonShares": 1498900000}, {"maxAge": 1, "endDate": "2020-09-30", "totalRevenue": 7596900000, "costOfRevenue": 3769400000, "grossProfit": 3827500000, "researchDevelopment": {}, "sellingGeneralAdministrative": 1359800000, "nonRecurring": {}, "otherOperatingExpenses": 1024800000, "totalOperatingExpenses": 6268000000, "operatingIncome": 1328900000, "totalOtherIncomeExpenseNet": 126000000, "ebit": 1328900000, "interestExpense": -17600000, "incomeBeforeTax": 1454900000, "incomeTaxExpense": 374400000, "minorityInterest": {}, "netIncomeFromContinuingOps": 1080500000, "discontinuedOperations": {}, "extraordinaryItems": {}, "effectOfAccountingCharges": {}, "otherItems": {}, "netIncome": 1080500000, "netIncomeApplicableToCommonShares": 1080500000}, {"maxAge": 1, "endDate": "2020-06-30", "totalRevenue": 7362300000, "costOfRevenue": 3609300000, "grossProfit": 3753000000, "researchDevelopment": {}, "sellingGeneralAdministrative": 1332500000, "nonRecurring": {}, "otherOperatingExpenses": 1141300000, "totalOperatingExpenses": 6199200000, "operatingIncome": 1163100000, "totalOtherIncomeExpenseNet": 159500000, "ebit": 1163100000, "interestExpense": -14800000, "incomeBeforeTax": 1322600000, "incomeTaxExpense": 341800000, "minorityInterest": {}, "netIncomeFromContinuingOps": 980800000, "discontinuedOperations": {}, "extraordinaryItems": {}, "effectOfAccountingCharges": {}, "otherItems": {}, "netIncome": 980800000, "netIncomeApplicableToCommonShares": 980800000}, {"maxAge": 1, "endDate": "2020-03-31", "totalRevenue": 7042600000, "costOfRevenue": 3361600000, "grossProfit": 3681000000, "researchDevelopment": {}, "sellingGeneralAdministrative": 1432300000, "nonRecurring": {}, "otherOperatingExpenses": 892200000, "totalOperatingExpenses": 5872600000, "operatingIncome": 1170000000, "totalOtherIncomeExpenseNet": 319400000, "ebit": 1170000000, "interestExpense": -15200000, "incomeBeforeTax": 1489400000, "incomeTaxExpense": 378000000, "minorityInterest": {}, "netIncomeFromContinuingOps": 1111400000, "discontinuedOperations": {}, "extraordinaryItems": {}, "effectOfAccountingCharges": {}, "otherItems": {}, "netIncome": 1111400000, "netIncomeApplicableToCommonShares": 1111400000}], "maxAge": 86400}, "cashflowStatementHistoryQuarterly": {"cashflowStatements": [{"maxAge": 1, "endDate": "2020-12-31", "netIncome": 1498900000, "changeToLiabilities": 0}, {"maxAge": 1, "endDate": "2020-09-30", "netIncome": 1080500000, "changeToLiabilities": 0}, {"maxAge": 1, "endDate": "2020-06-30", "netIncome": 980800000, "changeToLiabilities": 0}, {"maxAge": 1, "endDate": "2020-03-31", "netIncome": 1111400000, "changeToLiabilities": 0}], "maxAge": 86400}, "earnings": {"maxAge": 86400, "earningsChart": {"quarterly": [], "earningsDate": []}, "financialsChart": {"yearly": [{"date": 2017, "revenue": 24100700000, "earnings": 1694500000}, {"date": 2018, "revenue": 26899800000, "earnings": 2497300000}, {"date": 2019, "revenue": 31747400000, "earnings": 3588400000}, {"date": 2020, "revenue": 32900100000, "earnings": 4914800000}], "quarterly": [{"date": "1Q2020", "revenue": 7042600000, "earnings": 1111400000}, {"date": "2Q2020", "revenue": 7362300000, "earnings": 980800000}, {"date": "3Q2020", "revenue": 7596900000, "earnings": 1080500000}, {"date": "4Q2020", "revenue": 8741600000, "earnings": 1498900000}]}, "financialCurrency": "INR"}, "financialData": {"maxAge": 86400, "currentPrice": 43114.95, "targetHighPrice": 19200.0, "targetLowPrice": 19200.0, "targetMeanPrice": 19200.0, "targetMedianPrice": 19200.0, "recommendationMean": 1.0, "recommendationKey": "strong_buy", "numberOfAnalystOpinions": 1, "totalCash": 21144399872, "totalCashPerShare": 2391.494, "ebitda": 5638900224, "totalDebt": 714600000, "totalRevenue": 30743400448, "debtToEquity": 3.075, "revenuePerShare": 3477.202, "grossProfits": 16348700000, "earningsGrowth": 0.036, "revenueGrowth": -0.03, "grossMargins": 0.50077, "ebitdaMargins": 0.18341999, "operatingMargins": 0.176, "profitMargins": 0.15195, "financialCurrency": "INR"}}}