{"HONDAPOWER.BO": {"recommendationTrend": {"trend": [{"period": "0m", "strongBuy": 0, "buy": 0, "hold": 0, "sell": 0, "strongSell": 0}, {"period": "-1m", "strongBuy": 0, "buy": 0, "hold": 0, "sell": 0, "strongSell": 0}, {"period": "-2m", "strongBuy": 0, "buy": 0, "hold": 0, "sell": 0, "strongSell": 0}, {"period": "-3m", "strongBuy": 0, "buy": 0, "hold": 0, "sell": 0, "strongSell": 0}], "maxAge": 86400}, "cashflowStatementHistory": {"cashflowStatements": [{"maxAge": 1, "endDate": "2020-03-31", "netIncome": 665200000, "depreciation": 211300000, "changeToNetincome": -192500000, "changeToAccountReceivables": 137300000, "changeToLiabilities": 31200000, "changeToInventory": -1000100000, "changeToOperatingActivities": -38100000, "totalCashFromOperatingActivities": -176200000, "capitalExpenditures": -221700000, "investments": 531300000, "otherCashflowsFromInvestingActivities": 155700000, "totalCashflowsFromInvestingActivities": 472400000, "dividendsPaid": -101400000, "netBorrowings": -5900000, "otherCashflowsFromFinancingActivities": -23800000, "totalCashFromFinancingActivities": -131100000, "effectOfExchangeRate": 1600000, "changeInCash": 166700000}, {"maxAge": 1, "endDate": "2019-03-31", "netIncome": 541500000, "depreciation": 198100000, "changeToNetincome": -209100000, "changeToAccountReceivables": -12200000, "changeToLiabilities": 185400000, "changeToInventory": -214500000, "changeToOperatingActivities": -296500000, "totalCashFromOperatingActivities": 205900000, "capitalExpenditures": -182000000, "investments": 1471600000, "otherCashflowsFromInvestingActivities": -1421500000, "totalCashflowsFromInvestingActivities": -126300000, "dividendsPaid": -91300000, "netBorrowings": -5900000, "otherCashflowsFromFinancingActivities": -20000000, "totalCashFromFinancingActivities": -111300000, "effectOfExchangeRate": -300000, "changeInCash": -32000000}, {"maxAge": 1, "endDate": "2018-03-31", "netIncome": 614100000, "depreciation": 213200000, "changeToNetincome": -186300000, "changeToAccountReceivables": -380100000, "changeToLiabilities": 50900000, "changeToInventory": 301900000, "changeToOperatingActivities": -75600000, "totalCashFromOperatingActivities": 550000000, "capitalExpenditures": -139700000, "investments": -589300000, "otherCashflowsFromInvestingActivities": 89300000, "totalCashflowsFromInvestingActivities": -653800000, "dividendsPaid": -76100000, "netBorrowings": -5900000, "otherCashflowsFromFinancingActivities": -17900000, "totalCashFromFinancingActivities": -94000000, "effectOfExchangeRate": -1000000, "changeInCash": -198800000}, {"maxAge": 1, "endDate": "2017-03-31", "netIncome": 577800000, "depreciation": 223400000, "changeToNetincome": -212200000, "changeToAccountReceivables": 52400000, "changeToLiabilities": 119900000, "changeToInventory": -243400000, "changeToOperatingActivities": -130200000, "totalCashFromOperatingActivities": 398800000, "capitalExpenditures": -134800000, "investments": -95100000, "otherCashflowsFromInvestingActivities": 114700000, "totalCashflowsFromInvestingActivities": -133800000, "dividendsPaid": -60900000, "netBorrowings": -5900000, "otherCashflowsFromFinancingActivities": -16400000, "totalCashFromFinancingActivities": -77300000, "effectOfExchangeRate": -4900000, "changeInCash": 182800000}], "maxAge": 86400}, "institutionOwnership": {"ownershipList": [], "maxAge": 1}, "balanceSheetHistoryQuarterly": {"balanceSheetStatements": [{"maxAge": 1, "endDate": "2020-06-30", "totalStockholderEquity": 5696100000, "netTangibleAssets": 5688800000}, {"maxAge": 1, "endDate": "2020-03-31", "cash": 346300000, "shortTermInvestments": 4600000, "netReceivables": 3060300000, "inventory": 2115900000, "otherCurrentAssets": 21500000, "totalCurrentAssets": 5563500000, "longTermInvestments": 500000, "propertyPlantEquipment": 987700000, "intangibleAssets": 7300000, "otherAssets": 594000000, "deferredLongTermAssetCharges": 53100000, "totalAssets": 7153000000, "accountsPayable": 873900000, "otherCurrentLiab": 194200000, "otherLiab": 3900000, "totalCurrentLiabilities": 1441300000, "totalLiab": 1456900000, "commonStock": 101400000, "retainedEarnings": 5555100000, "capitalSurplus": 39600000, "totalStockholderEquity": 5696100000, "netTangibleAssets": 5688800000}, {"maxAge": 1, "endDate": "2019-12-31", "totalStockholderEquity": 5491400000, "netTangibleAssets": 5478700000}, {"maxAge": 1, "endDate": "2019-09-30", "cash": 259000000, "netReceivables": 1949200000, "inventory": 2012400000, "otherCurrentAssets": 1254700000, "totalCurrentAssets": 5475300000, "longTermInvestments": 600000, "propertyPlantEquipment": 945800000, "intangibleAssets": 12700000, "otherAssets": 549400000, "deferredLongTermAssetCharges": 37800000, "totalAssets": 6983800000, "accountsPayable": 919200000, "otherCurrentLiab": 552300000, "otherLiab": 5500000, "totalCurrentLiabilities": 1471500000, "totalLiab": 1492400000, "commonStock": 101400000, "treasuryStock": 5390000000, "otherStockholderEquity": 5390000000, "totalStockholderEquity": 5491400000, "netTangibleAssets": 5478700000}], "maxAge": 86400}, "earningsHistory": {"history": [{"maxAge": 1, "epsActual": 19.43, "epsEstimate": 13.58, "epsDifference": 5.85, "surprisePercent": 0.431, "quarter": "2017-12-31", "period": "-4q"}, {"maxAge": 1, "epsActual": 13.73, "epsEstimate": 21.13, "epsDifference": -7.4, "surprisePercent": -0.35, "quarter": "2018-03-31", "period": "-3q"}, {"maxAge": 1, "epsActual": 16.37, "epsEstimate": 14.57, "epsDifference": 1.8, "surprisePercent": 0.124, "quarter": "2018-06-30", "period": "-2q"}, {"maxAge": 1, "epsActual": 13.19, "epsEstimate": 14.23, "epsDifference": -1.04, "surprisePercent": -0.073, "quarter": "2018-09-30", "period": "-1q"}], "maxAge": 86400}, "indexTrend": {"maxAge": 1, "symbol": "SP5", "peRatio": 19.7411, "pegRatio": 1.34172, "estimates": [{"period": "0q", "growth": 0.549}, {"period": "+1q", "growth": 0.431}, {"period": "0y", "growth": 0.305}, {"period": "+1y", "growth": 0.109}, {"period": "+5y", "growth": 0.120865}, {"period": "-5y"}]}, "industryTrend": {"maxAge": 1, "symbol": null, "estimates": []}, "quoteType": {"exchange": "BSE", "quoteType": "EQUITY", "symbol": "HONDAPOWER.BO", "underlyingSymbol": "HONDAPOWER.BO", "shortName": "HONDA INDIA POWER PRODUCTS LIM", "longName": "Honda India Power Products Limited", "firstTradeDateEpochUtc": "2000-01-03 09:15:00", "timeZoneFullName": "Asia/Kolkata", "timeZoneShortName": "IST", "uuid": "cdae2d57-ec06-39d7-b3b7-82ac271410e1", "gmtOffSetMilliseconds": 19800000, "maxAge": 1}, "incomeStatementHistory": {"incomeStatementHistory": [{"maxAge": 1, "endDate": "2020-03-31", "totalRevenue": 8486400000, "costOfRevenue": 5062800000, "grossProfit": 3423600000, "researchDevelopment": {}, "sellingGeneralAdministrative": 1222400000, "nonRecurring": {}, "otherOperatingExpenses": 1265700000, "totalOperatingExpenses": 7771700000, "operatingIncome": 714700000, "totalOtherIncomeExpenseNet": 189600000, "ebit": 714700000, "interestExpense": -3000000, "incomeBeforeTax": 904300000, "incomeTaxExpense": 239100000, "minorityInterest": {}, "netIncomeFromContinuingOps": 665200000, "discontinuedOperations": {}, "extraordinaryItems": {}, "effectOfAccountingCharges": {}, "otherItems": {}, "netIncome": 665200000, "netIncomeApplicableToCommonShares": 665200000}, {"maxAge": 1, "endDate": "2019-03-31", "totalRevenue": 8158800000, "costOfRevenue": 5039700000, "grossProfit": 3119100000, "researchDevelopment": {}, "sellingGeneralAdministrative": 1051100000, "nonRecurring": {}, "otherOperatingExpenses": 1159600000, "totalOperatingExpenses": 7461600000, "operatingIncome": 697200000, "totalOtherIncomeExpenseNet": 135900000, "ebit": 697200000, "interestExpense": -1200000, "incomeBeforeTax": 833100000, "incomeTaxExpense": 291600000, "minorityInterest": {}, "netIncomeFromContinuingOps": 541500000, "discontinuedOperations": {}, "extraordinaryItems": {}, "effectOfAccountingCharges": {}, "otherItems": {}, "netIncome": 541500000, "netIncomeApplicableToCommonShares": 541500000}, {"maxAge": 1, "endDate": "2018-03-31", "totalRevenue": 7678000000, "costOfRevenue": 4583900000, "grossProfit": 3094100000, "researchDevelopment": {}, "sellingGeneralAdministrative": 941500000, "nonRecurring": {}, "otherOperatingExpenses": 1111000000, "totalOperatingExpenses": 6860900000, "operatingIncome": 817100000, "totalOtherIncomeExpenseNet": 126300000, "ebit": 817100000, "interestExpense": -2400000, "incomeBeforeTax": 943400000, "incomeTaxExpense": 329300000, "minorityInterest": {}, "netIncomeFromContinuingOps": 614100000, "discontinuedOperations": {}, "extraordinaryItems": {}, "effectOfAccountingCharges": {}, "otherItems": {}, "netIncome": 614100000, "netIncomeApplicableToCommonShares": 614100000}, {"maxAge": 1, "endDate": "2017-03-31", "totalRevenue": 7017800000, "costOfRevenue": 4187900000, "grossProfit": 2829900000, "researchDevelopment": {}, "sellingGeneralAdministrative": 810700000, "nonRecurring": {}, "otherOperatingExpenses": 1027500000, "totalOperatingExpenses": 6260600000, "operatingIncome": 757200000, "totalOtherIncomeExpenseNet": 123900000, "ebit": 757200000, "interestExpense": -4000000, "incomeBeforeTax": 881100000, "incomeTaxExpense": 303300000, "minorityInterest": {}, "netIncomeFromContinuingOps": 577800000, "discontinuedOperations": {}, "extraordinaryItems": {}, "effectOfAccountingCharges": {}, "otherItems": {}, "netIncome": 577800000, "netIncomeApplicableToCommonShares": 577800000}], "maxAge": 86400}, "fundOwnership": {"ownershipList": [{"maxAge": 1, "reportDate": "2020-07-31", "organization": "DFA Emerging Markets Small Cap Series", "pctHeld": 0.0017, "position": 16776, "value": 16997443}, {"maxAge": 1, "reportDate": "2020-07-31", "organization": "DFA Emerging Markets Core Equity Portfolio", "pctHeld": 0.00090000004, "position": 9298, "value": 9420733}, {"maxAge": 1, "reportDate": "2020-07-31", "organization": "DFA Investment Dimensions-Emerging Markets Social Core Equity", "pctHeld": 0.0001, "position": 1167, "value": 1182404}, {"maxAge": 1, "reportDate": "2020-07-31", "organization": "DFA Investment Dimensions-DFA World Ex U.S. Targeted Value Port", "pctHeld": 0.0001, "position": 598, "value": 605893}, {"maxAge": 1, "reportDate": "2020-07-31", "organization": "DFA Investment Dimensions-World Ex U.S. Core Equity Port", "pctHeld": 0.0001, "position": 538, "value": 545101}], "maxAge": 1}, "summaryDetail": {"maxAge": 1, "priceHint": 2, "previousClose": 1000.5, "open": 991.4, "dayLow": 977.15, "dayHigh": 1020.0, "regularMarketPreviousClose": 1000.5, "regularMarketOpen": 991.4, "regularMarketDayLow": 977.15, "regularMarketDayHigh": 1020.0, "trailingPE": 24.37209, "forwardPE": 15.078746, "volume": 928, "regularMarketVolume": 928, "averageVolume": 2379, "averageVolume10days": 479, "averageDailyVolume10Day": 479, "bid": 991.0, "ask": 1021.75, "bidSize": 0, "askSize": 0, "marketCap": 10196857856, "fiftyTwoWeekLow": 701.6, "fiftyTwoWeekHigh": 1292.0, "fiftyDayAverage": 1062.2651, "twoHundredDayAverage": 1022.6971, "trailingAnnualDividendRate": 12.5, "trailingAnnualDividendYield": 0.012493753, "currency": "INR", "fromCurrency": null, "lastMarket": null, "algorithm": null, "tradeable": false}, "sectorTrend": {"maxAge": 1, "symbol": null, "estimates": []}, "incomeStatementHistoryQuarterly": {"incomeStatementHistory": [{"maxAge": 1, "endDate": "2020-06-30", "totalRevenue": 1103100000, "costOfRevenue": 727200000, "grossProfit": 375900000, "researchDevelopment": {}, "sellingGeneralAdministrative": 261600000, "nonRecurring": {}, "otherOperatingExpenses": 187700000, "totalOperatingExpenses": 1225400000, "operatingIncome": -122300000, "totalOtherIncomeExpenseNet": 28400000, "ebit": -122300000, "interestExpense": -500000, "incomeBeforeTax": -93900000, "incomeTaxExpense": -23600000, "minorityInterest": {}, "netIncomeFromContinuingOps": -70300000, "discontinuedOperations": {}, "extraordinaryItems": {}, "effectOfAccountingCharges": {}, "otherItems": {}, "netIncome": -70300000, "netIncomeApplicableToCommonShares": -70300000}, {"maxAge": 1, "endDate": "2020-03-31", "totalRevenue": 1956700000, "costOfRevenue": 1274900000, "grossProfit": 681800000, "researchDevelopment": {}, "sellingGeneralAdministrative": 373000000, "nonRecurring": {}, "otherOperatingExpenses": 223700000, "totalOperatingExpenses": 1924700000, "operatingIncome": 32000000, "totalOtherIncomeExpenseNet": 26700000, "ebit": 32000000, "interestExpense": -600000, "incomeBeforeTax": 58700000, "incomeTaxExpense": 10200000, "minorityInterest": {}, "netIncomeFromContinuingOps": 48500000, "discontinuedOperations": {}, "extraordinaryItems": {}, "effectOfAccountingCharges": {}, "otherItems": {}, "netIncome": 48500000, "netIncomeApplicableToCommonShares": 48500000}, {"maxAge": 1, "endDate": "2019-12-31", "totalRevenue": 2377800000, "costOfRevenue": 1441900000, "grossProfit": 935900000, "researchDevelopment": {}, "sellingGeneralAdministrative": 292600000, "nonRecurring": {}, "otherOperatingExpenses": 384700000, "totalOperatingExpenses": 2172300000, "operatingIncome": 205500000, "totalOtherIncomeExpenseNet": 25100000, "ebit": 205500000, "interestExpense": -800000, "incomeBeforeTax": 230600000, "incomeTaxExpense": 59400000, "minorityInterest": {}, "netIncomeFromContinuingOps": 171200000, "discontinuedOperations": {}, "extraordinaryItems": {}, "effectOfAccountingCharges": {}, "otherItems": {}, "netIncome": 171200000, "netIncomeApplicableToCommonShares": 171200000}, {"maxAge": 1, "endDate": "2019-09-30", "totalRevenue": 2098200000, "costOfRevenue": 1170000000, "grossProfit": 928200000, "researchDevelopment": {}, "sellingGeneralAdministrative": 281000000, "nonRecurring": {}, "otherOperatingExpenses": 341200000, "totalOperatingExpenses": 1847900000, "operatingIncome": 250300000, "totalOtherIncomeExpenseNet": 93200000, "ebit": 250300000, "interestExpense": -900000, "incomeBeforeTax": 343500000, "incomeTaxExpense": 74500000, "minorityInterest": {}, "netIncomeFromContinuingOps": 269000000, "discontinuedOperations": {}, "extraordinaryItems": {}, "effectOfAccountingCharges": {}, "otherItems": {}, "netIncome": 269000000, "netIncomeApplicableToCommonShares": 269000000}], "maxAge": 86400}, "cashflowStatementHistoryQuarterly": {"cashflowStatements": [{"maxAge": 1, "endDate": "2020-06-30", "netIncome": -70300000, "changeToLiabilities": 0}, {"maxAge": 1, "endDate": "2020-03-31", "netIncome": 48500000, "changeToLiabilities": 0}, {"maxAge": 1, "endDate": "2019-12-31", "netIncome": 171200000, "changeToLiabilities": 0}, {"maxAge": 1, "endDate": "2019-09-30", "netIncome": 269000000, "changeToLiabilities": 0}], "maxAge": 86400}, "insiderHolders": {"holders": [], "maxAge": 1}, "earnings": {"maxAge": 86400, "earningsChart": {"quarterly": [{"date": "4Q2017", "actual": 19.43, "estimate": 13.58}, {"date": "1Q2018", "actual": 13.73, "estimate": 21.13}, {"date": "2Q2018", "actual": 16.37, "estimate": 14.57}, {"date": "3Q2018", "actual": 13.19, "estimate": 14.23}], "currentQuarterEstimateDate": "4Q", "currentQuarterEstimateYear": 2018, "earningsDate": []}, "financialsChart": {"yearly": [{"date": 2017, "revenue": 7017800000, "earnings": 577800000}, {"date": 2018, "revenue": 7678000000, "earnings": 614100000}, {"date": 2019, "revenue": 8158800000, "earnings": 541500000}, {"date": 2020, "revenue": 8486400000, "earnings": 665200000}], "quarterly": [{"date": "3Q2019", "revenue": 2098200000, "earnings": 269000000}, {"date": "4Q2019", "revenue": 2377800000, "earnings": 171200000}, {"date": "1Q2020", "revenue": 1956700000, "earnings": 48500000}, {"date": "2Q2020", "revenue": 1103100000, "earnings": -70300000}]}, "financialCurrency": "INR"}, "calendarEvents": {"maxAge": 1, "earnings": {"earningsDate": []}}, "upgradeDowngradeHistory": {"history": [], "maxAge": 86400}, "price": {"maxAge": 1, "regularMarketChangePercent": 0.004797589, "regularMarketChange": 4.799988, "regularMarketTime": "2021-04-30 15:27:53", "priceHint": 2, "regularMarketPrice": 1005.3, "regularMarketDayHigh": 1020.0, "regularMarketDayLow": 977.15, "regularMarketVolume": 928, "averageDailyVolume10Day": 479, "averageDailyVolume3Month": 2379, "regularMarketPreviousClose": 1000.5, "regularMarketSource": "FREE_REALTIME", "regularMarketOpen": 991.4, "exchange": "BSE", "exchangeName": "BSE", "exchangeDataDelayedBy": 0, "marketState": "CLOSED", "quoteType": "EQUITY", "symbol": "HONDAPOWER.BO", "underlyingSymbol": null, "shortName": "HONDA INDIA POWER PRODUCTS LIM", "longName": "Honda India Power Products Limited", "currency": "INR", "quoteSourceName": "Delayed Quote", "currencySymbol": "\u20b9", "fromCurrency": null, "lastMarket": null, "marketCap": 10196857856}, "balanceSheetHistory": {"balanceSheetStatements": [{"maxAge": 1, "endDate": "2020-03-31", "cash": 346300000, "shortTermInvestments": 4600000, "netReceivables": 3060300000, "inventory": 2115900000, "otherCurrentAssets": 21500000, "totalCurrentAssets": 5563500000, "longTermInvestments": 500000, "propertyPlantEquipment": 987700000, "intangibleAssets": 7300000, "otherAssets": 594000000, "deferredLongTermAssetCharges": 53100000, "totalAssets": 7153000000, "accountsPayable": 873900000, "otherCurrentLiab": 194200000, "otherLiab": 3900000, "totalCurrentLiabilities": 1441300000, "totalLiab": 1456900000, "commonStock": 101400000, "retainedEarnings": 5555100000, "capitalSurplus": 39600000, "totalStockholderEquity": 5696100000, "netTangibleAssets": 5688800000}, {"maxAge": 1, "endDate": "2019-03-31", "cash": 179600000, "shortTermInvestments": 425800000, "netReceivables": 3173600000, "inventory": 1121900000, "otherCurrentAssets": 12100000, "totalCurrentAssets": 4926600000, "longTermInvestments": 110600000, "propertyPlantEquipment": 960200000, "intangibleAssets": 19700000, "otherAssets": 537700000, "deferredLongTermAssetCharges": 36300000, "totalAssets": 6554800000, "accountsPayable": 831400000, "otherCurrentLiab": 241900000, "otherLiab": 5200000, "totalCurrentLiabilities": 1378600000, "totalLiab": 1383800000, "commonStock": 101400000, "retainedEarnings": 5030000000, "capitalSurplus": 39600000, "totalStockholderEquity": 5171000000, "netTangibleAssets": 5151300000}, {"maxAge": 1, "endDate": "2018-03-31", "cash": 211600000, "shortTermInvestments": 1702800000, "netReceivables": 1359700000, "inventory": 914800000, "otherCurrentAssets": 12000000, "totalCurrentAssets": 4214000000, "longTermInvestments": 305200000, "propertyPlantEquipment": 980300000, "intangibleAssets": 36400000, "otherAssets": 429500000, "deferredLongTermAssetCharges": 18500000, "totalAssets": 5965400000, "accountsPayable": 760700000, "otherCurrentLiab": 183200000, "otherLiab": 6700000, "totalCurrentLiabilities": 1214200000, "totalLiab": 1220900000, "commonStock": 101400000, "retainedEarnings": 4603500000, "capitalSurplus": 39600000, "totalStockholderEquity": 4744500000, "netTangibleAssets": 4708100000}, {"maxAge": 1, "endDate": "2017-03-31", "cash": 410400000, "shortTermInvestments": 1007400000, "netReceivables": 651800000, "inventory": 1215700000, "otherCurrentAssets": 124700000, "totalCurrentAssets": 3418700000, "longTermInvestments": 411300000, "propertyPlantEquipment": 1030400000, "intangibleAssets": 40200000, "otherAssets": 436000000, "deferredLongTermAssetCharges": 6300000, "totalAssets": 5336600000, "accountsPayable": 715100000, "otherCurrentLiab": 240500000, "otherLiab": 2000000, "totalCurrentLiabilities": 1109500000, "totalLiab": 1111500000, "commonStock": 101400000, "retainedEarnings": 4084100000, "capitalSurplus": 39600000, "totalStockholderEquity": 4225100000, "netTangibleAssets": 4184900000}], "maxAge": 86400}, "earningsTrend": {"trend": [{"maxAge": 1, "period": "0q", "endDate": "2018-12-31", "growth": {}, "earningsEstimate": {"avg": 0.0, "low": 0.0, "high": 0.0, "yearAgoEps": 19.43, "numberOfAnalysts": 0, "growth": {}}, "revenueEstimate": {"avg": 0, "low": 0, "high": 0, "numberOfAnalysts": 0, "yearAgoRevenue": {}, "growth": {}}, "epsTrend": {"current": 0.0, "7daysAgo": 0.0, "30daysAgo": 0.0, "60daysAgo": 0.0, "90daysAgo": 0.0}, "epsRevisions": {"upLast7days": 0, "upLast30days": 0, "downLast30days": 0, "downLast90days": {}}}, {"maxAge": 1, "period": "+1q", "endDate": "2019-03-31", "growth": {}, "earningsEstimate": {"avg": 0.0, "low": 0.0, "high": 0.0, "yearAgoEps": 13.73, "numberOfAnalysts": 0, "growth": {}}, "revenueEstimate": {"avg": 0, "low": 0, "high": 0, "numberOfAnalysts": 0, "yearAgoRevenue": {}, "growth": {}}, "epsTrend": {"current": 0.0, "7daysAgo": 0.0, "30daysAgo": 0.0, "60daysAgo": 0.0, "90daysAgo": 0.0}, "epsRevisions": {"upLast7days": 0, "upLast30days": 0, "downLast30days": 0, "downLast90days": {}}}, {"maxAge": 1, "period": "0y", "endDate": "2019-03-31", "growth": {}, "earningsEstimate": {"avg": 0.0, "low": 0.0, "high": 0.0, "yearAgoEps": {}, "numberOfAnalysts": 0, "growth": {}}, "revenueEstimate": {"avg": 8396030000, "low": 8396030000, "high": 8396030000, "numberOfAnalysts": 1, "yearAgoRevenue": 7678000000, "growth": 0.094}, "epsTrend": {"current": 0.0, "7daysAgo": 65.23, "30daysAgo": 65.23, "60daysAgo": 65.23, "90daysAgo": 65.23}, "epsRevisions": {"upLast7days": 0, "upLast30days": 0, "downLast30days": 0, "downLast90days": {}}}, {"maxAge": 1, "period": "+1y", "endDate": "2020-03-31", "growth": {}, "earningsEstimate": {"avg": 0.0, "low": 0.0, "high": 0.0, "yearAgoEps": {}, "numberOfAnalysts": 0, "growth": {}}, "revenueEstimate": {"avg": 9235630000, "low": 9235630000, "high": 9235630000, "numberOfAnalysts": 1, "yearAgoRevenue": 8396030000, "growth": 0.1}, "epsTrend": {"current": 0.0, "7daysAgo": 72.05, "30daysAgo": 72.05, "60daysAgo": 72.05, "90daysAgo": 72.05}, "epsRevisions": {"upLast7days": 0, "upLast30days": 0, "downLast30days": 0, "downLast90days": {}}}, {"maxAge": 1, "period": "+5y", "endDate": null, "growth": {}, "earningsEstimate": {"avg": {}, "low": {}, "high": {}, "yearAgoEps": {}, "numberOfAnalysts": {}, "growth": {}}, "revenueEstimate": {"avg": {}, "low": {}, "high": {}, "numberOfAnalysts": {}, "yearAgoRevenue": {}, "growth": {}}, "epsTrend": {"current": {}, "7daysAgo": {}, "30daysAgo": {}, "60daysAgo": {}, "90daysAgo": {}}, "epsRevisions": {"upLast7days": {}, "upLast30days": {}, "downLast30days": {}, "downLast90days": {}}}, {"maxAge": 1, "period": "-5y", "endDate": null, "growth": {}, "earningsEstimate": {"avg": {}, "low": {}, "high": {}, "yearAgoEps": {}, "numberOfAnalysts": {}, "growth": {}}, "revenueEstimate": {"avg": {}, "low": {}, "high": {}, "numberOfAnalysts": {}, "yearAgoRevenue": {}, "growth": {}}, "epsTrend": {"current": {}, "7daysAgo": {}, "30daysAgo": {}, "60daysAgo": {}, "90daysAgo": {}}, "epsRevisions": {"upLast7days": {}, "upLast30days": {}, "downLast30days": {}, "downLast90days": {}}}], "maxAge": 1}, "financialData": {"maxAge": 86400, "currentPrice": 1005.3, "targetHighPrice": 1008.0, "targetLowPrice": 1008.0, "targetMeanPrice": 1008.0, "targetMedianPrice": 1008.0, "recommendationKey": "none", "numberOfAnalystOpinions": 1, "grossProfits": 3423600000, "financialCurrency": "INR"}}}