{"HONDAPOWER.NS": {"assetProfile": {"address1": "Plot No.5", "address2": "Sector-41 (Kasna) Greater Noida Ind. Dev Area", "city": "Gautam Budh Nagar", "zip": "201310", "country": "India", "phone": "91 12 0259 0100", "fax": "91 12 0259 0350", "website": "http://www.hondaindiapower.com", "industry": "Specialty Industrial Machinery", "sector": "Industrials", "longBusinessSummary": "Honda India Power Products Limited manufactures and markets portable generators, water pumps, general purpose engines, lawn mowers, brush cutters, tillers, and backpack sprayers in India. It also exports its products to North America, Europe, and internationally. The company was formerly known as Honda Siel Power Products Limited and changed its name to Honda India Power Products Limited in July 2020. The company was founded in 1985 and is headquartered in Gautam Buddha Nagar, India. Honda India Power Products Limited is a subsidiary of Honda Motor Co., Ltd.", "fullTimeEmployees": 705, "companyOfficers": [{"maxAge": 1, "name": "Mr. Takahiro  Ueda", "age": 51, "title": "Pres, CEO, MD & Chairman", "yearBorn": 1969, "fiscalYear": 2020, "totalPay": 3263067, "exercisedValue": 0, "unexercisedValue": 0}, {"maxAge": 1, "name": "Mr. Vinay  Mittal", "age": 54, "title": "Sr. VP, CFO & Whole Time Director", "yearBorn": 1966, "fiscalYear": 2020, "totalPay": 14807988, "exercisedValue": 0, "unexercisedValue": 0}, {"maxAge": 1, "name": "Ms. Sunita  Ganjoo", "title": "Compliance Officer & Company Sec.", "fiscalYear": 2019, "exercisedValue": 0, "unexercisedValue": 0}, {"maxAge": 1, "name": "Mr. Tetsuo  Yamashita", "title": "Chief Inspecting Engineer", "exercisedValue": 0, "unexercisedValue": 0}, {"maxAge": 1, "name": "A.  Sekihara", "age": 61, "title": "Gen. Mang. of SEDB", "yearBorn": 1959, "exercisedValue": 0, "unexercisedValue": 0}, {"maxAge": 1, "name": "Mr. Koji  Tanaka", "age": 56, "title": "VP", "yearBorn": 1964, "fiscalYear": 2014, "exercisedValue": 0, "unexercisedValue": 0}, {"maxAge": 1, "name": "Y.  Sayama", "age": 58, "title": "VP", "yearBorn": 1962, "fiscalYear": 2014, "exercisedValue": 0, "unexercisedValue": 0}, {"maxAge": 1, "name": "Y.  Wada", "age": 56, "title": "VP", "yearBorn": 1964, "fiscalYear": 2014, "exercisedValue": 0, "unexercisedValue": 0}, {"maxAge": 1, "name": "Mr. Nitin  Jain", "title": "Assistant Gen. Mang.", "exercisedValue": 0, "unexercisedValue": 0}, {"maxAge": 1, "name": "Mr. Masaya  Matsumoto", "title": "Advisor of New Model Devel.", "exercisedValue": 0, "unexercisedValue": 0}], "compensationAsOfEpochDate": "2020-12-31 05:30:00", "maxAge": 86400}, "cashflowStatementHistory": {"cashflowStatements": [{"maxAge": 1, "endDate": "2020-03-31", "netIncome": 665200000, "depreciation": 211300000, "changeToNetincome": -192500000, "changeToAccountReceivables": 137300000, "changeToLiabilities": 31200000, "changeToInventory": -1000100000, "changeToOperatingActivities": -38100000, "totalCashFromOperatingActivities": -176200000, "capitalExpenditures": -221700000, "investments": 531300000, "otherCashflowsFromInvestingActivities": 155700000, "totalCashflowsFromInvestingActivities": 472400000, "dividendsPaid": -101400000, "netBorrowings": -5900000, "otherCashflowsFromFinancingActivities": -23800000, "totalCashFromFinancingActivities": -131100000, "effectOfExchangeRate": 1600000, "changeInCash": 166700000}, {"maxAge": 1, "endDate": "2019-03-31", "netIncome": 541500000, "depreciation": 198100000, "changeToNetincome": -209100000, "changeToAccountReceivables": -12200000, "changeToLiabilities": 185400000, "changeToInventory": -214500000, "changeToOperatingActivities": -296500000, "totalCashFromOperatingActivities": 205900000, "capitalExpenditures": -182000000, "investments": 1471600000, "otherCashflowsFromInvestingActivities": -1421500000, "totalCashflowsFromInvestingActivities": -126300000, "dividendsPaid": -91300000, "netBorrowings": -5900000, "otherCashflowsFromFinancingActivities": -20000000, "totalCashFromFinancingActivities": -111300000, "effectOfExchangeRate": -300000, "changeInCash": -32000000}, {"maxAge": 1, "endDate": "2018-03-31", "netIncome": 614100000, "depreciation": 213200000, "changeToNetincome": -186300000, "changeToAccountReceivables": -380100000, "changeToLiabilities": 50900000, "changeToInventory": 301900000, "changeToOperatingActivities": -75600000, "totalCashFromOperatingActivities": 550000000, "capitalExpenditures": -139700000, "investments": -589300000, "otherCashflowsFromInvestingActivities": 89300000, "totalCashflowsFromInvestingActivities": -653800000, "dividendsPaid": -76100000, "netBorrowings": -5900000, "otherCashflowsFromFinancingActivities": -17900000, "totalCashFromFinancingActivities": -94000000, "effectOfExchangeRate": -1000000, "changeInCash": -198800000}, {"maxAge": 1, "endDate": "2017-03-31", "netIncome": 577800000, "depreciation": 223400000, "changeToNetincome": -212200000, "changeToAccountReceivables": 52400000, "changeToLiabilities": 119900000, "changeToInventory": -243400000, "changeToOperatingActivities": -130200000, "totalCashFromOperatingActivities": 398800000, "capitalExpenditures": -134800000, "investments": -95100000, "otherCashflowsFromInvestingActivities": 114700000, "totalCashflowsFromInvestingActivities": -133800000, "dividendsPaid": -60900000, "netBorrowings": -5900000, "otherCashflowsFromFinancingActivities": -16400000, "totalCashFromFinancingActivities": -77300000, "effectOfExchangeRate": -4900000, "changeInCash": 182800000}], "maxAge": 86400}, "institutionOwnership": {"ownershipList": [], "maxAge": 1}, "majorHoldersBreakdown": {"maxAge": 1, "insidersPercentHeld": 0.67129, "institutionsPercentHeld": 0.111870006, "institutionsFloatPercentHeld": 0.34034002, "institutionsCount": 4}, "balanceSheetHistoryQuarterly": {"balanceSheetStatements": [{"maxAge": 1, "endDate": "2020-12-31", "totalStockholderEquity": 5690600000, "netTangibleAssets": 5683100000}, {"maxAge": 1, "endDate": "2020-09-30", "cash": 1230800000, "netReceivables": 2172000000, "inventory": 1942800000, "otherCurrentAssets": 759400000, "totalCurrentAssets": 6105000000, "longTermInvestments": 700000, "propertyPlantEquipment": 904900000, "intangibleAssets": 7500000, "otherAssets": 640300000, "deferredLongTermAssetCharges": 63700000, "totalAssets": 7658400000, "accountsPayable": 1337800000, "otherCurrentLiab": 619300000, "otherLiab": 2800000, "totalCurrentLiabilities": 1957900000, "totalLiab": 1967800000, "commonStock": 101400000, "treasuryStock": 5589200000, "otherStockholderEquity": 5589200000, "totalStockholderEquity": 5690600000, "netTangibleAssets": 5683100000}, {"maxAge": 1, "endDate": "2020-06-30", "totalStockholderEquity": 5696100000, "netTangibleAssets": 5688800000}, {"maxAge": 1, "endDate": "2020-03-31", "cash": 346300000, "shortTermInvestments": 4600000, "netReceivables": 3060300000, "inventory": 2115900000, "otherCurrentAssets": 21500000, "totalCurrentAssets": 5563500000, "longTermInvestments": 500000, "propertyPlantEquipment": 987700000, "intangibleAssets": 7300000, "otherAssets": 594000000, "deferredLongTermAssetCharges": 53100000, "totalAssets": 7153000000, "accountsPayable": 873900000, "otherCurrentLiab": 194200000, "otherLiab": 3900000, "totalCurrentLiabilities": 1441300000, "totalLiab": 1456900000, "commonStock": 101400000, "retainedEarnings": 5555100000, "capitalSurplus": 39600000, "totalStockholderEquity": 5696100000, "netTangibleAssets": 5688800000}], "maxAge": 86400}, "indexTrend": {"maxAge": 1, "symbol": "SP5", "peRatio": 19.7411, "pegRatio": 1.34172, "estimates": [{"period": "0q", "growth": 0.549}, {"period": "+1q", "growth": 0.431}, {"period": "0y", "growth": 0.305}, {"period": "+1y", "growth": 0.109}, {"period": "+5y", "growth": 0.120865}, {"period": "-5y"}]}, "defaultKeyStatistics": {"maxAge": 1, "priceHint": 2, "enterpriseValue": 8928168960, "profitMargins": 0.04557, "floatShares": 3100563, "sharesOutstanding": 10143100, "heldPercentInsiders": 0.67129, "heldPercentInstitutions": 0.111870006, "beta": 0.67565, "category": null, "bookValue": 561.177, "priceToBook": 1.7905223, "fundFamily": null, "legalType": null, "lastFiscalYearEnd": "2020-03-31 05:30:00", "nextFiscalYearEnd": "2022-03-31 05:30:00", "mostRecentQuarter": "2020-12-31 05:30:00", "earningsQuarterlyGrowth": 0.222, "netIncomeToCommon": 382300000, "trailingEps": 37.69, "lastSplitFactor": null, "enterpriseToRevenue": 1.064, "enterpriseToEbitda": 14.847}, "summaryProfile": {"address1": "Plot No.5", "address2": "Sector-41 (Kasna) Greater Noida Ind. Dev Area", "city": "Gautam Budh Nagar", "zip": "201310", "country": "India", "phone": "91 12 0259 0100", "fax": "91 12 0259 0350", "website": "http://www.hondaindiapower.com", "industry": "Specialty Industrial Machinery", "sector": "Industrials", "longBusinessSummary": "Honda India Power Products Limited manufactures and markets portable generators, water pumps, general purpose engines, lawn mowers, brush cutters, tillers, and backpack sprayers in India. It also exports its products to North America, Europe, and internationally. The company was formerly known as Honda Siel Power Products Limited and changed its name to Honda India Power Products Limited in July 2020. The company was founded in 1985 and is headquartered in Gautam Buddha Nagar, India. Honda India Power Products Limited is a subsidiary of Honda Motor Co., Ltd.", "fullTimeEmployees": 705, "companyOfficers": [], "maxAge": 86400}, "netSharePurchaseActivity": {"maxAge": 1, "period": "6m", "buyInfoCount": 0, "buyInfoShares": 0, "sellInfoCount": 0, "netInfoCount": 0, "netInfoShares": 0, "netPercentInsiderShares": 0.0, "totalInsiderShares": 6810565}, "quoteType": {"exchange": "NSI", "quoteType": "EQUITY", "symbol": "HONDAPOWER.NS", "underlyingSymbol": "HONDAPOWER.NS", "shortName": "HONDA INDIA POWER", "longName": "Honda India Power Products Limited", "firstTradeDateEpochUtc": "2002-07-01 09:15:00", "timeZoneFullName": "Asia/Kolkata", "timeZoneShortName": "IST", "uuid": "1545c4c7-dbdc-36bc-8c04-316b559b32cf", "gmtOffSetMilliseconds": 19800000, "maxAge": 1}, "incomeStatementHistory": {"incomeStatementHistory": [{"maxAge": 1, "endDate": "2020-03-31", "totalRevenue": 8486400000, "costOfRevenue": 5062800000, "grossProfit": 3423600000, "researchDevelopment": {}, "sellingGeneralAdministrative": 1222400000, "nonRecurring": {}, "otherOperatingExpenses": 1265700000, "totalOperatingExpenses": 7771700000, "operatingIncome": 714700000, "totalOtherIncomeExpenseNet": 189600000, "ebit": 714700000, "interestExpense": -3000000, "incomeBeforeTax": 904300000, "incomeTaxExpense": 239100000, "minorityInterest": {}, "netIncomeFromContinuingOps": 665200000, "discontinuedOperations": {}, "extraordinaryItems": {}, "effectOfAccountingCharges": {}, "otherItems": {}, "netIncome": 665200000, "netIncomeApplicableToCommonShares": 665200000}, {"maxAge": 1, "endDate": "2019-03-31", "totalRevenue": 8158800000, "costOfRevenue": 5039700000, "grossProfit": 3119100000, "researchDevelopment": {}, "sellingGeneralAdministrative": 1051100000, "nonRecurring": {}, "otherOperatingExpenses": 1159600000, "totalOperatingExpenses": 7461600000, "operatingIncome": 697200000, "totalOtherIncomeExpenseNet": 135900000, "ebit": 697200000, "interestExpense": -1200000, "incomeBeforeTax": 833100000, "incomeTaxExpense": 291600000, "minorityInterest": {}, "netIncomeFromContinuingOps": 541500000, "discontinuedOperations": {}, "extraordinaryItems": {}, "effectOfAccountingCharges": {}, "otherItems": {}, "netIncome": 541500000, "netIncomeApplicableToCommonShares": 541500000}, {"maxAge": 1, "endDate": "2018-03-31", "totalRevenue": 7678000000, "costOfRevenue": 4583900000, "grossProfit": 3094100000, "researchDevelopment": {}, "sellingGeneralAdministrative": 941500000, "nonRecurring": {}, "otherOperatingExpenses": 1111000000, "totalOperatingExpenses": 6860900000, "operatingIncome": 817100000, "totalOtherIncomeExpenseNet": 126300000, "ebit": 817100000, "interestExpense": -2400000, "incomeBeforeTax": 943400000, "incomeTaxExpense": 329300000, "minorityInterest": {}, "netIncomeFromContinuingOps": 614100000, "discontinuedOperations": {}, "extraordinaryItems": {}, "effectOfAccountingCharges": {}, "otherItems": {}, "netIncome": 614100000, "netIncomeApplicableToCommonShares": 614100000}, {"maxAge": 1, "endDate": "2017-03-31", "totalRevenue": 7017800000, "costOfRevenue": 4187900000, "grossProfit": 2829900000, "researchDevelopment": {}, "sellingGeneralAdministrative": 810700000, "nonRecurring": {}, "otherOperatingExpenses": 1027500000, "totalOperatingExpenses": 6260600000, "operatingIncome": 757200000, "totalOtherIncomeExpenseNet": 123900000, "ebit": 757200000, "interestExpense": -4000000, "incomeBeforeTax": 881100000, "incomeTaxExpense": 303300000, "minorityInterest": {}, "netIncomeFromContinuingOps": 577800000, "discontinuedOperations": {}, "extraordinaryItems": {}, "effectOfAccountingCharges": {}, "otherItems": {}, "netIncome": 577800000, "netIncomeApplicableToCommonShares": 577800000}], "maxAge": 86400}, "fundOwnership": {"ownershipList": [{"maxAge": 1, "reportDate": "2021-01-31", "organization": "DFA Emerging Markets Small Cap Series", "pctHeld": 0.0015, "position": 15287, "value": 15676054}, {"maxAge": 1, "reportDate": "2021-01-31", "organization": "DFA Emerging Markets Core Equity Portfolio", "pctHeld": 0.00090000004, "position": 9298, "value": 9534634}, {"maxAge": 1, "reportDate": "2021-01-31", "organization": "DFA Investment Dimensions-Emerging Markets Social Core Equity", "pctHeld": 0.0001, "position": 1167, "value": 1196700}, {"maxAge": 1, "reportDate": "2021-01-31", "organization": "DFA Investment Dimensions-DFA World Ex U.S. Targeted Value Port", "pctHeld": 0.0001, "position": 598, "value": 613219}, {"maxAge": 1, "reportDate": "2021-01-31", "organization": "DFA Investment Dimensions-World Ex U.S. Core Equity Port", "pctHeld": 0.0001, "position": 538, "value": 551692}], "maxAge": 1}, "summaryDetail": {"maxAge": 1, "priceHint": 2, "previousClose": 1000.55, "open": 991.35, "dayLow": 980.2, "dayHigh": 1025.0, "regularMarketPreviousClose": 1000.55, "regularMarketOpen": 991.35, "regularMarketDayLow": 980.2, "regularMarketDayHigh": 1025.0, "dividendRate": 12.5, "dividendYield": 0.0125, "exDividendDate": "2020-09-11 05:30:00", "payoutRatio": 0.33169997, "fiveYearAvgDividendYield": 0.76, "beta": 0.67565, "trailingPE": 26.659592, "volume": 8864, "regularMarketVolume": 8864, "averageVolume": 10775, "averageVolume10days": 9017, "averageDailyVolume10Day": 9017, "bid": 0.0, "ask": 0.0, "bidSize": 0, "askSize": 0, "marketCap": 10191284224, "fiftyTwoWeekLow": 752.8, "fiftyTwoWeekHigh": 1243.9, "priceToSalesTrailing12Months": 1.2147087, "fiftyDayAverage": 1034.0485, "twoHundredDayAverage": 1023.40717, "trailingAnnualDividendRate": 12.5, "trailingAnnualDividendYield": 0.012493129, "currency": "INR", "fromCurrency": null, "lastMarket": null, "algorithm": null, "tradeable": false}, "incomeStatementHistoryQuarterly": {"incomeStatementHistory": [{"maxAge": 1, "endDate": "2020-12-31", "totalRevenue": 2854600000, "costOfRevenue": 1825200000, "grossProfit": 1029400000, "researchDevelopment": {}, "sellingGeneralAdministrative": 273400000, "nonRecurring": {}, "otherOperatingExpenses": 456000000, "totalOperatingExpenses": 2607800000, "operatingIncome": 246800000, "totalOtherIncomeExpenseNet": 39700000, "ebit": 246800000, "interestExpense": -1000000, "incomeBeforeTax": 286500000, "incomeTaxExpense": 77300000, "minorityInterest": {}, "netIncomeFromContinuingOps": 209200000, "discontinuedOperations": {}, "extraordinaryItems": {}, "effectOfAccountingCharges": {}, "otherItems": {}, "netIncome": 209200000, "netIncomeApplicableToCommonShares": 209200000}, {"maxAge": 1, "endDate": "2020-09-30", "totalRevenue": 2475500000, "costOfRevenue": 1534100000, "grossProfit": 941400000, "researchDevelopment": {}, "sellingGeneralAdministrative": 271500000, "nonRecurring": {}, "otherOperatingExpenses": 381900000, "totalOperatingExpenses": 2239800000, "operatingIncome": 235700000, "totalOtherIncomeExpenseNet": 31300000, "ebit": 235700000, "interestExpense": -500000, "incomeBeforeTax": 267000000, "incomeTaxExpense": 72100000, "minorityInterest": {}, "netIncomeFromContinuingOps": 194900000, "discontinuedOperations": {}, "extraordinaryItems": {}, "effectOfAccountingCharges": {}, "otherItems": {}, "netIncome": 194900000, "netIncomeApplicableToCommonShares": 194900000}, {"maxAge": 1, "endDate": "2020-06-30", "totalRevenue": 1103100000, "costOfRevenue": 727200000, "grossProfit": 375900000, "researchDevelopment": {}, "sellingGeneralAdministrative": 261600000, "nonRecurring": {}, "otherOperatingExpenses": 187700000, "totalOperatingExpenses": 1225400000, "operatingIncome": -122300000, "totalOtherIncomeExpenseNet": 28400000, "ebit": -122300000, "interestExpense": -500000, "incomeBeforeTax": -93900000, "incomeTaxExpense": -23600000, "minorityInterest": {}, "netIncomeFromContinuingOps": -70300000, "discontinuedOperations": {}, "extraordinaryItems": {}, "effectOfAccountingCharges": {}, "otherItems": {}, "netIncome": -70300000, "netIncomeApplicableToCommonShares": -70300000}, {"maxAge": 1, "endDate": "2020-03-31", "totalRevenue": 1956700000, "costOfRevenue": 1274900000, "grossProfit": 681800000, "researchDevelopment": {}, "sellingGeneralAdministrative": 373000000, "nonRecurring": {}, "otherOperatingExpenses": 223700000, "totalOperatingExpenses": 1924700000, "operatingIncome": 32000000, "totalOtherIncomeExpenseNet": 26700000, "ebit": 32000000, "interestExpense": -600000, "incomeBeforeTax": 58700000, "incomeTaxExpense": 10200000, "minorityInterest": {}, "netIncomeFromContinuingOps": 48500000, "discontinuedOperations": {}, "extraordinaryItems": {}, "effectOfAccountingCharges": {}, "otherItems": {}, "netIncome": 48500000, "netIncomeApplicableToCommonShares": 48500000}], "maxAge": 86400}, "cashflowStatementHistoryQuarterly": {"cashflowStatements": [{"maxAge": 1, "endDate": "2020-12-31", "netIncome": 209200000, "changeToLiabilities": 0}, {"maxAge": 1, "endDate": "2020-09-30", "netIncome": 194900000, "changeToLiabilities": 0}, {"maxAge": 1, "endDate": "2020-06-30", "netIncome": -70300000, "changeToLiabilities": 0}, {"maxAge": 1, "endDate": "2020-03-31", "netIncome": 48500000, "changeToLiabilities": 0}], "maxAge": 86400}, "insiderHolders": {"holders": [], "maxAge": 1}, "calendarEvents": {"maxAge": 1, "earnings": {"earningsDate": []}, "exDividendDate": "2020-09-11 05:30:00"}, "upgradeDowngradeHistory": {"history": [], "maxAge": 86400}, "price": {"maxAge": 1, "regularMarketChangePercent": 0.004247664, "regularMarketChange": 4.25, "regularMarketTime": "2021-04-30 15:29:58", "priceHint": 2, "regularMarketPrice": 1004.8, "regularMarketDayHigh": 1025.0, "regularMarketDayLow": 980.2, "regularMarketVolume": 8864, "averageDailyVolume10Day": 9017, "averageDailyVolume3Month": 10775, "regularMarketPreviousClose": 1000.55, "regularMarketSource": "FREE_REALTIME", "regularMarketOpen": 991.35, "exchange": "NSI", "exchangeName": "NSE", "exchangeDataDelayedBy": 15, "marketState": "CLOSED", "quoteType": "EQUITY", "symbol": "HONDAPOWER.NS", "underlyingSymbol": null, "shortName": "HONDA INDIA POWER", "longName": "Honda India Power Products Limited", "currency": "INR", "quoteSourceName": "Delayed Quote", "currencySymbol": "\u20b9", "fromCurrency": null, "lastMarket": null, "marketCap": 10191284224}, "balanceSheetHistory": {"balanceSheetStatements": [{"maxAge": 1, "endDate": "2020-03-31", "cash": 346300000, "shortTermInvestments": 4600000, "netReceivables": 3060300000, "inventory": 2115900000, "otherCurrentAssets": 21500000, "totalCurrentAssets": 5563500000, "longTermInvestments": 500000, "propertyPlantEquipment": 987700000, "intangibleAssets": 7300000, "otherAssets": 594000000, "deferredLongTermAssetCharges": 53100000, "totalAssets": 7153000000, "accountsPayable": 873900000, "otherCurrentLiab": 194200000, "otherLiab": 3900000, "totalCurrentLiabilities": 1441300000, "totalLiab": 1456900000, "commonStock": 101400000, "retainedEarnings": 5555100000, "capitalSurplus": 39600000, "totalStockholderEquity": 5696100000, "netTangibleAssets": 5688800000}, {"maxAge": 1, "endDate": "2019-03-31", "cash": 179600000, "shortTermInvestments": 425800000, "netReceivables": 3173600000, "inventory": 1121900000, "otherCurrentAssets": 12100000, "totalCurrentAssets": 4926600000, "longTermInvestments": 110600000, "propertyPlantEquipment": 960200000, "intangibleAssets": 19700000, "otherAssets": 537700000, "deferredLongTermAssetCharges": 36300000, "totalAssets": 6554800000, "accountsPayable": 831400000, "otherCurrentLiab": 241900000, "otherLiab": 5200000, "totalCurrentLiabilities": 1378600000, "totalLiab": 1383800000, "commonStock": 101400000, "retainedEarnings": 5030000000, "capitalSurplus": 39600000, "totalStockholderEquity": 5171000000, "netTangibleAssets": 5151300000}, {"maxAge": 1, "endDate": "2018-03-31", "cash": 211600000, "shortTermInvestments": 1702800000, "netReceivables": 1359700000, "inventory": 914800000, "otherCurrentAssets": 12000000, "totalCurrentAssets": 4214000000, "longTermInvestments": 305200000, "propertyPlantEquipment": 980300000, "intangibleAssets": 36400000, "otherAssets": 429500000, "deferredLongTermAssetCharges": 18500000, "totalAssets": 5965400000, "accountsPayable": 760700000, "otherCurrentLiab": 183200000, "otherLiab": 6700000, "totalCurrentLiabilities": 1214200000, "totalLiab": 1220900000, "commonStock": 101400000, "retainedEarnings": 4603500000, "capitalSurplus": 39600000, "totalStockholderEquity": 4744500000, "netTangibleAssets": 4708100000}, {"maxAge": 1, "endDate": "2017-03-31", "cash": 410400000, "shortTermInvestments": 1007400000, "netReceivables": 651800000, "inventory": 1215700000, "otherCurrentAssets": 124700000, "totalCurrentAssets": 3418700000, "longTermInvestments": 411300000, "propertyPlantEquipment": 1030400000, "intangibleAssets": 40200000, "otherAssets": 436000000, "deferredLongTermAssetCharges": 6300000, "totalAssets": 5336600000, "accountsPayable": 715100000, "otherCurrentLiab": 240500000, "otherLiab": 2000000, "totalCurrentLiabilities": 1109500000, "totalLiab": 1111500000, "commonStock": 101400000, "retainedEarnings": 4084100000, "capitalSurplus": 39600000, "totalStockholderEquity": 4225100000, "netTangibleAssets": 4184900000}], "maxAge": 86400}, "financialData": {"maxAge": 86400, "currentPrice": 1004.8, "recommendationKey": "none", "totalCash": 1230800000, "totalCashPerShare": 121.315, "ebitda": 601324992, "totalDebt": 7900000, "totalRevenue": 8389899776, "debtToEquity": 0.139, "revenuePerShare": 827.173, "grossProfits": 3423600000, "earningsGrowth": 0.222, "revenueGrowth": 0.201, "grossMargins": 0.36097, "ebitdaMargins": 0.071669996, "operatingMargins": 0.04675, "profitMargins": 0.04557, "financialCurrency": "INR"}}}