{"HOTLSILV.BO": {"cashflowStatementHistory": {"cashflowStatements": [{"maxAge": 1, "endDate": "2020-03-31", "netIncome": 12614000, "depreciation": 15956000, "changeToNetincome": 13880000, "changeToAccountReceivables": -1010000, "changeToLiabilities": 2579000, "changeToInventory": 1049000, "changeToOperatingActivities": -18371000, "totalCashFromOperatingActivities": 26697000, "capitalExpenditures": -804000, "totalCashflowsFromInvestingActivities": -804000, "netBorrowings": 4529000, "otherCashflowsFromFinancingActivities": -23029000, "totalCashFromFinancingActivities": -18500000, "changeInCash": 7393000}, {"maxAge": 1, "endDate": "2019-03-31", "netIncome": 17681113, "depreciation": 17179304, "changeToNetincome": 19922991, "changeToAccountReceivables": -1375066, "changeToLiabilities": -7598316, "changeToInventory": -564016, "changeToOperatingActivities": -5961858, "totalCashFromOperatingActivities": 39284152, "capitalExpenditures": -804000, "totalCashflowsFromInvestingActivities": -804000, "netBorrowings": -34836198, "otherCashflowsFromFinancingActivities": -20464395, "totalCashFromFinancingActivities": -55300593, "changeInCash": -16016441}, {"maxAge": 1, "endDate": "2018-03-31", "netIncome": 19272067, "depreciation": 21098762, "changeToNetincome": 15212868, "changeToAccountReceivables": -8007308, "changeToLiabilities": 5005123, "changeToInventory": 3041942, "changeToOperatingActivities": 7104585, "totalCashFromOperatingActivities": 62728039, "capitalExpenditures": -1275288, "totalCashflowsFromInvestingActivities": -800288, "netBorrowings": -41620677, "otherCashflowsFromFinancingActivities": -24946568, "totalCashFromFinancingActivities": -66567245, "changeInCash": -4639494}, {"maxAge": 1, "endDate": "2017-03-31", "netIncome": 10497435, "depreciation": 26079787, "changeToNetincome": 25487097, "changeToAccountReceivables": -1517836, "changeToLiabilities": 452774, "changeToInventory": 1502130, "changeToOperatingActivities": 17965572, "totalCashFromOperatingActivities": 80466959, "capitalExpenditures": -1959400, "totalCashflowsFromInvestingActivities": -1959400, "netBorrowings": -35535187, "otherCashflowsFromFinancingActivities": -29120641, "totalCashFromFinancingActivities": -64655828, "changeInCash": 13851731}], "maxAge": 86400}, "institutionOwnership": {"maxAge": 1, "ownershipList": []}, "balanceSheetHistoryQuarterly": {"balanceSheetStatements": [{"maxAge": 1, "endDate": "2020-03-31", "cash": 39153000, "netReceivables": 28958000, "inventory": 6295000, "otherCurrentAssets": 224037000, "totalCurrentAssets": 298443000, "longTermInvestments": 32432000, "propertyPlantEquipment": 145071000, "totalAssets": 475946000, "accountsPayable": 13638000, "shortLongTermDebt": 20438000, "otherCurrentLiab": 4137000, "longTermDebt": 149112000, "otherLiab": 3980000, "totalCurrentLiabilities": 38213000, "totalLiab": 191305000, "commonStock": 162384000, "treasuryStock": 122257000, "otherStockholderEquity": 122257000, "totalStockholderEquity": 284641000, "netTangibleAssets": 284641000}, {"maxAge": 1, "endDate": "2019-12-31", "totalStockholderEquity": 281253000, "netTangibleAssets": 281253000}, {"maxAge": 1, "endDate": "2019-09-30", "cash": 161752000, "netReceivables": 28109000, "inventory": 5187000, "otherCurrentAssets": 217128000, "totalCurrentAssets": 412176000, "longTermInvestments": 32234000, "propertyPlantEquipment": 152400000, "totalAssets": 596810000, "accountsPayable": 16925000, "shortLongTermDebt": 56928000, "otherCurrentLiab": 12815000, "longTermDebt": 223567000, "otherLiab": 5322000, "totalCurrentLiabilities": 86668000, "totalLiab": 315557000, "commonStock": 162384000, "treasuryStock": 118869000, "otherStockholderEquity": 118869000, "totalStockholderEquity": 281253000, "netTangibleAssets": 281253000}, {"maxAge": 1, "endDate": "2019-06-30", "totalStockholderEquity": 297248593, "netTangibleAssets": 297248593}], "maxAge": 86400}, "indexTrend": {"maxAge": 1, "symbol": "SP5", "peRatio": 19.7411, "pegRatio": 1.34172, "estimates": [{"period": "0q", "growth": 0.549}, {"period": "+1q", "growth": 0.431}, {"period": "0y", "growth": 0.305}, {"period": "+1y", "growth": 0.109}, {"period": "+5y", "growth": 0.120859005}, {"period": "-5y"}]}, "insiderTransactions": {"transactions": [{"maxAge": 1, "shares": 220000, "filerUrl": "", "transactionText": "", "filerName": "Bansal (Pushpendra R)", "filerRelation": "Executive Chairman", "moneyText": "", "startDate": "2018-10-16", "ownership": "D"}], "maxAge": 1}, "quoteType": {"exchange": "BSE", "quoteType": "EQUITY", "symbol": "HOTLSILV.BO", "underlyingSymbol": "HOTLSILV.BO", "shortName": "H.S.INDIA LTD.", "longName": "H S India Limited", "firstTradeDateEpochUtc": "2000-08-23 09:15:00", "timeZoneFullName": "Asia/Kolkata", "timeZoneShortName": "IST", "uuid": "4067d2a2-6f9d-3053-91b8-c347c8eab22b", "messageBoardId": null, "gmtOffSetMilliseconds": 19800000, "maxAge": 1}, "incomeStatementHistory": {"incomeStatementHistory": [{"maxAge": 1, "endDate": "2020-03-31", "totalRevenue": 259121000, "costOfRevenue": 123800000, "grossProfit": 135321000, "researchDevelopment": {}, "sellingGeneralAdministrative": {}, "nonRecurring": {}, "otherOperatingExpenses": 87935000, "totalOperatingExpenses": 227691000, "operatingIncome": 31430000, "totalOtherIncomeExpenseNet": -17916000, "ebit": 31430000, "interestExpense": -21983000, "incomeBeforeTax": 13514000, "incomeTaxExpense": 900000, "minorityInterest": {}, "netIncomeFromContinuingOps": 12614000, "discontinuedOperations": {}, "extraordinaryItems": {}, "effectOfAccountingCharges": {}, "otherItems": {}, "netIncome": 12614000, "netIncomeApplicableToCommonShares": 12614000}, {"maxAge": 1, "endDate": "2019-03-31", "totalRevenue": 289376059, "costOfRevenue": 139997941, "grossProfit": 149378118, "researchDevelopment": {}, "sellingGeneralAdministrative": 92762713, "nonRecurring": {}, "otherOperatingExpenses": 87935000, "totalOperatingExpenses": 249939958, "operatingIncome": 39436101, "totalOtherIncomeExpenseNet": -14371988, "ebit": 39436101, "interestExpense": -20464395, "incomeBeforeTax": 25064113, "incomeTaxExpense": 7383000, "minorityInterest": {}, "netIncomeFromContinuingOps": 17681113, "discontinuedOperations": {}, "extraordinaryItems": {}, "effectOfAccountingCharges": {}, "otherItems": {}, "netIncome": 17681113, "netIncomeApplicableToCommonShares": 17681113}, {"maxAge": 1, "endDate": "2018-03-31", "totalRevenue": 268200084, "costOfRevenue": 123132291, "grossProfit": 145067793, "researchDevelopment": {}, "sellingGeneralAdministrative": 87981749, "nonRecurring": {}, "otherOperatingExpenses": 87935000, "totalOperatingExpenses": 232212802, "operatingIncome": 35987282, "totalOtherIncomeExpenseNet": -18388215, "ebit": 35987282, "interestExpense": -24946568, "incomeBeforeTax": 17599067, "incomeTaxExpense": -1673000, "minorityInterest": {}, "netIncomeFromContinuingOps": 19272067, "discontinuedOperations": {}, "extraordinaryItems": {}, "effectOfAccountingCharges": {}, "otherItems": {}, "netIncome": 19272067, "netIncomeApplicableToCommonShares": 19272067}, {"maxAge": 1, "endDate": "2017-03-31", "totalRevenue": 227672488, "costOfRevenue": 103885984, "grossProfit": 123786504, "researchDevelopment": {}, "sellingGeneralAdministrative": 58762181, "nonRecurring": {}, "otherOperatingExpenses": 87935000, "totalOperatingExpenses": 188727952, "operatingIncome": 38944536, "totalOtherIncomeExpenseNet": -22991101, "ebit": 38944536, "interestExpense": -29120641, "incomeBeforeTax": 15953435, "incomeTaxExpense": 5456000, "minorityInterest": {}, "netIncomeFromContinuingOps": 10497435, "discontinuedOperations": {}, "extraordinaryItems": {}, "effectOfAccountingCharges": {}, "otherItems": {}, "netIncome": 10497435, "netIncomeApplicableToCommonShares": 10497435}], "maxAge": 86400}, "fundOwnership": {"maxAge": 1, "ownershipList": []}, "summaryDetail": {"maxAge": 1, "priceHint": 4, "previousClose": 4.8, "open": 4.56, "dayLow": 4.56, "dayHigh": 4.65, "regularMarketPreviousClose": 4.8, "regularMarketOpen": 4.56, "regularMarketDayLow": 4.56, "regularMarketDayHigh": 4.65, "trailingPE": 6.118421, "volume": 8, "regularMarketVolume": 8, "averageVolume": 3240, "averageVolume10days": 346, "averageDailyVolume10Day": 346, "bid": 4.65, "ask": 5.02, "bidSize": 0, "askSize": 0, "marketCap": 75508560, "fiftyTwoWeekLow": 3.65, "fiftyTwoWeekHigh": 6.39, "fiftyDayAverage": 4.3611426, "twoHundredDayAverage": 4.678768, "currency": "INR", "fromCurrency": null, "toCurrency": null, "lastMarket": null, "algorithm": null, "tradeable": false}, "incomeStatementHistoryQuarterly": {"incomeStatementHistory": [{"maxAge": 1, "endDate": "2020-03-31", "totalRevenue": 53102000, "costOfRevenue": 27192000, "grossProfit": 25910000, "researchDevelopment": {}, "sellingGeneralAdministrative": {}, "nonRecurring": {}, "otherOperatingExpenses": 16840000, "totalOperatingExpenses": 48056000, "operatingIncome": 5046000, "totalOtherIncomeExpenseNet": -5220000, "ebit": 5046000, "interestExpense": -5466000, "incomeBeforeTax": -174000, "incomeTaxExpense": -1890000, "minorityInterest": {}, "netIncomeFromContinuingOps": 1716000, "discontinuedOperations": {}, "extraordinaryItems": {}, "effectOfAccountingCharges": {}, "otherItems": {}, "netIncome": 1716000, "netIncomeApplicableToCommonShares": 1716000}, {"maxAge": 1, "endDate": "2019-12-31", "totalRevenue": 68000000, "costOfRevenue": 31840000, "grossProfit": 36160000, "researchDevelopment": {}, "sellingGeneralAdministrative": {}, "nonRecurring": {}, "otherOperatingExpenses": 23720000, "totalOperatingExpenses": 59550000, "operatingIncome": 8450000, "totalOtherIncomeExpenseNet": -3220000, "ebit": 8450000, "interestExpense": -4160000, "incomeBeforeTax": 5230000, "incomeTaxExpense": 1070000, "minorityInterest": {}, "netIncomeFromContinuingOps": 4160000, "discontinuedOperations": {}, "extraordinaryItems": {}, "effectOfAccountingCharges": {}, "otherItems": {}, "netIncome": 4160000, "netIncomeApplicableToCommonShares": 4160000}, {"maxAge": 1, "endDate": "2019-09-30", "totalRevenue": 68107000, "costOfRevenue": 32244000, "grossProfit": 35863000, "researchDevelopment": {}, "sellingGeneralAdministrative": {}, "nonRecurring": {}, "otherOperatingExpenses": 20936000, "totalOperatingExpenses": 57150000, "operatingIncome": 10957000, "totalOtherIncomeExpenseNet": -6764000, "ebit": 10957000, "interestExpense": -8030000, "incomeBeforeTax": 4193000, "incomeTaxExpense": 790000, "minorityInterest": {}, "netIncomeFromContinuingOps": 3403000, "discontinuedOperations": {}, "extraordinaryItems": {}, "effectOfAccountingCharges": {}, "otherItems": {}, "netIncome": 3403000, "netIncomeApplicableToCommonShares": 3403000}, {"maxAge": 1, "endDate": "2019-06-30", "totalRevenue": 69914000, "costOfRevenue": 32532000, "grossProfit": 37382000, "researchDevelopment": {}, "sellingGeneralAdministrative": {}, "nonRecurring": {}, "otherOperatingExpenses": 26444000, "totalOperatingExpenses": 62944000, "operatingIncome": 6970000, "totalOtherIncomeExpenseNet": -2701000, "ebit": 6970000, "interestExpense": -4323000, "incomeBeforeTax": 4269000, "incomeTaxExpense": 930000, "minorityInterest": {}, "netIncomeFromContinuingOps": 3339000, "discontinuedOperations": {}, "extraordinaryItems": {}, "effectOfAccountingCharges": {}, "otherItems": {}, "netIncome": 3339000, "netIncomeApplicableToCommonShares": 3339000}], "maxAge": 86400}, "cashflowStatementHistoryQuarterly": {"cashflowStatements": [{"maxAge": 1, "endDate": "2020-03-31", "netIncome": 1716000, "changeToLiabilities": 0}, {"maxAge": 1, "endDate": "2019-12-31", "netIncome": 4160000, "changeToLiabilities": 0}, {"maxAge": 1, "endDate": "2019-09-30", "netIncome": 3403000, "changeToLiabilities": 0}, {"maxAge": 1, "endDate": "2019-06-30", "netIncome": 3339000, "changeToLiabilities": 0}], "maxAge": 86400}, "insiderHolders": {"holders": [{"maxAge": 1, "name": "Bansal (Pushpendra R)", "relation": "Executive Chairman", "url": "", "transactionDescription": "Purchase", "latestTransDate": "2018-10-16", "positionDirect": 3071198, "positionDirectDate": "2018-10-16"}], "maxAge": 1}, "calendarEvents": {"maxAge": 1, "earnings": {"earningsDate": []}}, "price": {"maxAge": 1, "regularMarketChangePercent": -0.03125002, "regularMarketChange": -0.1500001, "regularMarketTime": "2021-04-30 12:50:26", "priceHint": 4, "regularMarketPrice": 4.65, "regularMarketDayHigh": 4.65, "regularMarketDayLow": 4.56, "regularMarketVolume": 8, "averageDailyVolume10Day": 346, "averageDailyVolume3Month": 3240, "regularMarketPreviousClose": 4.8, "regularMarketSource": "FREE_REALTIME", "regularMarketOpen": 4.56, "exchange": "BSE", "exchangeName": "BSE", "exchangeDataDelayedBy": 0, "marketState": "CLOSED", "quoteType": "EQUITY", "symbol": "HOTLSILV.BO", "underlyingSymbol": null, "shortName": "H.S.INDIA LTD.", "longName": "H S India Limited", "currency": "INR", "quoteSourceName": "Delayed Quote", "currencySymbol": "\u20b9", "fromCurrency": null, "toCurrency": null, "lastMarket": null, "marketCap": 75508560}, "balanceSheetHistory": {"balanceSheetStatements": [{"maxAge": 1, "endDate": "2020-03-31", "cash": 39153000, "netReceivables": 28958000, "inventory": 6295000, "otherCurrentAssets": 224037000, "totalCurrentAssets": 298443000, "longTermInvestments": 32432000, "propertyPlantEquipment": 145071000, "totalAssets": 475946000, "accountsPayable": 13638000, "shortLongTermDebt": 20438000, "otherCurrentLiab": 4137000, "longTermDebt": 149112000, "otherLiab": 3980000, "totalCurrentLiabilities": 38213000, "totalLiab": 191305000, "commonStock": 162384000, "treasuryStock": 122257000, "otherStockholderEquity": 122257000, "totalStockholderEquity": 284641000, "netTangibleAssets": 284641000}, {"maxAge": 1, "endDate": "2019-03-31", "cash": 31759854, "netReceivables": 23994416, "inventory": 7343711, "otherCurrentAssets": 210077491, "totalCurrentAssets": 273677942, "longTermInvestments": 61204191, "propertyPlantEquipment": 160223210, "otherAssets": 2599534, "totalAssets": 497704877, "accountsPayable": 11058043, "shortLongTermDebt": 45329740, "otherCurrentLiab": 1632522, "longTermDebt": 113007938, "otherLiab": 14561624, "totalCurrentLiabilities": 72886722, "totalLiab": 200456284, "commonStock": 162384000, "retainedEarnings": 111800103, "treasuryStock": 1312490, "capitalSurplus": 21752000, "otherStockholderEquity": 1312490, "totalStockholderEquity": 297248593, "netTangibleAssets": 297248593}, {"maxAge": 1, "endDate": "2018-03-31", "cash": 47776295, "netReceivables": 22667697, "inventory": 6779695, "otherCurrentAssets": 211045119, "totalCurrentAssets": 288762919, "longTermInvestments": 61026704, "propertyPlantEquipment": 177402514, "otherAssets": 2349231, "totalAssets": 529541368, "accountsPayable": 18656359, "shortLongTermDebt": 51590035, "otherCurrentLiab": 992953, "longTermDebt": 147844136, "otherLiab": 15380985, "totalCurrentLiabilities": 86755219, "totalLiab": 249980340, "commonStock": 162384000, "retainedEarnings": 93964676, "treasuryStock": 1460352, "capitalSurplus": 21752000, "otherStockholderEquity": 1460352, "totalStockholderEquity": 279561028, "netTangibleAssets": 279561028}, {"maxAge": 1, "endDate": "2017-03-31", "cash": 52415789, "netReceivables": 14769337, "inventory": 9821637, "otherCurrentAssets": 210054527, "totalCurrentAssets": 287423428, "longTermInvestments": 60844905, "propertyPlantEquipment": 197325645, "otherAssets": 2349231, "totalAssets": 547943209, "accountsPayable": 13651236, "shortLongTermDebt": 43859733, "otherCurrentLiab": 1348479, "longTermDebt": 189464813, "otherLiab": 25307722, "totalCurrentLiabilities": 73149302, "totalLiab": 287921837, "commonStock": 162384000, "retainedEarnings": 74558410, "treasuryStock": 1326962, "capitalSurplus": 21752000, "otherStockholderEquity": 1326962, "totalStockholderEquity": 260021372, "netTangibleAssets": 260021372}], "maxAge": 86400}, "financialData": {"maxAge": 86400, "currentPrice": 4.65, "recommendationKey": "none", "grossProfits": 135321000, "financialCurrency": "INR"}}}