{"HPCOTTON.BO": {"cashflowStatementHistory": {"cashflowStatements": [{"maxAge": 1, "endDate": "2020-03-31", "netIncome": 3393000, "depreciation": 24291000, "changeToNetincome": 22515000, "changeToAccountReceivables": 15430000, "changeToLiabilities": -16078000, "changeToInventory": 35654000, "changeToOperatingActivities": 16791000, "totalCashFromOperatingActivities": 103736000, "capitalExpenditures": -8476000, "otherCashflowsFromInvestingActivities": 81077000, "totalCashflowsFromInvestingActivities": 72736000, "netBorrowings": -144071000, "otherCashflowsFromFinancingActivities": -33565000, "totalCashFromFinancingActivities": -177636000, "changeInCash": -1164000}, {"maxAge": 1, "endDate": "2019-03-31", "netIncome": -2800000, "depreciation": 18415000, "changeToNetincome": 19018000, "changeToAccountReceivables": 18803000, "changeToLiabilities": 10724000, "changeToInventory": -54423000, "changeToOperatingActivities": -16662000, "totalCashFromOperatingActivities": -6793000, "capitalExpenditures": -23471000, "otherCashflowsFromInvestingActivities": -46061000, "totalCashflowsFromInvestingActivities": -69181000, "dividendsPaid": -3810000, "netBorrowings": 48086000, "otherCashflowsFromFinancingActivities": -25978000, "totalCashFromFinancingActivities": 18298000, "changeInCash": -57676000}, {"maxAge": 1, "endDate": "2018-03-31", "netIncome": 23541000, "depreciation": 16052000, "changeToNetincome": 15303000, "changeToAccountReceivables": -4855000, "changeToLiabilities": 61994000, "changeToInventory": 15092000, "changeToOperatingActivities": -22326000, "totalCashFromOperatingActivities": 104801000, "capitalExpenditures": -62839000, "otherCashflowsFromInvestingActivities": 7937000, "totalCashflowsFromInvestingActivities": -54902000, "dividendsPaid": -3810000, "netBorrowings": 29517000, "otherCashflowsFromFinancingActivities": -20246000, "totalCashFromFinancingActivities": 9271000, "changeInCash": 59170000}, {"maxAge": 1, "endDate": "2017-03-31", "netIncome": -21524000, "depreciation": 10804000, "changeToNetincome": 324000, "changeToAccountReceivables": -13376000, "changeToLiabilities": 73722000, "changeToInventory": -2472000, "changeToOperatingActivities": -11358000, "totalCashFromOperatingActivities": 33939000, "capitalExpenditures": -110274000, "otherCashflowsFromInvestingActivities": 1882000, "totalCashflowsFromInvestingActivities": -105720000, "dividendsPaid": -3810000, "netBorrowings": 90094000, "otherCashflowsFromFinancingActivities": -17614000, "totalCashFromFinancingActivities": 68670000, "changeInCash": -3112000}], "maxAge": 86400}, "institutionOwnership": {"maxAge": 1, "ownershipList": []}, "balanceSheetHistoryQuarterly": {"balanceSheetStatements": [{"maxAge": 1, "endDate": "2020-06-30", "totalStockholderEquity": 190063000, "netTangibleAssets": 181724000}, {"maxAge": 1, "endDate": "2020-03-31", "cash": 1096000, "netReceivables": 79661000, "inventory": 213724000, "otherCurrentAssets": 66964000, "totalCurrentAssets": 364738000, "propertyPlantEquipment": 215496000, "intangibleAssets": 8339000, "otherAssets": 19837000, "deferredLongTermAssetCharges": 3354000, "totalAssets": 608410000, "accountsPayable": 164078000, "shortLongTermDebt": 3790000, "otherCurrentLiab": 34195000, "longTermDebt": 3088000, "otherLiab": 24216000, "totalCurrentLiabilities": 380624000, "totalLiab": 418347000, "commonStock": 38100000, "retainedEarnings": 147878000, "treasuryStock": 4067000, "capitalSurplus": 18000, "otherStockholderEquity": 4067000, "totalStockholderEquity": 190063000, "netTangibleAssets": 181724000}, {"maxAge": 1, "endDate": "2019-12-31", "totalStockholderEquity": 172100000, "netTangibleAssets": 164900000}, {"maxAge": 1, "endDate": "2019-09-30", "cash": 104100000, "netReceivables": 80200000, "inventory": 237900000, "otherCurrentAssets": 54000000, "totalCurrentAssets": 476200000, "propertyPlantEquipment": 223300000, "intangibleAssets": 7200000, "otherAssets": 23700000, "deferredLongTermAssetCharges": 6900000, "totalAssets": 730400000, "accountsPayable": 171400000, "otherCurrentLiab": 146100000, "longTermDebt": 5100000, "otherLiab": 36800000, "totalCurrentLiabilities": 503600000, "totalLiab": 558300000, "commonStock": 38100000, "treasuryStock": 134000000, "otherStockholderEquity": 134000000, "totalStockholderEquity": 172100000, "netTangibleAssets": 164900000}], "maxAge": 86400}, "indexTrend": {"maxAge": 1, "symbol": "SP5", "peRatio": 19.7411, "pegRatio": 1.34172, "estimates": [{"period": "0q", "growth": 0.549}, {"period": "+1q", "growth": 0.431}, {"period": "0y", "growth": 0.305}, {"period": "+1y", "growth": 0.109}, {"period": "+5y", "growth": 0.120859005}, {"period": "-5y"}]}, "insiderTransactions": {"transactions": [{"maxAge": 1, "shares": 22500, "filerUrl": "", "transactionText": "", "filerName": "Kashmirilal (Ganshyamdas) HUF", "filerRelation": "UNREPORTED", "moneyText": "", "startDate": "2019-03-19", "ownership": "D"}, {"maxAge": 1, "shares": 39680, "filerUrl": "", "transactionText": "", "filerName": "Agarwal (Raj Kumar)", "filerRelation": "UNREPORTED", "moneyText": "", "startDate": "2019-03-19", "ownership": "D"}, {"maxAge": 1, "shares": 12010, "filerUrl": "", "transactionText": "", "filerName": "Agarwal (Kashmiri Lal)", "filerRelation": "UNREPORTED", "moneyText": "", "startDate": "2019-03-19", "ownership": "D"}, {"maxAge": 1, "shares": 11500, "filerUrl": "", "transactionText": "", "filerName": "Kashmirilal (Ganshyamdas) HUF", "filerRelation": "UNREPORTED", "moneyText": "", "startDate": "2019-03-19", "ownership": "D"}, {"maxAge": 1, "shares": 11450, "filerUrl": "", "transactionText": "", "filerName": "Agarwal (K K) HUF", "filerRelation": "UNREPORTED", "moneyText": "", "startDate": "2019-03-19", "ownership": "D"}, {"maxAge": 1, "shares": 45730, "filerUrl": "", "transactionText": "", "filerName": "Agarwal (Ghanshyam Das)", "filerRelation": "UNREPORTED", "moneyText": "", "startDate": "2019-03-19", "ownership": "D"}, {"maxAge": 1, "shares": 14000, "filerUrl": "", "transactionText": "", "filerName": "Kashmirilal (Rajkumar) HUF", "filerRelation": "UNREPORTED", "moneyText": "", "startDate": "2019-03-19", "ownership": "D"}, {"maxAge": 1, "shares": 13950, "filerUrl": "", "transactionText": "", "filerName": "Kashmirilal (Rajkumar) HUF", "filerRelation": "UNREPORTED", "moneyText": "", "startDate": "2019-03-19", "ownership": "D"}], "maxAge": 1}, "quoteType": {"exchange": "BSE", "quoteType": "EQUITY", "symbol": "HPCOTTON.BO", "underlyingSymbol": "HPCOTTON.BO", "shortName": "H.P.COTTON TEXTILE MILLS LTD.", "longName": "H.P. Cotton Textile Mills Limited", "firstTradeDateEpochUtc": "2001-12-31 09:15:00", "timeZoneFullName": "Asia/Kolkata", "timeZoneShortName": "IST", "uuid": "05cbfbb2-a879-30d0-9234-d1e84c106681", "messageBoardId": null, "gmtOffSetMilliseconds": 19800000, "maxAge": 1}, "incomeStatementHistory": {"incomeStatementHistory": [{"maxAge": 1, "endDate": "2020-03-31", "totalRevenue": 817513000, "costOfRevenue": 312658000, "grossProfit": 504855000, "researchDevelopment": {}, "sellingGeneralAdministrative": 227959000, "nonRecurring": {}, "otherOperatingExpenses": 232420000, "totalOperatingExpenses": 799068000, "operatingIncome": 18445000, "totalOtherIncomeExpenseNet": -14629000, "ebit": 18445000, "interestExpense": -28765000, "incomeBeforeTax": 3816000, "incomeTaxExpense": 423000, "minorityInterest": {}, "netIncomeFromContinuingOps": 3393000, "discontinuedOperations": {}, "extraordinaryItems": {}, "effectOfAccountingCharges": {}, "otherItems": {}, "netIncome": 3393000, "netIncomeApplicableToCommonShares": 3393000}, {"maxAge": 1, "endDate": "2019-03-31", "totalRevenue": 914085000, "costOfRevenue": 408261000, "grossProfit": 505824000, "researchDevelopment": {}, "sellingGeneralAdministrative": 226986000, "nonRecurring": {}, "otherOperatingExpenses": 250630000, "totalOperatingExpenses": 904424000, "operatingIncome": 9661000, "totalOtherIncomeExpenseNet": -9484000, "ebit": 9661000, "interestExpense": -25614000, "incomeBeforeTax": 177000, "incomeTaxExpense": 2977000, "minorityInterest": {}, "netIncomeFromContinuingOps": -2800000, "discontinuedOperations": {}, "extraordinaryItems": {}, "effectOfAccountingCharges": {}, "otherItems": {}, "netIncome": -2800000, "netIncomeApplicableToCommonShares": -2800000}, {"maxAge": 1, "endDate": "2018-03-31", "totalRevenue": 1074288000, "costOfRevenue": 540404000, "grossProfit": 533884000, "researchDevelopment": {}, "sellingGeneralAdministrative": 242203000, "nonRecurring": {}, "otherOperatingExpenses": 256560000, "totalOperatingExpenses": 1055316000, "operatingIncome": 18972000, "totalOtherIncomeExpenseNet": 16481000, "ebit": 18972000, "interestExpense": -19688000, "incomeBeforeTax": 35453000, "incomeTaxExpense": 11912000, "minorityInterest": {}, "netIncomeFromContinuingOps": 23541000, "discontinuedOperations": {}, "extraordinaryItems": {}, "effectOfAccountingCharges": {}, "otherItems": {}, "netIncome": 23541000, "netIncomeApplicableToCommonShares": 23541000}, {"maxAge": 1, "endDate": "2017-03-31", "totalRevenue": 902389000, "costOfRevenue": 478933000, "grossProfit": 423456000, "researchDevelopment": {}, "sellingGeneralAdministrative": 189679000, "nonRecurring": {}, "otherOperatingExpenses": 243250000, "totalOperatingExpenses": 922666000, "operatingIncome": -20277000, "totalOtherIncomeExpenseNet": -12264000, "ebit": -20277000, "interestExpense": -12600000, "incomeBeforeTax": -32541000, "incomeTaxExpense": -11017000, "minorityInterest": {}, "netIncomeFromContinuingOps": -21524000, "discontinuedOperations": {}, "extraordinaryItems": {}, "effectOfAccountingCharges": {}, "otherItems": {}, "netIncome": -21524000, "netIncomeApplicableToCommonShares": -21524000}], "maxAge": 86400}, "fundOwnership": {"maxAge": 1, "ownershipList": []}, "summaryDetail": {"maxAge": 1, "priceHint": 2, "previousClose": 45.0, "open": 47.0, "dayLow": 44.0, "dayHigh": 47.0, "regularMarketPreviousClose": 45.0, "regularMarketOpen": 47.0, "regularMarketDayLow": 44.0, "regularMarketDayHigh": 47.0, "trailingPE": 6.424581, "volume": 4704, "regularMarketVolume": 4704, "averageVolume": 3167, "averageVolume10days": 2410, "averageDailyVolume10Day": 2410, "bid": 44.85, "ask": 44.9, "bidSize": 0, "askSize": 0, "marketCap": 170878496, "fiftyTwoWeekLow": 12.61, "fiftyTwoWeekHigh": 47.0, "fiftyDayAverage": 36.83143, "twoHundredDayAverage": 28.356205, "trailingAnnualDividendRate": 1.0, "trailingAnnualDividendYield": 0.022222223, "currency": "INR", "fromCurrency": null, "toCurrency": null, "lastMarket": null, "algorithm": null, "tradeable": false}, "incomeStatementHistoryQuarterly": {"incomeStatementHistory": [{"maxAge": 1, "endDate": "2020-06-30", "totalRevenue": 173900000, "costOfRevenue": 72000000, "grossProfit": 101900000, "researchDevelopment": {}, "sellingGeneralAdministrative": 36900000, "nonRecurring": {}, "otherOperatingExpenses": 41800000, "totalOperatingExpenses": 157200000, "operatingIncome": 16700000, "totalOtherIncomeExpenseNet": -4500000, "ebit": 16700000, "interestExpense": -6000000, "incomeBeforeTax": 12200000, "incomeTaxExpense": 3100000, "minorityInterest": {}, "netIncomeFromContinuingOps": 9100000, "discontinuedOperations": {}, "extraordinaryItems": {}, "effectOfAccountingCharges": {}, "otherItems": {}, "netIncome": 9100000, "netIncomeApplicableToCommonShares": 9100000}, {"maxAge": 1, "endDate": "2020-03-31", "totalRevenue": 242613000, "costOfRevenue": 110058000, "grossProfit": 132555000, "researchDevelopment": {}, "sellingGeneralAdministrative": 60559000, "nonRecurring": {}, "otherOperatingExpenses": 53320000, "totalOperatingExpenses": 230468000, "operatingIncome": 12145000, "totalOtherIncomeExpenseNet": -29000, "ebit": 12145000, "interestExpense": -2565000, "incomeBeforeTax": 12116000, "incomeTaxExpense": 3223000, "minorityInterest": {}, "netIncomeFromContinuingOps": 8893000, "discontinuedOperations": {}, "extraordinaryItems": {}, "effectOfAccountingCharges": {}, "otherItems": {}, "netIncome": 8893000, "netIncomeApplicableToCommonShares": 8893000}, {"maxAge": 1, "endDate": "2019-12-31", "totalRevenue": 213600000, "costOfRevenue": 69800000, "grossProfit": 143800000, "researchDevelopment": {}, "sellingGeneralAdministrative": 58400000, "nonRecurring": {}, "otherOperatingExpenses": 68300000, "totalOperatingExpenses": 203100000, "operatingIncome": 10500000, "totalOtherIncomeExpenseNet": -6500000, "ebit": 10500000, "interestExpense": -8700000, "incomeBeforeTax": 4000000, "incomeTaxExpense": -800000, "minorityInterest": {}, "netIncomeFromContinuingOps": 4800000, "discontinuedOperations": {}, "extraordinaryItems": {}, "effectOfAccountingCharges": {}, "otherItems": {}, "netIncome": 4800000, "netIncomeApplicableToCommonShares": 4800000}, {"maxAge": 1, "endDate": "2019-09-30", "totalRevenue": 205300000, "costOfRevenue": 73500000, "grossProfit": 131800000, "researchDevelopment": {}, "sellingGeneralAdministrative": 54800000, "nonRecurring": {}, "otherOperatingExpenses": 61000000, "totalOperatingExpenses": 195700000, "operatingIncome": 9600000, "totalOtherIncomeExpenseNet": -3300000, "ebit": 9600000, "interestExpense": -8600000, "incomeBeforeTax": 6300000, "incomeTaxExpense": 2500000, "minorityInterest": {}, "netIncomeFromContinuingOps": 3800000, "discontinuedOperations": {}, "extraordinaryItems": {}, "effectOfAccountingCharges": {}, "otherItems": {}, "netIncome": 3800000, "netIncomeApplicableToCommonShares": 3800000}], "maxAge": 86400}, "cashflowStatementHistoryQuarterly": {"cashflowStatements": [{"maxAge": 1, "endDate": "2020-06-30", "netIncome": 9100000, "changeToLiabilities": 0}, {"maxAge": 1, "endDate": "2020-03-31", "netIncome": 8893000, "changeToLiabilities": 0}, {"maxAge": 1, "endDate": "2019-12-31", "netIncome": 4800000, "changeToLiabilities": 0}, {"maxAge": 1, "endDate": "2019-09-30", "netIncome": 3800000, "changeToLiabilities": 0}], "maxAge": 86400}, "insiderHolders": {"holders": [{"maxAge": 1, "name": "Agarwal (Ghanshyam Das)", "relation": "UNREPORTED", "url": "", "transactionDescription": "Other", "latestTransDate": "2019-03-19", "positionDirect": 45730, "positionDirectDate": "2019-03-19"}, {"maxAge": 1, "name": "Agarwal (K K) HUF", "relation": "UNREPORTED", "url": "", "transactionDescription": "Other", "latestTransDate": "2019-03-19", "positionDirect": 0, "positionDirectDate": "2019-03-19"}, {"maxAge": 1, "name": "Agarwal (Kashmiri Lal)", "relation": "UNREPORTED", "url": "", "transactionDescription": "Other", "latestTransDate": "2019-03-19", "positionDirect": 0, "positionDirectDate": "2019-03-19"}, {"maxAge": 1, "name": "Agarwal (Raj Kumar)", "relation": "UNREPORTED", "url": "", "transactionDescription": "Other", "latestTransDate": "2019-03-19", "positionDirect": 46466, "positionDirectDate": "2019-03-19"}, {"maxAge": 1, "name": "Kashmirilal (Ganshyamdas) HUF", "relation": "UNREPORTED", "url": "", "transactionDescription": "Other", "latestTransDate": "2019-03-19", "positionDirect": 0, "positionDirectDate": "2019-03-19"}, {"maxAge": 1, "name": "Kashmirilal (Rajkumar) HUF", "relation": "UNREPORTED", "url": "", "transactionDescription": "Other", "latestTransDate": "2019-03-19", "positionDirect": 0, "positionDirectDate": "2019-03-19"}], "maxAge": 1}, "calendarEvents": {"maxAge": 1, "earnings": {"earningsDate": []}}, "price": {"maxAge": 1, "regularMarketChangePercent": -0.0033333672, "regularMarketChange": -0.15000153, "regularMarketTime": "2021-04-30 15:28:54", "priceHint": 2, "regularMarketPrice": 44.85, "regularMarketDayHigh": 47.0, "regularMarketDayLow": 44.0, "regularMarketVolume": 4704, "averageDailyVolume10Day": 2410, "averageDailyVolume3Month": 3167, "regularMarketPreviousClose": 45.0, "regularMarketSource": "FREE_REALTIME", "regularMarketOpen": 47.0, "exchange": "BSE", "exchangeName": "BSE", "exchangeDataDelayedBy": 0, "marketState": "CLOSED", "quoteType": "EQUITY", "symbol": "HPCOTTON.BO", "underlyingSymbol": null, "shortName": "H.P.COTTON TEXTILE MILLS LTD.", "longName": "H.P. Cotton Textile Mills Limited", "currency": "INR", "quoteSourceName": "Delayed Quote", "currencySymbol": "\u20b9", "fromCurrency": null, "toCurrency": null, "lastMarket": null, "marketCap": 170878496}, "balanceSheetHistory": {"balanceSheetStatements": [{"maxAge": 1, "endDate": "2020-03-31", "cash": 1096000, "netReceivables": 79661000, "inventory": 213724000, "otherCurrentAssets": 66964000, "totalCurrentAssets": 364738000, "propertyPlantEquipment": 215496000, "intangibleAssets": 8339000, "otherAssets": 19837000, "deferredLongTermAssetCharges": 3354000, "totalAssets": 608410000, "accountsPayable": 164078000, "shortLongTermDebt": 3790000, "otherCurrentLiab": 34195000, "longTermDebt": 3088000, "otherLiab": 24216000, "totalCurrentLiabilities": 380624000, "totalLiab": 418347000, "commonStock": 38100000, "retainedEarnings": 147878000, "treasuryStock": 4067000, "capitalSurplus": 18000, "otherStockholderEquity": 4067000, "totalStockholderEquity": 190063000, "netTangibleAssets": 181724000}, {"maxAge": 1, "endDate": "2019-03-31", "cash": 2260000, "netReceivables": 103293000, "inventory": 249378000, "otherCurrentAssets": 112082000, "totalCurrentAssets": 468784000, "propertyPlantEquipment": 223096000, "intangibleAssets": 330000, "otherAssets": 44058000, "deferredLongTermAssetCharges": 4918000, "totalAssets": 736268000, "accountsPayable": 179697000, "shortLongTermDebt": 74652000, "otherCurrentLiab": 16656000, "longTermDebt": 6788000, "otherLiab": 29485000, "totalCurrentLiabilities": 517426000, "totalLiab": 553699000, "commonStock": 38100000, "retainedEarnings": 144485000, "treasuryStock": -34000, "capitalSurplus": 18000, "otherStockholderEquity": -34000, "totalStockholderEquity": 182569000, "netTangibleAssets": 182239000}, {"maxAge": 1, "endDate": "2018-03-31", "cash": 59935000, "shortTermInvestments": 8985000, "netReceivables": 97933000, "inventory": 194956000, "otherCurrentAssets": 68263000, "totalCurrentAssets": 431992000, "propertyPlantEquipment": 220857000, "intangibleAssets": 274000, "otherAssets": 51499000, "deferredLongTermAssetCharges": 7902000, "totalAssets": 704622000, "accountsPayable": 172205000, "shortLongTermDebt": 5516000, "otherCurrentLiab": 25844000, "longTermDebt": 87295000, "otherLiab": 29115000, "totalCurrentLiabilities": 398373000, "totalLiab": 514783000, "commonStock": 38100000, "retainedEarnings": 151878000, "treasuryStock": -157000, "capitalSurplus": 18000, "otherStockholderEquity": -157000, "totalStockholderEquity": 189839000, "netTangibleAssets": 189565000}, {"maxAge": 1, "endDate": "2017-03-31", "cash": 765000, "shortTermInvestments": 6371000, "netReceivables": 139100000, "inventory": 210047000, "otherCurrentAssets": 15724000, "totalCurrentAssets": 373591000, "propertyPlantEquipment": 176644000, "otherAssets": 41118000, "deferredLongTermAssetCharges": 12815000, "totalAssets": 591353000, "accountsPayable": 110209000, "shortLongTermDebt": 6144000, "otherCurrentLiab": 46728000, "longTermDebt": 71035000, "otherLiab": 28188000, "totalCurrentLiabilities": 326428000, "totalLiab": 425651000, "commonStock": 38100000, "retainedEarnings": 128337000, "treasuryStock": -753000, "capitalSurplus": 18000, "otherStockholderEquity": -753000, "totalStockholderEquity": 165702000, "netTangibleAssets": 165702000}], "maxAge": 86400}, "financialData": {"maxAge": 86400, "currentPrice": 44.85, "recommendationKey": "none", "grossProfits": 504855000, "financialCurrency": "INR"}}}