{"HPL.BO": {"recommendationTrend": {"trend": [{"period": "0m", "strongBuy": 0, "buy": 0, "hold": 0, "sell": 0, "strongSell": 0}, {"period": "-1m", "strongBuy": 0, "buy": 0, "hold": 0, "sell": 0, "strongSell": 0}, {"period": "-2m", "strongBuy": 0, "buy": 0, "hold": 0, "sell": 0, "strongSell": 0}, {"period": "-3m", "strongBuy": 0, "buy": 0, "hold": 0, "sell": 0, "strongSell": 0}], "maxAge": 86400}, "cashflowStatementHistory": {"cashflowStatements": [{"maxAge": 1, "endDate": "2020-03-31", "netIncome": 217723000, "depreciation": 295624000, "changeToNetincome": 605891000, "changeToAccountReceivables": 100600000, "changeToLiabilities": -423644000, "changeToInventory": -253078000, "changeToOperatingActivities": 3454000, "totalCashFromOperatingActivities": 625144000, "capitalExpenditures": -651287000, "otherCashflowsFromInvestingActivities": 51217000, "totalCashflowsFromInvestingActivities": -599020000, "dividendsPaid": -12861000, "netBorrowings": 600575000, "otherCashflowsFromFinancingActivities": -617122000, "totalCashFromFinancingActivities": -29408000, "changeInCash": -3284000}, {"maxAge": 1, "endDate": "2019-03-31", "netIncome": 325289000, "depreciation": 260228000, "changeToNetincome": 613952000, "changeToAccountReceivables": -39315000, "changeToLiabilities": -722766000, "changeToInventory": 96528000, "changeToOperatingActivities": 236914000, "totalCashFromOperatingActivities": 830967000, "capitalExpenditures": -615275000, "otherCashflowsFromInvestingActivities": 41309000, "totalCashflowsFromInvestingActivities": -569030000, "dividendsPaid": -64300000, "netBorrowings": 368853000, "otherCashflowsFromFinancingActivities": -594687000, "totalCashFromFinancingActivities": -290134000, "changeInCash": -28197000}, {"maxAge": 1, "endDate": "2018-03-31", "netIncome": 274287000, "depreciation": 177224000, "changeToNetincome": 493215000, "changeToAccountReceivables": 7926000, "changeToLiabilities": 231730000, "changeToInventory": -461533000, "changeToOperatingActivities": -569401000, "totalCashFromOperatingActivities": 204128000, "capitalExpenditures": -630545000, "otherCashflowsFromInvestingActivities": 41991000, "totalCashflowsFromInvestingActivities": -586284000, "dividendsPaid": -96451000, "netBorrowings": 1030814000, "otherCashflowsFromFinancingActivities": -529817000, "totalCashFromFinancingActivities": 404546000, "changeInCash": 22390000}, {"maxAge": 1, "endDate": "2017-03-31", "netIncome": 257668000, "depreciation": 150610000, "changeToNetincome": 671799000, "changeToAccountReceivables": 637056000, "changeToLiabilities": -853003000, "changeToInventory": -599593000, "changeToOperatingActivities": -323821000, "totalCashFromOperatingActivities": 34660000, "capitalExpenditures": -585611000, "investments": 40000, "otherCashflowsFromInvestingActivities": 74521000, "totalCashflowsFromInvestingActivities": -509058000, "dividendsPaid": -4643000, "netBorrowings": -2187793000, "otherCashflowsFromFinancingActivities": -928621000, "totalCashFromFinancingActivities": 488943000, "changeInCash": 14545000, "issuanceOfStock": 3610000000}], "maxAge": 86400}, "institutionOwnership": {"ownershipList": [], "maxAge": 1}, "balanceSheetHistoryQuarterly": {"balanceSheetStatements": [{"maxAge": 1, "endDate": "2020-06-30", "totalStockholderEquity": 7486888000, "netTangibleAssets": 7273216000}, {"maxAge": 1, "endDate": "2020-03-31", "cash": 295703000, "netReceivables": 4672982000, "inventory": 4393877000, "otherCurrentAssets": 837039000, "totalCurrentAssets": 10213894000, "propertyPlantEquipment": 4755905000, "intangibleAssets": 213672000, "otherAssets": 509804000, "deferredLongTermAssetCharges": 340518000, "totalAssets": 15693275000, "accountsPayable": 1736666000, "shortLongTermDebt": 123266000, "otherCurrentLiab": 19759000, "longTermDebt": 511271000, "otherLiab": 255278000, "minorityInterest": 16641000, "totalCurrentLiabilities": 7423197000, "totalLiab": 8189746000, "commonStock": 643005000, "retainedEarnings": 3377132000, "treasuryStock": -193384000, "capitalSurplus": 3660135000, "otherStockholderEquity": -193384000, "totalStockholderEquity": 7486888000, "netTangibleAssets": 7273216000}, {"maxAge": 1, "endDate": "2019-12-31", "totalStockholderEquity": 7393717000, "netTangibleAssets": 7078243000}, {"maxAge": 1, "endDate": "2019-09-30", "cash": 724512000, "shortTermInvestments": 149882000, "netReceivables": 4802268000, "inventory": 4408521000, "otherCurrentAssets": 388365000, "totalCurrentAssets": 10473548000, "propertyPlantEquipment": 4440914000, "intangibleAssets": 315474000, "otherAssets": 612362000, "deferredLongTermAssetCharges": 354150000, "totalAssets": 15842298000, "accountsPayable": 2094311000, "otherCurrentLiab": 381702000, "longTermDebt": 372085000, "otherLiab": 278093000, "minorityInterest": 15629000, "totalCurrentLiabilities": 7782774000, "totalLiab": 8432952000, "commonStock": 643005000, "treasuryStock": 6750712000, "otherStockholderEquity": 6750712000, "totalStockholderEquity": 7393717000, "netTangibleAssets": 7078243000}], "maxAge": 86400}, "earningsHistory": {"history": [{"maxAge": 1, "epsActual": {}, "epsEstimate": {}, "epsDifference": {}, "surprisePercent": {}, "quarter": {}, "period": "-4q"}, {"maxAge": 1, "epsActual": {}, "epsEstimate": {}, "epsDifference": {}, "surprisePercent": {}, "quarter": {}, "period": "-3q"}, {"maxAge": 1, "epsActual": {}, "epsEstimate": {}, "epsDifference": {}, "surprisePercent": {}, "quarter": {}, "period": "-2q"}, {"maxAge": 1, "epsActual": 0.81, "epsEstimate": 1.97, "epsDifference": -1.16, "surprisePercent": -0.589, "quarter": "2017-06-30", "period": "-1q"}], "maxAge": 86400}, "indexTrend": {"maxAge": 1, "symbol": "SP5", "peRatio": 19.7411, "pegRatio": 1.34172, "estimates": [{"period": "0q", "growth": 0.549}, {"period": "+1q", "growth": 0.431}, {"period": "0y", "growth": 0.305}, {"period": "+1y", "growth": 0.109}, {"period": "+5y", "growth": 0.120865}, {"period": "-5y"}]}, "industryTrend": {"maxAge": 1, "symbol": null, "estimates": []}, "insiderTransactions": {"transactions": [{"maxAge": 1, "shares": 15000, "filerUrl": "", "transactionText": "", "filerName": "Seth (Lalit)", "filerRelation": "Chairman of the Board", "moneyText": "", "startDate": "2019-03-29", "ownership": "D"}, {"maxAge": 1, "shares": 20000, "filerUrl": "", "transactionText": "", "filerName": "Seth (Lalit)", "filerRelation": "Chairman of the Board", "moneyText": "", "startDate": "2019-02-25", "ownership": "D"}, {"maxAge": 1, "shares": 20000, "filerUrl": "", "transactionText": "", "filerName": "Seth (Lalit)", "filerRelation": "Chairman of the Board", "moneyText": "", "startDate": "2019-02-22", "ownership": "D"}, {"maxAge": 1, "shares": 10000, "filerUrl": "", "transactionText": "", "filerName": "Seth (Lalit)", "filerRelation": "Promoter", "moneyText": "", "startDate": "2018-11-15", "ownership": "D"}, {"maxAge": 1, "shares": 14000, "filerUrl": "", "transactionText": "", "filerName": "Seth (Lalit)", "filerRelation": "Promoter", "moneyText": "", "startDate": "2018-11-07", "ownership": "D"}, {"maxAge": 1, "shares": 17500, "filerUrl": "", "transactionText": "", "filerName": "Seth (Lalit)", "filerRelation": "Promoter", "moneyText": "", "startDate": "2018-11-06", "ownership": "D"}, {"maxAge": 1, "shares": 25000, "filerUrl": "", "transactionText": "", "filerName": "Seth (Lalit)", "filerRelation": "Promoter", "moneyText": "", "startDate": "2018-11-05", "ownership": "D"}], "maxAge": 1}, "quoteType": {"exchange": "BSE", "quoteType": "EQUITY", "symbol": "HPL.BO", "underlyingSymbol": "HPL.BO", "shortName": "HPL Electric & Power Limited", "longName": "HPL Electric &amp; Power Limited", "firstTradeDateEpochUtc": "2016-10-04 09:15:00", "timeZoneFullName": "Asia/Kolkata", "timeZoneShortName": "IST", "uuid": "4e15ca46-883d-3221-9d55-0b29cfb78d5e", "gmtOffSetMilliseconds": 19800000, "maxAge": 1}, "incomeStatementHistory": {"incomeStatementHistory": [{"maxAge": 1, "endDate": "2020-03-31", "totalRevenue": 9765144000, "costOfRevenue": 6216171000, "grossProfit": 3548973000, "researchDevelopment": {}, "sellingGeneralAdministrative": 1576269000, "nonRecurring": {}, "otherOperatingExpenses": 716435000, "totalOperatingExpenses": 8883073000, "operatingIncome": 882071000, "totalOtherIncomeExpenseNet": -575894000, "ebit": 882071000, "interestExpense": -551792000, "incomeBeforeTax": 306177000, "incomeTaxExpense": 86964000, "minorityInterest": 16641000, "netIncomeFromContinuingOps": 219213000, "discontinuedOperations": {}, "extraordinaryItems": {}, "effectOfAccountingCharges": {}, "otherItems": {}, "netIncome": 217723000, "netIncomeApplicableToCommonShares": 217723000}, {"maxAge": 1, "endDate": "2019-03-31", "totalRevenue": 11584746000, "costOfRevenue": 7657227000, "grossProfit": 3927519000, "researchDevelopment": {}, "sellingGeneralAdministrative": 1728544000, "nonRecurring": {}, "otherOperatingExpenses": 860702000, "totalOperatingExpenses": 10566838000, "operatingIncome": 1017908000, "totalOtherIncomeExpenseNet": -537506000, "ebit": 1017908000, "interestExpense": -501353000, "incomeBeforeTax": 480402000, "incomeTaxExpense": 153281000, "minorityInterest": 15161000, "netIncomeFromContinuingOps": 327121000, "discontinuedOperations": {}, "extraordinaryItems": {}, "effectOfAccountingCharges": {}, "otherItems": {}, "netIncome": 325289000, "netIncomeApplicableToCommonShares": 325289000}, {"maxAge": 1, "endDate": "2018-03-31", "totalRevenue": 10363142000, "costOfRevenue": 6897216000, "grossProfit": 3465926000, "researchDevelopment": {}, "sellingGeneralAdministrative": 1519827000, "nonRecurring": {}, "otherOperatingExpenses": 845739000, "totalOperatingExpenses": 9490686000, "operatingIncome": 872456000, "totalOtherIncomeExpenseNet": -467564000, "ebit": 872456000, "interestExpense": -430934000, "incomeBeforeTax": 404892000, "incomeTaxExpense": 129116000, "minorityInterest": 13328000, "netIncomeFromContinuingOps": 275776000, "discontinuedOperations": {}, "extraordinaryItems": {}, "effectOfAccountingCharges": {}, "otherItems": {}, "netIncome": 274287000, "netIncomeApplicableToCommonShares": 274287000}, {"maxAge": 1, "endDate": "2017-03-31", "totalRevenue": 9862867000, "costOfRevenue": 6587315000, "grossProfit": 3275552000, "researchDevelopment": {}, "sellingGeneralAdministrative": 1261111000, "nonRecurring": {}, "otherOperatingExpenses": 772872000, "totalOperatingExpenses": 8865852000, "operatingIncome": 997015000, "totalOtherIncomeExpenseNet": -627816000, "ebit": 997015000, "interestExpense": -594259000, "incomeBeforeTax": 369199000, "incomeTaxExpense": 109853000, "minorityInterest": 11839000, "netIncomeFromContinuingOps": 259346000, "discontinuedOperations": {}, "extraordinaryItems": {}, "effectOfAccountingCharges": {}, "otherItems": {}, "netIncome": 257668000, "netIncomeApplicableToCommonShares": 257668000}], "maxAge": 86400}, "fundOwnership": {"ownershipList": [], "maxAge": 1}, "summaryDetail": {"maxAge": 1, "priceHint": 2, "previousClose": 46.75, "open": 47.8, "dayLow": 45.7, "dayHigh": 47.8, "regularMarketPreviousClose": 46.75, "regularMarketOpen": 47.8, "regularMarketDayLow": 45.7, "regularMarketDayHigh": 47.8, "forwardPE": 7.8353148, "volume": 24517, "regularMarketVolume": 24517, "averageVolume": 39751, "averageVolume10days": 13270, "averageDailyVolume10Day": 13270, "bid": 45.95, "ask": 46.15, "bidSize": 0, "askSize": 0, "marketCap": 2947748352, "fiftyTwoWeekLow": 18.3, "fiftyTwoWeekHigh": 48.45, "fiftyDayAverage": 41.581818, "twoHundredDayAverage": 35.119118, "trailingAnnualDividendRate": 0.15, "trailingAnnualDividendYield": 0.0032085562, "currency": "INR", "fromCurrency": null, "lastMarket": null, "algorithm": null, "tradeable": false}, "sectorTrend": {"maxAge": 1, "symbol": null, "estimates": []}, "incomeStatementHistoryQuarterly": {"incomeStatementHistory": [{"maxAge": 1, "endDate": "2020-06-30", "totalRevenue": 961770000, "costOfRevenue": 644789000, "grossProfit": 316981000, "researchDevelopment": {}, "sellingGeneralAdministrative": 149945000, "nonRecurring": {}, "otherOperatingExpenses": 100702000, "totalOperatingExpenses": 1003940000, "operatingIncome": -42170000, "totalOtherIncomeExpenseNet": -146115000, "ebit": -42170000, "interestExpense": -157449000, "incomeBeforeTax": -188285000, "incomeTaxExpense": 6900000, "minorityInterest": {}, "netIncomeFromContinuingOps": -195185000, "discontinuedOperations": {}, "extraordinaryItems": {}, "effectOfAccountingCharges": {}, "otherItems": {}, "netIncome": -194926000, "netIncomeApplicableToCommonShares": -194926000}, {"maxAge": 1, "endDate": "2020-03-31", "totalRevenue": 2121558000, "costOfRevenue": 1414128000, "grossProfit": 707430000, "researchDevelopment": {}, "sellingGeneralAdministrative": 555287000, "nonRecurring": {}, "otherOperatingExpenses": -125070000, "totalOperatingExpenses": 1937511000, "operatingIncome": 184047000, "totalOtherIncomeExpenseNet": -145090000, "ebit": 184047000, "interestExpense": -93534000, "incomeBeforeTax": 38957000, "incomeTaxExpense": 13253000, "minorityInterest": 16641000, "netIncomeFromContinuingOps": 25704000, "discontinuedOperations": {}, "extraordinaryItems": {}, "effectOfAccountingCharges": {}, "otherItems": {}, "netIncome": 25186000, "netIncomeApplicableToCommonShares": 25186000}, {"maxAge": 1, "endDate": "2019-12-31", "totalRevenue": 2441364000, "costOfRevenue": 1519932000, "grossProfit": 921432000, "researchDevelopment": {}, "sellingGeneralAdministrative": 334471000, "nonRecurring": {}, "otherOperatingExpenses": 260922000, "totalOperatingExpenses": 2205841000, "operatingIncome": 235523000, "totalOtherIncomeExpenseNet": -145409000, "ebit": 235523000, "interestExpense": -152945000, "incomeBeforeTax": 90114000, "incomeTaxExpense": 22521000, "minorityInterest": 16641000, "netIncomeFromContinuingOps": 67593000, "discontinuedOperations": {}, "extraordinaryItems": {}, "effectOfAccountingCharges": {}, "otherItems": {}, "netIncome": 67089000, "netIncomeApplicableToCommonShares": 67089000}, {"maxAge": 1, "endDate": "2019-09-30", "totalRevenue": 2720417000, "costOfRevenue": 1719735000, "grossProfit": 1000682000, "researchDevelopment": {}, "sellingGeneralAdministrative": 343452000, "nonRecurring": {}, "otherOperatingExpenses": 306576000, "totalOperatingExpenses": 2465973000, "operatingIncome": 254444000, "totalOtherIncomeExpenseNet": -150194000, "ebit": 254444000, "interestExpense": -156435000, "incomeBeforeTax": 104250000, "incomeTaxExpense": 28905000, "minorityInterest": 15629000, "netIncomeFromContinuingOps": 75345000, "discontinuedOperations": {}, "extraordinaryItems": {}, "effectOfAccountingCharges": {}, "otherItems": {}, "netIncome": 74938000, "netIncomeApplicableToCommonShares": 74938000}], "maxAge": 86400}, "cashflowStatementHistoryQuarterly": {"cashflowStatements": [{"maxAge": 1, "endDate": "2020-06-30", "netIncome": -194926000, "changeToLiabilities": 0}, {"maxAge": 1, "endDate": "2020-03-31", "netIncome": 25186000, "changeToLiabilities": 0}, {"maxAge": 1, "endDate": "2019-12-31", "netIncome": 67089000, "changeToLiabilities": 0}, {"maxAge": 1, "endDate": "2019-09-30", "netIncome": 74938000, "changeToLiabilities": 0}], "maxAge": 86400}, "insiderHolders": {"holders": [{"maxAge": 1, "name": "Seth (Lalit)", "relation": "Chairman of the Board", "url": "", "transactionDescription": "Acquisition", "latestTransDate": "2019-03-29", "positionDirect": 7824598, "positionDirectDate": "2019-03-29"}], "maxAge": 1}, "earnings": {"maxAge": 86400, "earningsChart": {"quarterly": [{"date": "2Q2017", "actual": 0.81, "estimate": 1.97}], "currentQuarterEstimateDate": "3Q", "currentQuarterEstimateYear": 2017, "earningsDate": ["2020-09-14 05:30:S"]}, "financialsChart": {"yearly": [{"date": 2017, "revenue": 9862867000, "earnings": 257668000}, {"date": 2018, "revenue": 10363142000, "earnings": 274287000}, {"date": 2019, "revenue": 11584746000, "earnings": 325289000}, {"date": 2020, "revenue": 9765144000, "earnings": 217723000}], "quarterly": [{"date": "3Q2019", "revenue": 2720417000, "earnings": 74938000}, {"date": "4Q2019", "revenue": 2441364000, "earnings": 67089000}, {"date": "1Q2020", "revenue": 2121558000, "earnings": 25186000}, {"date": "2Q2020", "revenue": 961770000, "earnings": -194926000}]}, "financialCurrency": "INR"}, "calendarEvents": {"maxAge": 1, "earnings": {"earningsDate": ["2020-09-14 05:30:S"]}}, "upgradeDowngradeHistory": {"history": [], "maxAge": 86400}, "price": {"maxAge": 1, "regularMarketChangePercent": -0.012834192, "regularMarketChange": -0.5999985, "regularMarketTime": "2021-04-30 15:29:29", "priceHint": 2, "regularMarketPrice": 46.15, "regularMarketDayHigh": 47.8, "regularMarketDayLow": 45.7, "regularMarketVolume": 24517, "averageDailyVolume10Day": 13270, "averageDailyVolume3Month": 39751, "regularMarketPreviousClose": 46.75, "regularMarketSource": "FREE_REALTIME", "regularMarketOpen": 47.8, "exchange": "BSE", "exchangeName": "BSE", "exchangeDataDelayedBy": 0, "marketState": "CLOSED", "quoteType": "EQUITY", "symbol": "HPL.BO", "underlyingSymbol": null, "shortName": "HPL Electric & Power Limited", "longName": "HPL Electric &amp; Power Limited", "currency": "INR", "quoteSourceName": "Delayed Quote", "currencySymbol": "\u20b9", "fromCurrency": null, "lastMarket": null, "marketCap": 2947748352}, "balanceSheetHistory": {"balanceSheetStatements": [{"maxAge": 1, "endDate": "2020-03-31", "cash": 295703000, "netReceivables": 4672982000, "inventory": 4393877000, "otherCurrentAssets": 837039000, "totalCurrentAssets": 10213894000, "propertyPlantEquipment": 4755905000, "intangibleAssets": 213672000, "otherAssets": 509804000, "deferredLongTermAssetCharges": 340518000, "totalAssets": 15693275000, "accountsPayable": 1736666000, "shortLongTermDebt": 123266000, "otherCurrentLiab": 19759000, "longTermDebt": 511271000, "otherLiab": 255278000, "minorityInterest": 16641000, "totalCurrentLiabilities": 7423197000, "totalLiab": 8189746000, "commonStock": 643005000, "retainedEarnings": 3377132000, "treasuryStock": -193384000, "capitalSurplus": 3660135000, "otherStockholderEquity": -193384000, "totalStockholderEquity": 7486888000, "netTangibleAssets": 7273216000}, {"maxAge": 1, "endDate": "2019-03-31", "cash": 271712000, "shortTermInvestments": 146401000, "netReceivables": 4744140000, "inventory": 4140799000, "otherCurrentAssets": 830871000, "totalCurrentAssets": 10012104000, "propertyPlantEquipment": 4307210000, "intangibleAssets": 296808000, "otherAssets": 591840000, "deferredLongTermAssetCharges": 374275000, "totalAssets": 15207962000, "accountsPayable": 2160310000, "shortLongTermDebt": 85597000, "otherCurrentLiab": 12726000, "longTermDebt": 252314000, "otherLiab": 209500000, "minorityInterest": 15161000, "totalCurrentLiabilities": 7446147000, "totalLiab": 7907961000, "commonStock": 643005000, "retainedEarnings": 3175084000, "treasuryStock": -193384000, "capitalSurplus": 3660135000, "otherStockholderEquity": -193384000, "totalStockholderEquity": 7284840000, "netTangibleAssets": 6988032000}, {"maxAge": 1, "endDate": "2018-03-31", "cash": 74990000, "netReceivables": 4693915000, "inventory": 4237327000, "otherCurrentAssets": 1171192000, "totalCurrentAssets": 10221159000, "propertyPlantEquipment": 4028727000, "intangibleAssets": 226153000, "otherAssets": 732070000, "deferredLongTermAssetCharges": 431863000, "totalAssets": 15208109000, "accountsPayable": 2883076000, "shortLongTermDebt": 60833000, "otherCurrentLiab": 22885000, "longTermDebt": 213426000, "otherLiab": 200391000, "minorityInterest": 13328000, "totalCurrentLiabilities": 7741844000, "totalLiab": 8155661000, "commonStock": 643005000, "retainedEarnings": 2929364000, "treasuryStock": -193384000, "capitalSurplus": 3660135000, "otherStockholderEquity": -193384000, "totalStockholderEquity": 7039120000, "netTangibleAssets": 6812967000}, {"maxAge": 1, "endDate": "2017-03-31", "cash": 110118000, "netReceivables": 4737882000, "inventory": 3775793000, "otherCurrentAssets": 1112621000, "totalCurrentAssets": 9780026000, "propertyPlantEquipment": 3750054000, "intangibleAssets": 236657000, "otherAssets": 503547000, "deferredLongTermAssetCharges": 470559000, "totalAssets": 14270284000, "accountsPayable": 2651346000, "shortLongTermDebt": 1295000, "otherCurrentLiab": 498107000, "longTermDebt": 129139000, "otherLiab": 198541000, "minorityInterest": 11839000, "totalCurrentLiabilities": 7049710000, "totalLiab": 7377390000, "commonStock": 643005000, "retainedEarnings": 2771299000, "treasuryStock": -193384000, "capitalSurplus": 3660135000, "otherStockholderEquity": -193384000, "totalStockholderEquity": 6881055000, "netTangibleAssets": 6644398000}], "maxAge": 86400}, "earningsTrend": {"trend": [{"maxAge": 1, "period": "0q", "endDate": "2017-09-30", "growth": {}, "earningsEstimate": {"avg": 0.0, "low": 0.0, "high": 0.0, "yearAgoEps": {}, "numberOfAnalysts": 0, "growth": {}}, "revenueEstimate": {"avg": 0, "low": 0, "high": 0, "numberOfAnalysts": 0, "yearAgoRevenue": {}, "growth": {}}, "epsTrend": {"current": 0.0, "7daysAgo": 0.0, "30daysAgo": 0.0, "60daysAgo": 0.0, "90daysAgo": 0.0}, "epsRevisions": {"upLast7days": 0, "upLast30days": 0, "downLast30days": 0, "downLast90days": {}}}, {"maxAge": 1, "period": "+1q", "endDate": "2017-12-31", "growth": {}, "earningsEstimate": {"avg": 0.0, "low": 0.0, "high": 0.0, "yearAgoEps": {}, "numberOfAnalysts": 0, "growth": {}}, "revenueEstimate": {"avg": 0, "low": 0, "high": 0, "numberOfAnalysts": 0, "yearAgoRevenue": {}, "growth": {}}, "epsTrend": {"current": 0.0, "7daysAgo": 0.0, "30daysAgo": 0.0, "60daysAgo": 0.0, "90daysAgo": 0.0}, "epsRevisions": {"upLast7days": 0, "upLast30days": 0, "downLast30days": 0, "downLast90days": {}}}, {"maxAge": 1, "period": "0y", "endDate": "2018-03-31", "growth": {}, "earningsEstimate": {"avg": 0.0, "low": 0.0, "high": 0.0, "yearAgoEps": {}, "numberOfAnalysts": 0, "growth": {}}, "revenueEstimate": {"avg": 10613600000, "low": 10700700000, "high": 10700700000, "numberOfAnalysts": 1, "yearAgoRevenue": {}, "growth": {}}, "epsTrend": {"current": 0.0, "7daysAgo": 4.92, "30daysAgo": 4.92, "60daysAgo": 4.92, "90daysAgo": 4.92}, "epsRevisions": {"upLast7days": 0, "upLast30days": 0, "downLast30days": 0, "downLast90days": {}}}, {"maxAge": 1, "period": "+1y", "endDate": "2019-03-31", "growth": {}, "earningsEstimate": {"avg": 0.0, "low": 0.0, "high": 0.0, "yearAgoEps": {}, "numberOfAnalysts": 0, "growth": {}}, "revenueEstimate": {"avg": 11674900000, "low": 11674900000, "high": 11674900000, "numberOfAnalysts": 1, "yearAgoRevenue": 10613600000, "growth": 0.1}, "epsTrend": {"current": 0.0, "7daysAgo": 5.89, "30daysAgo": 5.89, "60daysAgo": 5.89, "90daysAgo": 5.89}, "epsRevisions": {"upLast7days": 0, "upLast30days": 0, "downLast30days": 0, "downLast90days": {}}}, {"maxAge": 1, "period": "+5y", "endDate": null, "growth": {}, "earningsEstimate": {"avg": {}, "low": {}, "high": {}, "yearAgoEps": {}, "numberOfAnalysts": {}, "growth": {}}, "revenueEstimate": {"avg": {}, "low": {}, "high": {}, "numberOfAnalysts": {}, "yearAgoRevenue": {}, "growth": {}}, "epsTrend": {"current": {}, "7daysAgo": {}, "30daysAgo": {}, "60daysAgo": {}, "90daysAgo": {}}, "epsRevisions": {"upLast7days": {}, "upLast30days": {}, "downLast30days": {}, "downLast90days": {}}}, {"maxAge": 1, "period": "-5y", "endDate": null, "growth": {}, "earningsEstimate": {"avg": {}, "low": {}, "high": {}, "yearAgoEps": {}, "numberOfAnalysts": {}, "growth": {}}, "revenueEstimate": {"avg": {}, "low": {}, "high": {}, "numberOfAnalysts": {}, "yearAgoRevenue": {}, "growth": {}}, "epsTrend": {"current": {}, "7daysAgo": {}, "30daysAgo": {}, "60daysAgo": {}, "90daysAgo": {}}, "epsRevisions": {"upLast7days": {}, "upLast30days": {}, "downLast30days": {}, "downLast90days": {}}}], "maxAge": 1}, "financialData": {"maxAge": 86400, "currentPrice": 46.15, "recommendationKey": "none", "grossProfits": 3548973000, "financialCurrency": "INR"}}}