{"HPL.NS": {"assetProfile": {"address1": "Windsor Business Park, B-1D", "address2": "Sector-10", "city": "Noida", "zip": "201301", "country": "India", "phone": "91 12 0465 6300", "fax": "91 12 0465 6333", "website": "http://www.hplindia.com", "industry": "Electrical Equipment & Parts", "sector": "Industrials", "longBusinessSummary": "HPL Electric & Power Limited manufactures and sells electric equipment under the HPL brand in India. The company operates through four segments: Metering, Switchgear, Lighting & Electronics, and Cables. It offers digital panel and energy, multi-function, din rail, 1Ph and 3P direct connection counter/LCD, trivector, dual source projection, long range integrated, import export \u00c2\u0096 net, and IR and IRDA meters; load managers and demand controllers; power factor control and regulators; meter cover boxes; LPR, prepaid, smart, and group metering solutions; and data acquisition and billing software. The company also provides switches, sockets, communication sockets, regulators and dimmers, support modules, specialty products, plates, and boxes; cordless chimes, extension cords, holders and celling roses, international adapters, plug and multi plugs, special products, spike guard and power strips, wire door bells, and video door phone accessories; and connectors and power socket combination products. In addition, it offers air circuit breakers, MCCB products, changeover switches, control and fuse gears, and isolators; and Osafe and RCCB products, MCB's and MCB changeover, distribution boards, ACCL 1 and 3 phase products, and oprotect products. Further, the company provides domestic and industrial wires; data networking and transmission, and specialty cables, as well as special, control, and instrumentation cables; downlights and panels; LED battens, lamp, panels, and spotlights; home d\u00c3\u00a9cor products; and architecture, retail, boilers and petrol pump, highbay, box type LED, weather proof, well glass, street, flood, and exotica lighting products, as well as solar products. It serves residential and commercial users, public and private enterprises, and power utilities through dealers and distributors. The company also exports its products in approximately 42 countries. HPL Electric & Power Limited was incorporated in 1992 and is based in Noida, India.", "fullTimeEmployees": 1234, "companyOfficers": [{"maxAge": 1, "name": "Mr. Lalit  Seth", "age": 73, "title": "Chairman", "yearBorn": 1947, "fiscalYear": 2020, "totalPay": 38176000, "exercisedValue": 0, "unexercisedValue": 0}, {"maxAge": 1, "name": "Mr. Rishi  Seth", "age": 50, "title": "MD & Director", "yearBorn": 1970, "fiscalYear": 2020, "totalPay": 15934000, "exercisedValue": 0, "unexercisedValue": 0}, {"maxAge": 1, "name": "Mr. Gautam  Seth", "age": 48, "title": "Joint MD & Director", "yearBorn": 1972, "fiscalYear": 2020, "totalPay": 15934000, "exercisedValue": 0, "unexercisedValue": 0}, {"maxAge": 1, "name": "Mr. Sudhir  Barik", "age": 52, "title": "Chief Financial Officer", "yearBorn": 1968, "fiscalYear": 2020, "totalPay": 3181000, "exercisedValue": 0, "unexercisedValue": 0}, {"maxAge": 1, "name": "Mr. Vivek  Kumar", "age": 44, "title": "Company Sec. & Compliance Officer", "yearBorn": 1976, "fiscalYear": 2020, "totalPay": 2030000, "exercisedValue": 0, "unexercisedValue": 0}, {"maxAge": 1, "name": "Mr. Predman Krishan Bhat", "age": 52, "title": "VP of Sales & Marketing", "yearBorn": 1968, "exercisedValue": 0, "unexercisedValue": 0}, {"maxAge": 1, "name": "Mr. Girjesh Narain Sharma", "age": 58, "title": "Chief VP", "yearBorn": 1962, "exercisedValue": 0, "unexercisedValue": 0}, {"maxAge": 1, "name": "Mr. C. R. Kundu", "age": 62, "title": "Sr. VP of Switchgear", "yearBorn": 1958, "exercisedValue": 0, "unexercisedValue": 0}, {"maxAge": 1, "name": "Ms. Praveen  Seth", "title": "Sr. Mang. of Admin.", "exercisedValue": 0, "unexercisedValue": 0}, {"maxAge": 1, "name": "Mr. C.  Easwards", "age": 66, "title": "Sr. VP of Marketing", "yearBorn": 1954, "exercisedValue": 0, "unexercisedValue": 0}], "compensationAsOfEpochDate": "2020-12-31 05:30:00", "maxAge": 86400}, "recommendationTrend": {"trend": [{"period": "0m", "strongBuy": 0, "buy": 0, "hold": 0, "sell": 0, "strongSell": 0}, {"period": "-1m", "strongBuy": 0, "buy": 0, "hold": 0, "sell": 0, "strongSell": 0}, {"period": "-2m", "strongBuy": 0, "buy": 0, "hold": 0, "sell": 0, "strongSell": 0}, {"period": "-3m", "strongBuy": 0, "buy": 0, "hold": 0, "sell": 0, "strongSell": 0}], "maxAge": 86400}, "cashflowStatementHistory": {"cashflowStatements": [{"maxAge": 1, "endDate": "2020-03-31", "netIncome": 217723000, "depreciation": 295624000, "changeToNetincome": 605891000, "changeToAccountReceivables": 100600000, "changeToLiabilities": -423644000, "changeToInventory": -253078000, "changeToOperatingActivities": 3454000, "totalCashFromOperatingActivities": 625144000, "capitalExpenditures": -651287000, "otherCashflowsFromInvestingActivities": 51217000, "totalCashflowsFromInvestingActivities": -599020000, "dividendsPaid": -12861000, "netBorrowings": 600575000, "otherCashflowsFromFinancingActivities": -617122000, "totalCashFromFinancingActivities": -29408000, "changeInCash": -3284000}, {"maxAge": 1, "endDate": "2019-03-31", "netIncome": 325289000, "depreciation": 260228000, "changeToNetincome": 613952000, "changeToAccountReceivables": -39315000, "changeToLiabilities": -722766000, "changeToInventory": 96528000, "changeToOperatingActivities": 236914000, "totalCashFromOperatingActivities": 830967000, "capitalExpenditures": -615275000, "otherCashflowsFromInvestingActivities": 41309000, "totalCashflowsFromInvestingActivities": -569030000, "dividendsPaid": -64300000, "netBorrowings": 368853000, "otherCashflowsFromFinancingActivities": -594687000, "totalCashFromFinancingActivities": -290134000, "changeInCash": -28197000}, {"maxAge": 1, "endDate": "2018-03-31", "netIncome": 274287000, "depreciation": 177224000, "changeToNetincome": 493215000, "changeToAccountReceivables": 7926000, "changeToLiabilities": 231730000, "changeToInventory": -461533000, "changeToOperatingActivities": -569401000, "totalCashFromOperatingActivities": 204128000, "capitalExpenditures": -630545000, "otherCashflowsFromInvestingActivities": 41991000, "totalCashflowsFromInvestingActivities": -586284000, "dividendsPaid": -96451000, "netBorrowings": 1030814000, "otherCashflowsFromFinancingActivities": -529817000, "totalCashFromFinancingActivities": 404546000, "changeInCash": 22390000}, {"maxAge": 1, "endDate": "2017-03-31", "netIncome": 257668000, "depreciation": 150610000, "changeToNetincome": 671799000, "changeToAccountReceivables": 637056000, "changeToLiabilities": -853003000, "changeToInventory": -599593000, "changeToOperatingActivities": -323821000, "totalCashFromOperatingActivities": 34660000, "capitalExpenditures": -585611000, "investments": 40000, "otherCashflowsFromInvestingActivities": 74521000, "totalCashflowsFromInvestingActivities": -509058000, "dividendsPaid": -4643000, "netBorrowings": -2187793000, "otherCashflowsFromFinancingActivities": -928621000, "totalCashFromFinancingActivities": 488943000, "changeInCash": 14545000, "issuanceOfStock": 3610000000}], "maxAge": 86400}, "indexTrend": {"maxAge": 1, "symbol": "SP5", "peRatio": 19.7411, "pegRatio": 1.34172, "estimates": [{"period": "0q", "growth": 0.549}, {"period": "+1q", "growth": 0.431}, {"period": "0y", "growth": 0.305}, {"period": "+1y", "growth": 0.109}, {"period": "+5y", "growth": 0.120865}, {"period": "-5y"}]}, "defaultKeyStatistics": {"maxAge": 1, "priceHint": 2, "enterpriseValue": 7975718400, "forwardPE": 7.8353148, "profitMargins": -0.00202, "floatShares": 16548452, "sharesOutstanding": 64300500, "heldPercentInsiders": 0.74367994, "heldPercentInstitutions": 0.018029999, "beta": 1.411371, "category": null, "bookValue": 114.328, "priceToBook": 0.40366316, "fundFamily": null, "legalType": null, "lastFiscalYearEnd": "2020-03-31 05:30:00", "nextFiscalYearEnd": "2022-03-31 05:30:00", "mostRecentQuarter": "2020-12-31 05:30:00", "earningsQuarterlyGrowth": 0.251, "netIncomeToCommon": -15722000, "trailingEps": -0.246, "forwardEps": 5.89, "lastSplitFactor": null, "enterpriseToRevenue": 1.023, "enterpriseToEbitda": 9.132}, "industryTrend": {"maxAge": 1, "symbol": null, "estimates": []}, "quoteType": {"exchange": "NSI", "quoteType": "EQUITY", "symbol": "HPL.NS", "underlyingSymbol": "HPL.NS", "shortName": "HPL ELECTRIC POWER", "longName": "HPL Electric & Power Limited", "firstTradeDateEpochUtc": "2016-10-04 09:15:00", "timeZoneFullName": "Asia/Kolkata", "timeZoneShortName": "IST", "uuid": "e9c96fba-d281-3a23-881f-8ab42f7354ad", "gmtOffSetMilliseconds": 19800000, "maxAge": 1}, "incomeStatementHistory": {"incomeStatementHistory": [{"maxAge": 1, "endDate": "2020-03-31", "totalRevenue": 9765144000, "costOfRevenue": 6216171000, "grossProfit": 3548973000, "researchDevelopment": {}, "sellingGeneralAdministrative": 1576269000, "nonRecurring": {}, "otherOperatingExpenses": 716435000, "totalOperatingExpenses": 8883073000, "operatingIncome": 882071000, "totalOtherIncomeExpenseNet": -575894000, "ebit": 882071000, "interestExpense": -551792000, "incomeBeforeTax": 306177000, "incomeTaxExpense": 86964000, "minorityInterest": 16641000, "netIncomeFromContinuingOps": 219213000, "discontinuedOperations": {}, "extraordinaryItems": {}, "effectOfAccountingCharges": {}, "otherItems": {}, "netIncome": 217723000, "netIncomeApplicableToCommonShares": 217723000}, {"maxAge": 1, "endDate": "2019-03-31", "totalRevenue": 11584746000, "costOfRevenue": 7657227000, "grossProfit": 3927519000, "researchDevelopment": {}, "sellingGeneralAdministrative": 1728544000, "nonRecurring": {}, "otherOperatingExpenses": 860702000, "totalOperatingExpenses": 10566838000, "operatingIncome": 1017908000, "totalOtherIncomeExpenseNet": -537506000, "ebit": 1017908000, "interestExpense": -501353000, "incomeBeforeTax": 480402000, "incomeTaxExpense": 153281000, "minorityInterest": 15161000, "netIncomeFromContinuingOps": 327121000, "discontinuedOperations": {}, "extraordinaryItems": {}, "effectOfAccountingCharges": {}, "otherItems": {}, "netIncome": 325289000, "netIncomeApplicableToCommonShares": 325289000}, {"maxAge": 1, "endDate": "2018-03-31", "totalRevenue": 10363142000, "costOfRevenue": 6897216000, "grossProfit": 3465926000, "researchDevelopment": {}, "sellingGeneralAdministrative": 1519827000, "nonRecurring": {}, "otherOperatingExpenses": 845739000, "totalOperatingExpenses": 9490686000, "operatingIncome": 872456000, "totalOtherIncomeExpenseNet": -467564000, "ebit": 872456000, "interestExpense": -430934000, "incomeBeforeTax": 404892000, "incomeTaxExpense": 129116000, "minorityInterest": 13328000, "netIncomeFromContinuingOps": 275776000, "discontinuedOperations": {}, "extraordinaryItems": {}, "effectOfAccountingCharges": {}, "otherItems": {}, "netIncome": 274287000, "netIncomeApplicableToCommonShares": 274287000}, {"maxAge": 1, "endDate": "2017-03-31", "totalRevenue": 9862867000, "costOfRevenue": 6587315000, "grossProfit": 3275552000, "researchDevelopment": {}, "sellingGeneralAdministrative": 1261111000, "nonRecurring": {}, "otherOperatingExpenses": 772872000, "totalOperatingExpenses": 8865852000, "operatingIncome": 997015000, "totalOtherIncomeExpenseNet": -627816000, "ebit": 997015000, "interestExpense": -594259000, "incomeBeforeTax": 369199000, "incomeTaxExpense": 109853000, "minorityInterest": 11839000, "netIncomeFromContinuingOps": 259346000, "discontinuedOperations": {}, "extraordinaryItems": {}, "effectOfAccountingCharges": {}, "otherItems": {}, "netIncome": 257668000, "netIncomeApplicableToCommonShares": 257668000}], "maxAge": 86400}, "fundOwnership": {"ownershipList": [], "maxAge": 1}, "summaryDetail": {"maxAge": 1, "priceHint": 2, "previousClose": 46.6, "open": 46.45, "dayLow": 45.75, "dayHigh": 47.35, "regularMarketPreviousClose": 46.6, "regularMarketOpen": 46.45, "regularMarketDayLow": 45.75, "regularMarketDayHigh": 47.35, "dividendRate": 0.15, "dividendYield": 0.0032, "exDividendDate": "2020-09-22 05:30:00", "beta": 1.411371, "forwardPE": 7.8353148, "volume": 118046, "regularMarketVolume": 118046, "averageVolume": 574554, "averageVolume10days": 87743, "averageDailyVolume10Day": 87743, "bid": 0.0, "ask": 0.0, "bidSize": 0, "askSize": 0, "marketCap": 2967468288, "fiftyTwoWeekLow": 21.1, "fiftyTwoWeekHigh": 64.7, "priceToSalesTrailing12Months": 0.38073292, "fiftyDayAverage": 46.780884, "twoHundredDayAverage": 38.37624, "trailingAnnualDividendRate": 0.15, "trailingAnnualDividendYield": 0.0032188843, "currency": "INR", "fromCurrency": null, "lastMarket": null, "algorithm": null, "tradeable": false}, "insiderHolders": {"holders": [{"maxAge": 1, "name": "Seth (Lalit)", "relation": "Chairman of the Board", "url": "", "transactionDescription": "Acquisition", "latestTransDate": "2020-12-21", "positionDirect": 8030228, "positionDirectDate": "2020-12-21"}], "maxAge": 1}, "calendarEvents": {"maxAge": 1, "earnings": {"earningsDate": ["2019-07-31 05:30:S", "2019-08-05 05:30:S"]}, "exDividendDate": "2020-09-22 05:30:00"}, "upgradeDowngradeHistory": {"history": [], "maxAge": 86400}, "price": {"maxAge": 1, "regularMarketChangePercent": -0.009656588, "regularMarketChange": -0.44999695, "regularMarketTime": "2021-04-30 15:29:27", "priceHint": 2, "regularMarketPrice": 46.15, "regularMarketDayHigh": 47.35, "regularMarketDayLow": 45.75, "regularMarketVolume": 118046, "averageDailyVolume10Day": 87743, "averageDailyVolume3Month": 574554, "regularMarketPreviousClose": 46.6, "regularMarketSource": "FREE_REALTIME", "regularMarketOpen": 46.45, "exchange": "NSI", "exchangeName": "NSE", "exchangeDataDelayedBy": 15, "marketState": "CLOSED", "quoteType": "EQUITY", "symbol": "HPL.NS", "underlyingSymbol": null, "shortName": "HPL ELECTRIC POWER", "longName": "HPL Electric & Power Limited", "currency": "INR", "quoteSourceName": "Delayed Quote", "currencySymbol": "\u20b9", "fromCurrency": null, "lastMarket": null, "marketCap": 2967468288}, "balanceSheetHistory": {"balanceSheetStatements": [{"maxAge": 1, "endDate": "2020-03-31", "cash": 295703000, "netReceivables": 4672982000, "inventory": 4393877000, "otherCurrentAssets": 837039000, "totalCurrentAssets": 10213894000, "propertyPlantEquipment": 4755905000, "intangibleAssets": 213672000, "otherAssets": 509804000, "deferredLongTermAssetCharges": 340518000, "totalAssets": 15693275000, "accountsPayable": 1736666000, "shortLongTermDebt": 123266000, "otherCurrentLiab": 19759000, "longTermDebt": 511271000, "otherLiab": 203903000, "minorityInterest": 16641000, "totalCurrentLiabilities": 7423197000, "totalLiab": 8189746000, "commonStock": 643005000, "retainedEarnings": 3377132000, "treasuryStock": -193384000, "capitalSurplus": 3660135000, "otherStockholderEquity": -193384000, "totalStockholderEquity": 7486888000, "netTangibleAssets": 7273216000}, {"maxAge": 1, "endDate": "2019-03-31", "cash": 271712000, "shortTermInvestments": 146401000, "netReceivables": 4744140000, "inventory": 4140799000, "otherCurrentAssets": 830871000, "totalCurrentAssets": 10012104000, "propertyPlantEquipment": 4307210000, "intangibleAssets": 296808000, "otherAssets": 591840000, "deferredLongTermAssetCharges": 374275000, "totalAssets": 15207962000, "accountsPayable": 2160310000, "shortLongTermDebt": 85597000, "otherCurrentLiab": 12726000, "longTermDebt": 252314000, "otherLiab": 209500000, "minorityInterest": 15161000, "totalCurrentLiabilities": 7446147000, "totalLiab": 7907961000, "commonStock": 643005000, "retainedEarnings": 3175084000, "treasuryStock": -193384000, "capitalSurplus": 3660135000, "otherStockholderEquity": -193384000, "totalStockholderEquity": 7284840000, "netTangibleAssets": 6988032000}, {"maxAge": 1, "endDate": "2018-03-31", "cash": 74990000, "netReceivables": 4693915000, "inventory": 4237327000, "otherCurrentAssets": 1171192000, "totalCurrentAssets": 10221159000, "propertyPlantEquipment": 4028727000, "intangibleAssets": 226153000, "otherAssets": 732070000, "deferredLongTermAssetCharges": 431863000, "totalAssets": 15208109000, "accountsPayable": 2883076000, "shortLongTermDebt": 60833000, "otherCurrentLiab": 22885000, "longTermDebt": 213426000, "otherLiab": 200391000, "minorityInterest": 13328000, "totalCurrentLiabilities": 7741844000, "totalLiab": 8155661000, "commonStock": 643005000, "retainedEarnings": 2929364000, "treasuryStock": -193384000, "capitalSurplus": 3660135000, "otherStockholderEquity": -193384000, "totalStockholderEquity": 7039120000, "netTangibleAssets": 6812967000}, {"maxAge": 1, "endDate": "2017-03-31", "cash": 110118000, "netReceivables": 4737882000, "inventory": 3775793000, "otherCurrentAssets": 1112621000, "totalCurrentAssets": 9780026000, "propertyPlantEquipment": 3750054000, "intangibleAssets": 236657000, "otherAssets": 503547000, "deferredLongTermAssetCharges": 470559000, "totalAssets": 14270284000, "accountsPayable": 2651346000, "shortLongTermDebt": 1295000, "otherCurrentLiab": 498107000, "longTermDebt": 129139000, "otherLiab": 198541000, "minorityInterest": 11839000, "totalCurrentLiabilities": 7049710000, "totalLiab": 7377390000, "commonStock": 643005000, "retainedEarnings": 2771299000, "treasuryStock": -193384000, "capitalSurplus": 3660135000, "otherStockholderEquity": -193384000, "totalStockholderEquity": 6881055000, "netTangibleAssets": 6644398000}], "maxAge": 86400}, "earningsTrend": {"trend": [{"maxAge": 1, "period": "0q", "endDate": "2017-09-30", "growth": {}, "earningsEstimate": {"avg": 0.0, "low": 0.0, "high": 0.0, "yearAgoEps": {}, "numberOfAnalysts": 0, "growth": {}}, "revenueEstimate": {"avg": 0, "low": 0, "high": 0, "numberOfAnalysts": 0, "yearAgoRevenue": {}, "growth": {}}, "epsTrend": {"current": 0.0, "7daysAgo": 0.0, "30daysAgo": 0.0, "60daysAgo": 0.0, "90daysAgo": 0.0}, "epsRevisions": {"upLast7days": 0, "upLast30days": 0, "downLast30days": 0, "downLast90days": {}}}, {"maxAge": 1, "period": "+1q", "endDate": "2017-12-31", "growth": {}, "earningsEstimate": {"avg": 0.0, "low": 0.0, "high": 0.0, "yearAgoEps": {}, "numberOfAnalysts": 0, "growth": {}}, "revenueEstimate": {"avg": 0, "low": 0, "high": 0, "numberOfAnalysts": 0, "yearAgoRevenue": {}, "growth": {}}, "epsTrend": {"current": 0.0, "7daysAgo": 0.0, "30daysAgo": 0.0, "60daysAgo": 0.0, "90daysAgo": 0.0}, "epsRevisions": {"upLast7days": 0, "upLast30days": 0, "downLast30days": 0, "downLast90days": {}}}, {"maxAge": 1, "period": "0y", "endDate": "2018-03-31", "growth": {}, "earningsEstimate": {"avg": 0.0, "low": 0.0, "high": 0.0, "yearAgoEps": {}, "numberOfAnalysts": 0, "growth": {}}, "revenueEstimate": {"avg": 10613600000, "low": 10700700000, "high": 10700700000, "numberOfAnalysts": 1, "yearAgoRevenue": {}, "growth": {}}, "epsTrend": {"current": 0.0, "7daysAgo": 4.92, "30daysAgo": 4.92, "60daysAgo": 4.92, "90daysAgo": 4.92}, "epsRevisions": {"upLast7days": 0, "upLast30days": 0, "downLast30days": 0, "downLast90days": {}}}, {"maxAge": 1, "period": "+1y", "endDate": "2019-03-31", "growth": {}, "earningsEstimate": {"avg": 5.89, "low": 5.89, "high": 5.89, "yearAgoEps": {}, "numberOfAnalysts": 1, "growth": {}}, "revenueEstimate": {"avg": 11674900000, "low": 11674900000, "high": 11674900000, "numberOfAnalysts": 1, "yearAgoRevenue": 10613600000, "growth": 0.1}, "epsTrend": {"current": 5.89, "7daysAgo": 5.89, "30daysAgo": 5.89, "60daysAgo": 6.93, "90daysAgo": 6.93}, "epsRevisions": {"upLast7days": 0, "upLast30days": 0, "downLast30days": 0, "downLast90days": {}}}, {"maxAge": 1, "period": "+5y", "endDate": null, "growth": {}, "earningsEstimate": {"avg": {}, "low": {}, "high": {}, "yearAgoEps": {}, "numberOfAnalysts": {}, "growth": {}}, "revenueEstimate": {"avg": {}, "low": {}, "high": {}, "numberOfAnalysts": {}, "yearAgoRevenue": {}, "growth": {}}, "epsTrend": {"current": {}, "7daysAgo": {}, "30daysAgo": {}, "60daysAgo": {}, "90daysAgo": {}}, "epsRevisions": {"upLast7days": {}, "upLast30days": {}, "downLast30days": {}, "downLast90days": {}}}, {"maxAge": 1, "period": "-5y", "endDate": null, "growth": {}, "earningsEstimate": {"avg": {}, "low": {}, "high": {}, "yearAgoEps": {}, "numberOfAnalysts": {}, "growth": {}}, "revenueEstimate": {"avg": {}, "low": {}, "high": {}, "numberOfAnalysts": {}, "yearAgoRevenue": {}, "growth": {}}, "epsTrend": {"current": {}, "7daysAgo": {}, "30daysAgo": {}, "60daysAgo": {}, "90daysAgo": {}}, "epsRevisions": {"upLast7days": {}, "upLast30days": {}, "downLast30days": {}, "downLast90days": {}}}], "maxAge": 1}, "institutionOwnership": {"ownershipList": [], "maxAge": 1}, "majorHoldersBreakdown": {"maxAge": 1, "insidersPercentHeld": 0.74367994, "institutionsPercentHeld": 0.018029999, "institutionsFloatPercentHeld": 0.07035, "institutionsCount": 1}, "balanceSheetHistoryQuarterly": {"balanceSheetStatements": [{"maxAge": 1, "endDate": "2020-12-31", "totalStockholderEquity": 7352335000, "netTangibleAssets": 7178056000}, {"maxAge": 1, "endDate": "2020-09-30", "cash": 726148000, "shortTermInvestments": 141290000, "netReceivables": 4619016000, "inventory": 4600878000, "otherCurrentAssets": 362022000, "totalCurrentAssets": 10449354000, "propertyPlantEquipment": 4580856000, "intangibleAssets": 174279000, "otherAssets": 500270000, "deferredLongTermAssetCharges": 329525000, "totalAssets": 15704759000, "accountsPayable": 1691119000, "otherCurrentLiab": 526465000, "longTermDebt": 648403000, "otherLiab": 248137000, "minorityInterest": 16521000, "totalCurrentLiabilities": 7439363000, "totalLiab": 8335903000, "commonStock": 643005000, "treasuryStock": 6709330000, "otherStockholderEquity": 6709330000, "totalStockholderEquity": 7352335000, "netTangibleAssets": 7178056000}, {"maxAge": 1, "endDate": "2020-06-30", "totalStockholderEquity": 7486888000, "netTangibleAssets": 7273216000}, {"maxAge": 1, "endDate": "2020-03-31", "cash": 295703000, "netReceivables": 4672982000, "inventory": 4393877000, "otherCurrentAssets": 837039000, "totalCurrentAssets": 10213894000, "propertyPlantEquipment": 4755905000, "intangibleAssets": 213672000, "otherAssets": 509804000, "deferredLongTermAssetCharges": 340518000, "totalAssets": 15693275000, "accountsPayable": 1736666000, "shortLongTermDebt": 123266000, "otherCurrentLiab": 19759000, "longTermDebt": 511271000, "otherLiab": 203903000, "minorityInterest": 16641000, "totalCurrentLiabilities": 7423197000, "totalLiab": 8189746000, "commonStock": 643005000, "retainedEarnings": 3377132000, "treasuryStock": -193384000, "capitalSurplus": 3660135000, "otherStockholderEquity": -193384000, "totalStockholderEquity": 7486888000, "netTangibleAssets": 7273216000}], "maxAge": 86400}, "earningsHistory": {"history": [{"maxAge": 1, "epsActual": {}, "epsEstimate": {}, "epsDifference": {}, "surprisePercent": {}, "quarter": {}, "period": "-4q"}, {"maxAge": 1, "epsActual": {}, "epsEstimate": {}, "epsDifference": {}, "surprisePercent": {}, "quarter": {}, "period": "-3q"}, {"maxAge": 1, "epsActual": {}, "epsEstimate": {}, "epsDifference": {}, "surprisePercent": {}, "quarter": {}, "period": "-2q"}, {"maxAge": 1, "epsActual": 0.81, "epsEstimate": 1.97, "epsDifference": -1.16, "surprisePercent": -0.589, "quarter": "2017-06-30", "period": "-1q"}], "maxAge": 86400}, "summaryProfile": {"address1": "Windsor Business Park, B-1D", "address2": "Sector-10", "city": "Noida", "zip": "201301", "country": "India", "phone": "91 12 0465 6300", "fax": "91 12 0465 6333", "website": "http://www.hplindia.com", "industry": "Electrical Equipment & Parts", "sector": "Industrials", "longBusinessSummary": "HPL Electric & Power Limited manufactures and sells electric equipment under the HPL brand in India. The company operates through four segments: Metering, Switchgear, Lighting & Electronics, and Cables. It offers digital panel and energy, multi-function, din rail, 1Ph and 3P direct connection counter/LCD, trivector, dual source projection, long range integrated, import export \u00c2\u0096 net, and IR and IRDA meters; load managers and demand controllers; power factor control and regulators; meter cover boxes; LPR, prepaid, smart, and group metering solutions; and data acquisition and billing software. The company also provides switches, sockets, communication sockets, regulators and dimmers, support modules, specialty products, plates, and boxes; cordless chimes, extension cords, holders and celling roses, international adapters, plug and multi plugs, special products, spike guard and power strips, wire door bells, and video door phone accessories; and connectors and power socket combination products. In addition, it offers air circuit breakers, MCCB products, changeover switches, control and fuse gears, and isolators; and Osafe and RCCB products, MCB's and MCB changeover, distribution boards, ACCL 1 and 3 phase products, and oprotect products. Further, the company provides domestic and industrial wires; data networking and transmission, and specialty cables, as well as special, control, and instrumentation cables; downlights and panels; LED battens, lamp, panels, and spotlights; home d\u00c3\u00a9cor products; and architecture, retail, boilers and petrol pump, highbay, box type LED, weather proof, well glass, street, flood, and exotica lighting products, as well as solar products. It serves residential and commercial users, public and private enterprises, and power utilities through dealers and distributors. The company also exports its products in approximately 42 countries. HPL Electric & Power Limited was incorporated in 1992 and is based in Noida, India.", "fullTimeEmployees": 1234, "companyOfficers": [], "maxAge": 86400}, "netSharePurchaseActivity": {"maxAge": 1, "period": "6m", "buyInfoCount": 0, "buyInfoShares": 0, "sellInfoCount": 0, "netInfoCount": 0, "netInfoShares": 0, "netPercentInsiderShares": 0.0, "totalInsiderShares": 47641500}, "insiderTransactions": {"transactions": [{"maxAge": 1, "shares": 15000, "filerUrl": "", "transactionText": "", "filerName": "Seth (Lalit)", "filerRelation": "Chairman of the Board", "moneyText": "", "startDate": "2019-03-29", "ownership": "D"}, {"maxAge": 1, "shares": 20000, "filerUrl": "", "transactionText": "", "filerName": "Seth (Lalit)", "filerRelation": "Chairman of the Board", "moneyText": "", "startDate": "2019-02-25", "ownership": "D"}, {"maxAge": 1, "shares": 20000, "filerUrl": "", "transactionText": "", "filerName": "Seth (Lalit)", "filerRelation": "Chairman of the Board", "moneyText": "", "startDate": "2019-02-22", "ownership": "D"}, {"maxAge": 1, "shares": 10000, "filerUrl": "", "transactionText": "", "filerName": "Seth (Lalit)", "filerRelation": "Promoter", "moneyText": "", "startDate": "2018-11-15", "ownership": "D"}, {"maxAge": 1, "shares": 14000, "filerUrl": "", "transactionText": "", "filerName": "Seth (Lalit)", "filerRelation": "Promoter", "moneyText": "", "startDate": "2018-11-07", "ownership": "D"}, {"maxAge": 1, "shares": 17500, "filerUrl": "", "transactionText": "", "filerName": "Seth (Lalit)", "filerRelation": "Promoter", "moneyText": "", "startDate": "2018-11-06", "ownership": "D"}, {"maxAge": 1, "shares": 25000, "filerUrl": "", "transactionText": "", "filerName": "Seth (Lalit)", "filerRelation": "Promoter", "moneyText": "", "startDate": "2018-11-05", "ownership": "D"}], "maxAge": 1}, "sectorTrend": {"maxAge": 1, "symbol": null, "estimates": []}, "incomeStatementHistoryQuarterly": {"incomeStatementHistory": [{"maxAge": 1, "endDate": "2020-12-31", "totalRevenue": 2439877000, "costOfRevenue": 1543124000, "grossProfit": 896753000, "researchDevelopment": {}, "sellingGeneralAdministrative": 312557000, "nonRecurring": {}, "otherOperatingExpenses": 237148000, "totalOperatingExpenses": 2204793000, "operatingIncome": 235084000, "totalOtherIncomeExpenseNet": -154754000, "ebit": 235084000, "interestExpense": -162743000, "incomeBeforeTax": 80330000, "incomeTaxExpense": -3767000, "minorityInterest": {}, "netIncomeFromContinuingOps": 84097000, "discontinuedOperations": {}, "extraordinaryItems": {}, "effectOfAccountingCharges": {}, "otherItems": {}, "netIncome": 83921000, "netIncomeApplicableToCommonShares": 83921000}, {"maxAge": 1, "endDate": "2020-09-30", "totalRevenue": 2270889000, "costOfRevenue": 1422435000, "grossProfit": 848454000, "researchDevelopment": {}, "sellingGeneralAdministrative": 273178000, "nonRecurring": {}, "otherOperatingExpenses": 235206000, "totalOperatingExpenses": 2042688000, "operatingIncome": 228201000, "totalOtherIncomeExpenseNet": -153148000, "ebit": 228201000, "interestExpense": -161540000, "incomeBeforeTax": 75053000, "incomeTaxExpense": 4814000, "minorityInterest": 16521000, "netIncomeFromContinuingOps": 70239000, "discontinuedOperations": {}, "extraordinaryItems": {}, "effectOfAccountingCharges": {}, "otherItems": {}, "netIncome": 70097000, "netIncomeApplicableToCommonShares": 70097000}, {"maxAge": 1, "endDate": "2020-06-30", "totalRevenue": 961770000, "costOfRevenue": 644789000, "grossProfit": 316981000, "researchDevelopment": {}, "sellingGeneralAdministrative": 149945000, "nonRecurring": {}, "otherOperatingExpenses": 100702000, "totalOperatingExpenses": 1003940000, "operatingIncome": -42170000, "totalOtherIncomeExpenseNet": -146115000, "ebit": -42170000, "interestExpense": -157449000, "incomeBeforeTax": -188285000, "incomeTaxExpense": 6900000, "minorityInterest": 16521000, "netIncomeFromContinuingOps": -195185000, "discontinuedOperations": {}, "extraordinaryItems": {}, "effectOfAccountingCharges": {}, "otherItems": {}, "netIncome": -194926000, "netIncomeApplicableToCommonShares": -194926000}, {"maxAge": 1, "endDate": "2020-03-31", "totalRevenue": 2121558000, "costOfRevenue": 1414128000, "grossProfit": 707430000, "researchDevelopment": {}, "sellingGeneralAdministrative": 555287000, "nonRecurring": {}, "otherOperatingExpenses": -125070000, "totalOperatingExpenses": 1937511000, "operatingIncome": 184047000, "totalOtherIncomeExpenseNet": -145090000, "ebit": 184047000, "interestExpense": -93534000, "incomeBeforeTax": 38957000, "incomeTaxExpense": 13253000, "minorityInterest": 16641000, "netIncomeFromContinuingOps": 25704000, "discontinuedOperations": {}, "extraordinaryItems": {}, "effectOfAccountingCharges": {}, "otherItems": {}, "netIncome": 25186000, "netIncomeApplicableToCommonShares": 25186000}], "maxAge": 86400}, "cashflowStatementHistoryQuarterly": {"cashflowStatements": [{"maxAge": 1, "endDate": "2020-12-31", "netIncome": 83921000, "changeToLiabilities": 0}, {"maxAge": 1, "endDate": "2020-09-30", "netIncome": 70097000, "changeToLiabilities": 0}, {"maxAge": 1, "endDate": "2020-06-30", "netIncome": -194926000, "changeToLiabilities": 0}, {"maxAge": 1, "endDate": "2020-03-31", "netIncome": 25186000, "changeToLiabilities": 0}], "maxAge": 86400}, "earnings": {"maxAge": 86400, "earningsChart": {"quarterly": [{"date": "2Q2017", "actual": 0.81, "estimate": 1.97}], "currentQuarterEstimateDate": "3Q", "currentQuarterEstimateYear": 2017, "earningsDate": ["2019-07-31 05:30:S", "2019-08-05 05:30:S"]}, "financialsChart": {"yearly": [{"date": 2017, "revenue": 9862867000, "earnings": 257668000}, {"date": 2018, "revenue": 10363142000, "earnings": 274287000}, {"date": 2019, "revenue": 11584746000, "earnings": 325289000}, {"date": 2020, "revenue": 9765144000, "earnings": 217723000}], "quarterly": [{"date": "1Q2020", "revenue": 2121558000, "earnings": 25186000}, {"date": "2Q2020", "revenue": 961770000, "earnings": -194926000}, {"date": "3Q2020", "revenue": 2270889000, "earnings": 70097000}, {"date": "4Q2020", "revenue": 2439877000, "earnings": 83921000}]}, "financialCurrency": "INR"}, "financialData": {"maxAge": 86400, "currentPrice": 46.15, "recommendationMean": 2.0, "recommendationKey": "buy", "totalCash": 867438016, "totalCashPerShare": 13.541, "ebitda": 873420736, "totalDebt": 5870181888, "totalRevenue": 7794094080, "debtToEquity": 79.662, "revenuePerShare": 121.89, "grossProfits": 3548973000, "earningsGrowth": 0.26, "revenueGrowth": -0.001, "grossMargins": 0.35535, "ebitdaMargins": 0.11206, "operatingMargins": 0.07764, "profitMargins": -0.00202, "financialCurrency": "INR"}}}