{"HRYNSHP.BO": {"cashflowStatementHistory": {"cashflowStatements": [{"maxAge": 1, "endDate": "2020-03-31", "netIncome": -72364000, "depreciation": 7084000, "changeToNetincome": -138154000, "changeToAccountReceivables": 123319000, "changeToLiabilities": -939888000, "changeToInventory": 814466000, "totalCashFromOperatingActivities": -205520000, "capitalExpenditures": -34564000, "investments": 78224000, "otherCashflowsFromInvestingActivities": 152564000, "totalCashflowsFromInvestingActivities": 209622000, "otherCashflowsFromFinancingActivities": -13131000, "totalCashFromFinancingActivities": -13131000, "changeInCash": -9029000}, {"maxAge": 1, "endDate": "2019-03-31", "netIncome": 80753000, "depreciation": 7029000, "changeToNetincome": -82066000, "changeToAccountReceivables": 22033000, "changeToLiabilities": -2149657000, "changeToInventory": 1763756000, "totalCashFromOperatingActivities": -358113000, "capitalExpenditures": -14972000, "investments": -236856000, "otherCashflowsFromInvestingActivities": 146799000, "totalCashflowsFromInvestingActivities": -103517000, "otherCashflowsFromFinancingActivities": -7784000, "totalCashFromFinancingActivities": -7784000, "changeInCash": -469414000}, {"maxAge": 1, "endDate": "2018-03-31", "netIncome": 98238000, "depreciation": 6131000, "changeToNetincome": -3063000, "changeToAccountReceivables": 82669000, "changeToLiabilities": 2446352000, "changeToInventory": -2510939000, "totalCashFromOperatingActivities": 119405000, "capitalExpenditures": -5964000, "investments": -378609000, "otherCashflowsFromInvestingActivities": 106124000, "totalCashflowsFromInvestingActivities": 411211000, "netBorrowings": -50907000, "otherCashflowsFromFinancingActivities": -39080000, "totalCashFromFinancingActivities": -89987000, "changeInCash": 440630000}, {"maxAge": 1, "endDate": "2017-03-31", "netIncome": 94220000, "depreciation": 22281000, "changeToNetincome": -112926000, "changeToAccountReceivables": 98774000, "changeToLiabilities": -424062000, "changeToInventory": -149977000, "totalCashFromOperatingActivities": -471668000, "capitalExpenditures": -5044000, "investments": 83891000, "otherCashflowsFromInvestingActivities": 174415000, "totalCashflowsFromInvestingActivities": 528660000, "netBorrowings": 11494000, "otherCashflowsFromFinancingActivities": -73903000, "totalCashFromFinancingActivities": -62409000, "changeInCash": -5417000}], "maxAge": 86400}, "institutionOwnership": {"ownershipList": [], "maxAge": 1}, "balanceSheetHistoryQuarterly": {"balanceSheetStatements": [{"maxAge": 1, "endDate": "2020-06-30", "totalStockholderEquity": 1264285000, "netTangibleAssets": 1264271000}, {"maxAge": 1, "endDate": "2020-03-31", "cash": 5116000, "netReceivables": 141357000, "inventory": 118988000, "otherCurrentAssets": 29889000, "totalCurrentAssets": 295496000, "longTermInvestments": 1212413000, "propertyPlantEquipment": 113920000, "intangibleAssets": 14000, "otherAssets": 36229000, "totalAssets": 1658072000, "accountsPayable": 247864000, "otherCurrentLiab": 58086000, "otherLiab": 11183000, "minorityInterest": 1065000, "totalCurrentLiabilities": 381539000, "totalLiab": 392722000, "commonStock": 61667000, "retainedEarnings": 1049219000, "treasuryStock": 139361000, "capitalSurplus": 14038000, "otherStockholderEquity": 139361000, "totalStockholderEquity": 1264285000, "netTangibleAssets": 1264271000}, {"maxAge": 1, "endDate": "2019-12-31", "totalStockholderEquity": 1335906000, "netTangibleAssets": 1335846000}, {"maxAge": 1, "endDate": "2019-09-30", "cash": 436626000, "netReceivables": 158273000, "inventory": 201557000, "otherCurrentAssets": 40278000, "totalCurrentAssets": 836734000, "longTermInvestments": 1253413000, "propertyPlantEquipment": 114549000, "intangibleAssets": 60000, "otherAssets": 38589000, "totalAssets": 2243345000, "accountsPayable": 850275000, "otherCurrentLiab": 26057000, "otherLiab": 10937000, "minorityInterest": 1394000, "totalCurrentLiabilities": 895108000, "totalLiab": 906045000, "commonStock": 61667000, "treasuryStock": 1274239000, "otherStockholderEquity": 1274239000, "totalStockholderEquity": 1335906000, "netTangibleAssets": 1335846000}], "maxAge": 86400}, "indexTrend": {"maxAge": 1, "symbol": "SP5", "peRatio": 19.7411, "pegRatio": 1.34172, "estimates": [{"period": "0q", "growth": 0.549}, {"period": "+1q", "growth": 0.431}, {"period": "0y", "growth": 0.305}, {"period": "+1y", "growth": 0.109}, {"period": "+5y", "growth": 0.120859005}, {"period": "-5y"}]}, "insiderTransactions": {"transactions": [{"maxAge": 1, "shares": 92000, "filerUrl": "", "transactionText": "", "filerName": "Reniwal (Shantisarup R)", "filerRelation": "Executive Chairman", "moneyText": "", "startDate": "2018-02-28", "ownership": "D"}], "maxAge": 1}, "quoteType": {"exchange": "BSE", "quoteType": "EQUITY", "symbol": "HRYNSHP.BO", "underlyingSymbol": "HRYNSHP.BO", "shortName": "HARIYANA SHIP BREAKERS LTD.", "longName": "Hariyana Ship Breakers Limited", "firstTradeDateEpochUtc": "2004-02-18 09:15:00", "timeZoneFullName": "Asia/Kolkata", "timeZoneShortName": "IST", "uuid": "89b79a67-8807-3ccf-98e4-8538833d0445", "gmtOffSetMilliseconds": 19800000, "maxAge": 1}, "incomeStatementHistory": {"incomeStatementHistory": [{"maxAge": 1, "endDate": "2020-03-31", "totalRevenue": 1456190000, "costOfRevenue": 1333088000, "grossProfit": 123102000, "researchDevelopment": {}, "sellingGeneralAdministrative": 27742000, "nonRecurring": {}, "otherOperatingExpenses": 51228000, "totalOperatingExpenses": 1419159000, "operatingIncome": 37031000, "totalOtherIncomeExpenseNet": -107247000, "ebit": 37031000, "interestExpense": -4881000, "incomeBeforeTax": -70216000, "incomeTaxExpense": 2148000, "minorityInterest": 1065000, "netIncomeFromContinuingOps": -72364000, "discontinuedOperations": {}, "extraordinaryItems": {}, "effectOfAccountingCharges": {}, "otherItems": {}, "netIncome": -72364000, "netIncomeApplicableToCommonShares": -72364000}, {"maxAge": 1, "endDate": "2019-03-31", "totalRevenue": 4050218000, "costOfRevenue": 3786771000, "grossProfit": 263447000, "researchDevelopment": {}, "sellingGeneralAdministrative": 27660000, "nonRecurring": {}, "otherOperatingExpenses": 64881000, "totalOperatingExpenses": 3942931000, "operatingIncome": 107287000, "totalOtherIncomeExpenseNet": -10745000, "ebit": 107287000, "interestExpense": -2126000, "incomeBeforeTax": 96542000, "incomeTaxExpense": 15789000, "minorityInterest": 1430000, "netIncomeFromContinuingOps": 80753000, "discontinuedOperations": {}, "extraordinaryItems": {}, "effectOfAccountingCharges": {}, "otherItems": {}, "netIncome": 80753000, "netIncomeApplicableToCommonShares": 80753000}, {"maxAge": 1, "endDate": "2018-03-31", "totalRevenue": 1775877000, "costOfRevenue": 1569384000, "grossProfit": 206493000, "researchDevelopment": {}, "sellingGeneralAdministrative": 19865000, "nonRecurring": {}, "otherOperatingExpenses": 42222000, "totalOperatingExpenses": 1701953000, "operatingIncome": 73924000, "totalOtherIncomeExpenseNet": 28430000, "ebit": 73924000, "interestExpense": -22523000, "incomeBeforeTax": 102354000, "incomeTaxExpense": 4116000, "minorityInterest": 1095000, "netIncomeFromContinuingOps": 98238000, "discontinuedOperations": {}, "extraordinaryItems": {}, "effectOfAccountingCharges": {}, "otherItems": {}, "netIncome": 98238000, "netIncomeApplicableToCommonShares": 98238000}, {"maxAge": 1, "endDate": "2017-03-31", "totalRevenue": 2947290000, "costOfRevenue": 2800467000, "grossProfit": 146823000, "researchDevelopment": {}, "sellingGeneralAdministrative": 16362000, "nonRecurring": {}, "otherOperatingExpenses": 38345000, "totalOperatingExpenses": 2877477000, "operatingIncome": 69813000, "totalOtherIncomeExpenseNet": 17626000, "ebit": 69813000, "interestExpense": -47690000, "incomeBeforeTax": 87439000, "incomeTaxExpense": -6781000, "minorityInterest": 489000, "netIncomeFromContinuingOps": 94220000, "discontinuedOperations": {}, "extraordinaryItems": {}, "effectOfAccountingCharges": {}, "otherItems": {}, "netIncome": 94220000, "netIncomeApplicableToCommonShares": 94220000}], "maxAge": 86400}, "fundOwnership": {"ownershipList": [], "maxAge": 1}, "summaryDetail": {"maxAge": 1, "priceHint": 2, "previousClose": 55.6, "open": 55.7, "dayLow": 55.1, "dayHigh": 58.4, "regularMarketPreviousClose": 55.6, "regularMarketOpen": 55.7, "regularMarketDayLow": 55.1, "regularMarketDayHigh": 58.4, "volume": 5484, "regularMarketVolume": 5484, "averageVolume": 6329, "averageVolume10days": 26403, "averageDailyVolume10Day": 26403, "bid": 55.55, "ask": 57.0, "bidSize": 0, "askSize": 0, "marketCap": 347183520, "fiftyTwoWeekLow": 17.8, "fiftyTwoWeekHigh": 58.4, "fiftyDayAverage": 41.86515, "twoHundredDayAverage": 32.897427, "currency": "INR", "fromCurrency": null, "lastMarket": null, "algorithm": null, "tradeable": false}, "incomeStatementHistoryQuarterly": {"incomeStatementHistory": [{"maxAge": 1, "endDate": "2020-06-30", "totalRevenue": 495664000, "costOfRevenue": 467822000, "grossProfit": 27842000, "researchDevelopment": {}, "sellingGeneralAdministrative": 3991000, "nonRecurring": {}, "otherOperatingExpenses": 2611000, "totalOperatingExpenses": 476569000, "operatingIncome": 19095000, "totalOtherIncomeExpenseNet": -17088000, "ebit": 19095000, "interestExpense": -3516000, "incomeBeforeTax": 2007000, "incomeTaxExpense": 4638000, "minorityInterest": {}, "netIncomeFromContinuingOps": -2631000, "discontinuedOperations": {}, "extraordinaryItems": {}, "effectOfAccountingCharges": {}, "otherItems": {}, "netIncome": -2631000, "netIncomeApplicableToCommonShares": -2631000}, {"maxAge": 1, "endDate": "2020-03-31", "totalRevenue": 267302000, "costOfRevenue": 243426000, "grossProfit": 23876000, "researchDevelopment": {}, "sellingGeneralAdministrative": 7136000, "nonRecurring": {}, "otherOperatingExpenses": -12895000, "totalOperatingExpenses": 239531000, "operatingIncome": 27771000, "totalOtherIncomeExpenseNet": -49307000, "ebit": 27771000, "interestExpense": -3516000, "incomeBeforeTax": -21536000, "incomeTaxExpense": 1432000, "minorityInterest": 1065000, "netIncomeFromContinuingOps": -22968000, "discontinuedOperations": {}, "extraordinaryItems": {}, "effectOfAccountingCharges": {}, "otherItems": {}, "netIncome": -23367000, "netIncomeApplicableToCommonShares": -23367000}, {"maxAge": 1, "endDate": "2019-12-31", "totalRevenue": 182616000, "costOfRevenue": 176408000, "grossProfit": 6208000, "researchDevelopment": {}, "sellingGeneralAdministrative": 5775000, "nonRecurring": {}, "otherOperatingExpenses": 22573000, "totalOperatingExpenses": 206556000, "operatingIncome": -23940000, "totalOtherIncomeExpenseNet": -33706000, "ebit": -23940000, "interestExpense": -2035000, "incomeBeforeTax": -57646000, "incomeTaxExpense": -8536000, "minorityInterest": 1065000, "netIncomeFromContinuingOps": -49110000, "discontinuedOperations": {}, "extraordinaryItems": {}, "effectOfAccountingCharges": {}, "otherItems": {}, "netIncome": -48811000, "netIncomeApplicableToCommonShares": -48811000}, {"maxAge": 1, "endDate": "2019-09-30", "totalRevenue": 327455000, "costOfRevenue": 285661000, "grossProfit": 41794000, "researchDevelopment": {}, "sellingGeneralAdministrative": 7423000, "nonRecurring": {}, "otherOperatingExpenses": 28520000, "totalOperatingExpenses": 323433000, "operatingIncome": 4022000, "totalOtherIncomeExpenseNet": -20491000, "ebit": 4022000, "interestExpense": -1998000, "incomeBeforeTax": -16469000, "incomeTaxExpense": 632000, "minorityInterest": 1394000, "netIncomeFromContinuingOps": -17101000, "discontinuedOperations": {}, "extraordinaryItems": {}, "effectOfAccountingCharges": {}, "otherItems": {}, "netIncome": -17013000, "netIncomeApplicableToCommonShares": -17013000}], "maxAge": 86400}, "cashflowStatementHistoryQuarterly": {"cashflowStatements": [{"maxAge": 1, "endDate": "2020-06-30", "netIncome": -2631000, "changeToLiabilities": 0}, {"maxAge": 1, "endDate": "2020-03-31", "netIncome": -23367000, "changeToLiabilities": 0}, {"maxAge": 1, "endDate": "2019-12-31", "netIncome": -48811000, "changeToLiabilities": 0}, {"maxAge": 1, "endDate": "2019-09-30", "netIncome": -17013000, "depreciation": 1718500, "changeToNetincome": -36433000, "changeToAccountReceivables": 51828000, "changeToLiabilities": -185585500, "changeToInventory": 365948000, "totalCashFromOperatingActivities": 197383000, "capitalExpenditures": -13769500, "investments": 18353500, "otherCashflowsFromInvestingActivities": 39598500, "totalCashflowsFromInvestingActivities": 44182500, "netBorrowings": -24066500, "otherCashflowsFromFinancingActivities": -2848000, "totalCashFromFinancingActivities": -26914500, "changeInCash": 214651000}], "maxAge": 86400}, "insiderHolders": {"holders": [{"maxAge": 1, "name": "Reniwal (Shantisarup R)", "relation": "Executive Chairman", "url": "", "transactionDescription": "Acquisition", "latestTransDate": "2018-02-28", "positionDirect": 172080, "positionDirectDate": "2018-02-28"}], "maxAge": 1}, "calendarEvents": {"maxAge": 1, "earnings": {"earningsDate": ["2020-09-18 05:30:S"]}}, "upgradeDowngradeHistory": {"history": [], "maxAge": 86400}, "price": {"maxAge": 1, "regularMarketChangePercent": 0.012589943, "regularMarketChange": 0.70000076, "regularMarketTime": "2021-04-30 15:27:36", "priceHint": 2, "regularMarketPrice": 56.3, "regularMarketDayHigh": 58.4, "regularMarketDayLow": 55.1, "regularMarketVolume": 5484, "averageDailyVolume10Day": 26403, "averageDailyVolume3Month": 6329, "regularMarketPreviousClose": 55.6, "regularMarketSource": "FREE_REALTIME", "regularMarketOpen": 55.7, "exchange": "BSE", "exchangeName": "BSE", "exchangeDataDelayedBy": 0, "marketState": "CLOSED", "quoteType": "EQUITY", "symbol": "HRYNSHP.BO", "underlyingSymbol": null, "shortName": "HARIYANA SHIP BREAKERS LTD.", "longName": "Hariyana Ship Breakers Limited", "currency": "INR", "quoteSourceName": "Delayed Quote", "currencySymbol": "\u20b9", "fromCurrency": null, "lastMarket": null, "marketCap": 347183520}, "balanceSheetHistory": {"balanceSheetStatements": [{"maxAge": 1, "endDate": "2020-03-31", "cash": 5116000, "netReceivables": 141357000, "inventory": 118988000, "otherCurrentAssets": 29889000, "totalCurrentAssets": 295496000, "longTermInvestments": 1212413000, "propertyPlantEquipment": 113920000, "intangibleAssets": 14000, "otherAssets": 36229000, "totalAssets": 1658072000, "accountsPayable": 247864000, "otherCurrentLiab": 58086000, "otherLiab": 11183000, "minorityInterest": 1065000, "totalCurrentLiabilities": 381539000, "totalLiab": 392722000, "commonStock": 61667000, "retainedEarnings": 1049219000, "treasuryStock": 139361000, "capitalSurplus": 14038000, "otherStockholderEquity": 139361000, "totalStockholderEquity": 1264285000, "netTangibleAssets": 1264271000}, {"maxAge": 1, "endDate": "2019-03-31", "cash": 7323000, "netReceivables": 141908000, "inventory": 933454000, "otherCurrentAssets": 162087000, "totalCurrentAssets": 1244827000, "longTermInvestments": 1290620000, "propertyPlantEquipment": 90115000, "intangibleAssets": 31000, "otherAssets": 36621000, "totalAssets": 2662214000, "accountsPayable": 833371000, "otherCurrentLiab": 393679000, "otherLiab": 11280000, "minorityInterest": 1430000, "totalCurrentLiabilities": 1313412000, "totalLiab": 1324692000, "commonStock": 61667000, "retainedEarnings": 1121026000, "treasuryStock": 139361000, "capitalSurplus": 14038000, "otherStockholderEquity": 139361000, "totalStockholderEquity": 1336092000, "netTangibleAssets": 1336061000}, {"maxAge": 1, "endDate": "2018-03-31", "cash": 446373000, "netReceivables": 200281000, "inventory": 2697210000, "otherCurrentAssets": 176456000, "totalCurrentAssets": 3520685000, "longTermInvestments": 1053265000, "propertyPlantEquipment": 81864000, "intangibleAssets": 70000, "otherAssets": 44429000, "totalAssets": 4700313000, "accountsPayable": 3078262000, "otherCurrentLiab": 315723000, "otherLiab": 10925000, "minorityInterest": 1095000, "totalCurrentLiabilities": 3432782000, "totalLiab": 3443707000, "commonStock": 61667000, "retainedEarnings": 1040445000, "treasuryStock": 139361000, "capitalSurplus": 14038000, "otherStockholderEquity": 139361000, "totalStockholderEquity": 1255511000, "netTangibleAssets": 1255441000}, {"maxAge": 1, "endDate": "2017-03-31", "cash": 5743000, "netReceivables": 1176965000, "inventory": 186270000, "otherCurrentAssets": 36537000, "totalCurrentAssets": 1405620000, "longTermInvestments": 675515000, "propertyPlantEquipment": 81356000, "otherAssets": 45120000, "totalAssets": 2207611000, "accountsPayable": 903090000, "otherCurrentLiab": 30857000, "longTermDebt": 69762000, "otherLiab": 12185000, "minorityInterest": 489000, "totalCurrentLiabilities": 967347000, "totalLiab": 1049294000, "commonStock": 61667000, "retainedEarnings": 942761000, "treasuryStock": 139362000, "capitalSurplus": 14038000, "otherStockholderEquity": 139362000, "totalStockholderEquity": 1157828000, "netTangibleAssets": 1157828000}], "maxAge": 86400}, "financialData": {"maxAge": 86400, "currentPrice": 56.3, "recommendationKey": "none", "grossProfits": 123102000, "financialCurrency": "INR"}}}