{"HSCL.NS": {"assetProfile": {"address1": "Ruby House 8", "address2": "2nd Floor India Exchange Place", "city": "Kolkata", "zip": "700001", "country": "India", "phone": "91 33 2230 4363", "fax": "91 33 2230 9051", "website": "http://www.himadri.com", "industry": "Specialty Chemicals", "sector": "Basic Materials", "longBusinessSummary": "Himadri Speciality Chemical Limited manufactures and sells carbon materials and chemicals in India and internationally. It offers coal tar pitches, including aluminium grade pitches that are used as a pre-baked anode and Soderberg in aluminum manufacturing; graphite grade binder pitches for graphite electrode manufacturing; graphite grade zero QI impregnating pitches, which are used in electrode, nipple impregnation, and UHP grade electrode manufacturing; special pitches for DRDO; HSCP, an anode material for lithium-ion batteries; and other pitches that are used in refractories, carbon paste, paints/ultramarine blue, proofing, Himcoat enamel, Himcoat primer-B, Himtape and Himwrap, and other applications. The company's carbon materials include coke granules and powder, and synthetic and natural graphite powder for power battery application. It also provides carbon; refined naphthalene for dyes and dye intermediates, and moth balls; and sulphonated naphthalene formaldehyde and polycarboxylate ether for use in agrochemicals, gypsum board, rubber, and concrete. In addition, the company offers anti-corrosion products for chemical factories, vessels, water treatment plants, breweries, milk chilling plants, etc. Further, it provides specialty oils comprising light creosote, wash/gas scrubbing, phenyl grade, wood preservative/creosote, anthracene, carbon black, and fuel oils, as well as coal flow and bulk density enhancers, BTX products, and industrial solvents. Additionally, the company generates power from fuel gas. Its products are used in lithium-ion batteries, aluminum, graphite, infrastructure/construction, tires, mechanical rubber goods, plastics, dyes and intermediaries, and other applications. The company was formerly known as Himadri Chemicals & Industries Limited and changed its name to Himadri Speciality Chemical Limited in July 2016. Himadri Speciality Chemical Limited was founded in 1987 and is headquartered in Kolkata, India.", "fullTimeEmployees": 972, "companyOfficers": [{"maxAge": 1, "name": "Mr. Bankey Lal Choudhary", "age": 67, "title": "Exec. Chairman", "yearBorn": 1953, "fiscalYear": 2020, "totalPay": 20803000, "exercisedValue": 0, "unexercisedValue": 0}, {"maxAge": 1, "name": "Mr. Anurag  Choudhary", "age": 48, "title": "CEO, MD & Director", "yearBorn": 1972, "fiscalYear": 2020, "totalPay": 26125000, "exercisedValue": 0, "unexercisedValue": 0}, {"maxAge": 1, "name": "Mr. Kamlesh Kumar Agarwal", "age": 49, "title": "Chief Financial Officer", "yearBorn": 1971, "fiscalYear": 2020, "totalPay": 10767000, "exercisedValue": 0, "unexercisedValue": 0}, {"maxAge": 1, "name": "Mr. Santanu  Chatterjee", "title": "Sr. VP of HR & Admin.", "fiscalYear": 2020, "totalPay": 3621000, "exercisedValue": 0, "unexercisedValue": 0}, {"maxAge": 1, "name": "Ms. Monika  Saraswat", "title": "Company Sec. & Compliance Officer", "fiscalYear": 2020, "totalPay": 1112580, "exercisedValue": 0, "unexercisedValue": 0}, {"maxAge": 1, "name": "Mr. Tushar Kumar Choudhary", "age": 46, "title": "Whole-Time Director", "yearBorn": 1974, "fiscalYear": 2020, "totalPay": 20194000, "exercisedValue": 0, "unexercisedValue": 0}, {"maxAge": 1, "name": "Mr. Shyam Sundar Choudhary", "age": 73, "title": "Whole-Time Director", "yearBorn": 1947, "fiscalYear": 2020, "totalPay": 20450000, "exercisedValue": 0, "unexercisedValue": 0}, {"maxAge": 1, "name": "Mr. Amit Kumar Choudhary", "age": 45, "title": "Whole-Time Director", "yearBorn": 1975, "fiscalYear": 2020, "totalPay": 20171000, "exercisedValue": 0, "unexercisedValue": 0}, {"maxAge": 1, "name": "Mr. Vijay Kumar Choudhary", "age": 64, "title": "Whole-Time Director", "yearBorn": 1956, "fiscalYear": 2020, "totalPay": 20181000, "exercisedValue": 0, "unexercisedValue": 0}, {"maxAge": 1, "name": "Dr. Soumen  Chakraborty", "age": 70, "title": "Pres of Carbon Black Division", "yearBorn": 1950, "fiscalYear": 2020, "totalPay": 8648000, "exercisedValue": 0, "unexercisedValue": 0}], "compensationAsOfEpochDate": "2020-12-31 05:30:00", "maxAge": 86400}, "recommendationTrend": {"trend": [{"period": "0m", "strongBuy": 0, "buy": 0, "hold": 0, "sell": 0, "strongSell": 0}, {"period": "-1m", "strongBuy": 3, "buy": 0, "hold": 0, "sell": 0, "strongSell": 0}, {"period": "-2m", "strongBuy": 1, "buy": 0, "hold": 0, "sell": 0, "strongSell": 0}, {"period": "-3m", "strongBuy": 1, "buy": 0, "hold": 0, "sell": 0, "strongSell": 0}], "maxAge": 86400}, "cashflowStatementHistory": {"cashflowStatements": [{"maxAge": 1, "endDate": "2020-03-31", "netIncome": 2054763000, "depreciation": 386060000, "changeToNetincome": 249048000, "changeToAccountReceivables": 658766000, "changeToLiabilities": -2175896000, "changeToInventory": 1379869000, "changeToOperatingActivities": 266864000, "totalCashFromOperatingActivities": 2825852000, "capitalExpenditures": -2467160000, "investments": 1143000, "otherCashflowsFromInvestingActivities": 329756000, "totalCashflowsFromInvestingActivities": -2137528000, "dividendsPaid": -62791000, "netBorrowings": 181204000, "otherCashflowsFromFinancingActivities": -530621000, "totalCashFromFinancingActivities": -407857000, "effectOfExchangeRate": -749000, "changeInCash": 279718000, "issuanceOfStock": 4351000}, {"maxAge": 1, "endDate": "2019-03-31", "netIncome": 3242938000, "depreciation": 339348000, "changeToNetincome": 830518000, "changeToAccountReceivables": -947505000, "changeToLiabilities": 3003338000, "changeToInventory": -1230609000, "changeToOperatingActivities": -484774000, "totalCashFromOperatingActivities": 4758250000, "capitalExpenditures": -2038273000, "investments": 408000, "otherCashflowsFromInvestingActivities": -200214000, "totalCashflowsFromInvestingActivities": -2242255000, "dividendsPaid": -41841000, "netBorrowings": -1862786000, "otherCashflowsFromFinancingActivities": -672990000, "totalCashFromFinancingActivities": -2574370000, "effectOfExchangeRate": -2000, "changeInCash": -58377000, "issuanceOfStock": 3247000}, {"maxAge": 1, "endDate": "2018-03-31", "netIncome": 2474624000, "depreciation": 332311000, "changeToNetincome": 1115664000, "changeToAccountReceivables": -503863000, "changeToLiabilities": -321213000, "changeToInventory": -242230000, "changeToOperatingActivities": -274573000, "totalCashFromOperatingActivities": 2580733000, "capitalExpenditures": -604236000, "investments": 4935000, "otherCashflowsFromInvestingActivities": 119528000, "totalCashflowsFromInvestingActivities": -503400000, "dividendsPaid": -41841000, "netBorrowings": -1208819000, "otherCashflowsFromFinancingActivities": -748165000, "totalCashFromFinancingActivities": -1998825000, "effectOfExchangeRate": -74000, "changeInCash": 78434000, "issuanceOfStock": 3247000}, {"maxAge": 1, "endDate": "2017-03-31", "netIncome": 827757000, "depreciation": 327814000, "changeToNetincome": 1153578000, "changeToAccountReceivables": -174951000, "changeToLiabilities": 647299000, "changeToInventory": -762726000, "changeToOperatingActivities": 35145000, "totalCashFromOperatingActivities": 2053916000, "capitalExpenditures": -47214000, "investments": 279007000, "otherCashflowsFromInvestingActivities": -61045000, "totalCashflowsFromInvestingActivities": 175209000, "dividendsPaid": -20920000, "netBorrowings": -1181112000, "otherCashflowsFromFinancingActivities": -1129937000, "totalCashFromFinancingActivities": -2331969000, "effectOfExchangeRate": -73343000, "changeInCash": -176187000, "issuanceOfStock": 3247000}], "maxAge": 86400}, "indexTrend": {"maxAge": 1, "symbol": "SP5", "peRatio": 19.7411, "pegRatio": 1.34172, "estimates": [{"period": "0q", "growth": 0.549}, {"period": "+1q", "growth": 0.431}, {"period": "0y", "growth": 0.305}, {"period": "+1y", "growth": 0.109}, {"period": "+5y", "growth": 0.120865}, {"period": "-5y"}]}, "defaultKeyStatistics": {"maxAge": 1, "priceHint": 2, "enterpriseValue": 24338653184, "profitMargins": 0.06426, "floatShares": 163443569, "sharesOutstanding": 418964992, "heldPercentInsiders": 0.46206, "heldPercentInstitutions": 0.13241, "beta": 1.548195, "category": null, "bookValue": 41.91, "priceToBook": 1.0641851, "fundFamily": null, "legalType": null, "lastFiscalYearEnd": "2020-03-31 05:30:00", "nextFiscalYearEnd": "2022-03-31 05:30:00", "mostRecentQuarter": "2020-12-31 05:30:00", "earningsQuarterlyGrowth": 0.035, "netIncomeToCommon": 954563008, "trailingEps": 2.253, "lastSplitFactor": "10:1", "lastSplitDate": "2010-11-08 05:30:00", "enterpriseToRevenue": 1.638, "enterpriseToEbitda": 18.293}, "industryTrend": {"maxAge": 1, "symbol": null, "estimates": []}, "quoteType": {"exchange": "NSI", "quoteType": "EQUITY", "symbol": "HSCL.NS", "underlyingSymbol": "HSCL.NS", "shortName": "HIMADRI SPECIALITY", "longName": "Himadri Speciality Chemical Limited", "firstTradeDateEpochUtc": "2007-03-02 09:15:00", "timeZoneFullName": "Asia/Kolkata", "timeZoneShortName": "IST", "uuid": "6376b842-6832-383e-8d20-dfb382960ea0", "gmtOffSetMilliseconds": 19800000, "maxAge": 1}, "incomeStatementHistory": {"incomeStatementHistory": [{"maxAge": 1, "endDate": "2020-03-31", "totalRevenue": 18106477000, "costOfRevenue": 12463911000, "grossProfit": 5642566000, "researchDevelopment": {}, "sellingGeneralAdministrative": 781961000, "nonRecurring": {}, "otherOperatingExpenses": 1846338000, "totalOperatingExpenses": 15501593000, "operatingIncome": 2604884000, "totalOtherIncomeExpenseNet": -663432000, "ebit": 2604884000, "interestExpense": -517269000, "incomeBeforeTax": 1941452000, "incomeTaxExpense": -112139000, "minorityInterest": -4502000, "netIncomeFromContinuingOps": 2053591000, "discontinuedOperations": {}, "extraordinaryItems": {}, "effectOfAccountingCharges": {}, "otherItems": {}, "netIncome": 2054763000, "netIncomeApplicableToCommonShares": 2054763000}, {"maxAge": 1, "endDate": "2019-03-31", "totalRevenue": 24243285000, "costOfRevenue": 16241865000, "grossProfit": 8001420000, "researchDevelopment": {}, "sellingGeneralAdministrative": 651476000, "nonRecurring": {}, "otherOperatingExpenses": 1707070000, "totalOperatingExpenses": 18942761000, "operatingIncome": 5300524000, "totalOtherIncomeExpenseNet": -679147000, "ebit": 5300524000, "interestExpense": -658830000, "incomeBeforeTax": 4621377000, "incomeTaxExpense": 1379022000, "minorityInterest": -3208000, "netIncomeFromContinuingOps": 3242355000, "discontinuedOperations": {}, "extraordinaryItems": {}, "effectOfAccountingCharges": {}, "otherItems": {}, "netIncome": 3242938000, "netIncomeApplicableToCommonShares": 3242938000}, {"maxAge": 1, "endDate": "2018-03-31", "totalRevenue": 20215012000, "costOfRevenue": 13859481000, "grossProfit": 6355531000, "researchDevelopment": {}, "sellingGeneralAdministrative": 533628000, "nonRecurring": {}, "otherOperatingExpenses": 1300031000, "totalOperatingExpenses": 16023428000, "operatingIncome": 4191584000, "totalOtherIncomeExpenseNet": -581892000, "ebit": 4191584000, "interestExpense": -664243000, "incomeBeforeTax": 3609692000, "incomeTaxExpense": 1133716000, "minorityInterest": -2642000, "netIncomeFromContinuingOps": 2475976000, "discontinuedOperations": {}, "extraordinaryItems": {}, "effectOfAccountingCharges": {}, "otherItems": {}, "netIncome": 2474624000, "netIncomeApplicableToCommonShares": 2474624000}, {"maxAge": 1, "endDate": "2017-03-31", "totalRevenue": 13430061000, "costOfRevenue": 9006272000, "grossProfit": 4423789000, "researchDevelopment": {}, "sellingGeneralAdministrative": 424741000, "nonRecurring": {}, "otherOperatingExpenses": 1387971000, "totalOperatingExpenses": 11144766000, "operatingIncome": 2285295000, "totalOtherIncomeExpenseNet": -1038637000, "ebit": 2285295000, "interestExpense": -751244000, "incomeBeforeTax": 1246658000, "incomeTaxExpense": 422276000, "minorityInterest": -3684000, "netIncomeFromContinuingOps": 824382000, "discontinuedOperations": {}, "extraordinaryItems": {}, "effectOfAccountingCharges": {}, "otherItems": {}, "netIncome": 827757000, "netIncomeApplicableToCommonShares": 827757000}], "maxAge": 86400}, "fundOwnership": {"ownershipList": [{"maxAge": 1, "reportDate": "2021-01-31", "organization": "DFA Emerging Markets Core Equity Portfolio", "pctHeld": 0.0021, "position": 872371, "value": 39125839}, {"maxAge": 1, "reportDate": "2021-01-31", "organization": "DFA Emerging Markets Small Cap Series", "pctHeld": 0.0013, "position": 539750, "value": 24207787}, {"maxAge": 1, "reportDate": "2021-03-31", "organization": "SPDR Portfolio Emerging Markets ETF", "pctHeld": 0.0007, "position": 300962, "value": 12535067}, {"maxAge": 1, "reportDate": "2021-01-31", "organization": "DFA Investment Dimensions-DFA Emerging Mkts Value", "pctHeld": 0.0005, "position": 203546, "value": 9129038}, {"maxAge": 1, "reportDate": "2021-01-31", "organization": "DFA Investment Dimensions-Emerging Markets Social Core Equity", "pctHeld": 0.0001, "position": 42228, "value": 1893925}, {"maxAge": 1, "reportDate": "2021-01-31", "organization": "DFA Investment Dimensions-World Ex U.S. Core Equity Port", "pctHeld": 0.0001, "position": 41325, "value": 1853426}, {"maxAge": 1, "reportDate": "2021-01-31", "organization": "DFA T.A. World Ex U.S. Core Equity Portfolio", "pctHeld": 0.0001, "position": 39781, "value": 1784177}], "maxAge": 1}, "summaryDetail": {"maxAge": 1, "priceHint": 2, "previousClose": 45.3, "open": 45.0, "dayLow": 44.25, "dayHigh": 46.0, "regularMarketPreviousClose": 45.3, "regularMarketOpen": 45.0, "regularMarketDayLow": 44.25, "regularMarketDayHigh": 46.0, "dividendRate": 0.15, "dividendYield": 0.0033000002, "exDividendDate": "2020-09-18 05:30:00", "payoutRatio": 0.0661, "beta": 1.548195, "trailingPE": 19.795828, "volume": 4077213, "regularMarketVolume": 4077213, "averageVolume": 10549834, "averageVolume10days": 3951874, "averageDailyVolume10Day": 3951874, "bid": 0.0, "ask": 0.0, "bidSize": 0, "askSize": 0, "marketCap": 18706487296, "fiftyTwoWeekLow": 37.5, "fiftyTwoWeekHigh": 63.9, "priceToSalesTrailing12Months": 1.2593164, "fiftyDayAverage": 44.619118, "twoHundredDayAverage": 46.273403, "trailingAnnualDividendRate": 0.15, "trailingAnnualDividendYield": 0.0033112585, "currency": "INR", "fromCurrency": null, "lastMarket": null, "algorithm": null, "tradeable": false}, "insiderHolders": {"holders": [{"maxAge": 1, "name": "Agarwal (Kamlesh Kumar)", "relation": "UNREPORTED", "url": "", "transactionDescription": "Sale", "latestTransDate": "2020-11-14", "positionDirect": 1400, "positionDirectDate": "2020-11-14"}, {"maxAge": 1, "name": "Bain Capital India Investments", "relation": "Promoter", "url": "", "transactionDescription": "Sale", "latestTransDate": "2021-02-25", "positionDirect": 53178860, "positionDirectDate": "2021-02-25"}, {"maxAge": 1, "name": "Choudhary (Kanta Devi)", "relation": "Promoter", "url": "", "transactionDescription": "Sale", "latestTransDate": "2020-11-20", "positionDirect": 0, "positionDirectDate": "2020-11-20"}, {"maxAge": 1, "name": "Choudhary (Saroj Devi)", "relation": "Promoter", "url": "", "transactionDescription": "Sale", "latestTransDate": "2020-11-20", "positionDirect": 0, "positionDirectDate": "2020-11-20"}, {"maxAge": 1, "name": "Choudhary (Sheela Devi)", "relation": "Promoter", "url": "", "transactionDescription": "Sale", "latestTransDate": "2020-11-18", "positionDirect": 0, "positionDirectDate": "2020-11-18"}, {"maxAge": 1, "name": "Choudhary (Shyam Sundar)", "relation": "Promoter", "url": "", "transactionDescription": "Sale", "latestTransDate": "2020-11-18", "positionDirect": 0, "positionDirectDate": "2020-11-18"}, {"maxAge": 1, "name": "Choudhary (Sushila Devi)", "relation": "Promoter", "url": "", "transactionDescription": "Sale", "latestTransDate": "2020-11-20", "positionDirect": 0, "positionDirectDate": "2020-11-20"}, {"maxAge": 1, "name": "Choudhary (Tushar)", "relation": "Promoter", "url": "", "transactionDescription": "Other", "latestTransDate": "2020-10-29", "positionDirect": 1484280, "positionDirectDate": "2020-10-29"}, {"maxAge": 1, "name": "Himadri Industries Ltd", "relation": "Promoter", "url": "", "transactionDescription": "Sale", "latestTransDate": "2020-11-20", "positionDirect": 1484067, "positionDirectDate": "2020-11-20"}, {"maxAge": 1, "name": "Satnalika (Somesh)", "relation": "UNREPORTED", "url": "", "transactionDescription": "Sale", "latestTransDate": "2020-11-17", "positionDirect": 2162, "positionDirectDate": "2020-11-17"}], "maxAge": 1}, "calendarEvents": {"maxAge": 1, "earnings": {"earningsDate": [], "revenueAverage": 19960700000, "revenueLow": 19439000000, "revenueHigh": 20534600000}, "exDividendDate": "2020-09-18 05:30:00"}, "upgradeDowngradeHistory": {"history": [], "maxAge": 86400}, "price": {"maxAge": 1, "regularMarketChangePercent": -0.015452555, "regularMarketChange": -0.70000076, "regularMarketTime": "2021-04-30 15:30:01", "priceHint": 2, "regularMarketPrice": 44.6, "regularMarketDayHigh": 46.0, "regularMarketDayLow": 44.25, "regularMarketVolume": 4077213, "averageDailyVolume10Day": 3951874, "averageDailyVolume3Month": 10549834, "regularMarketPreviousClose": 45.3, "regularMarketSource": "FREE_REALTIME", "regularMarketOpen": 45.0, "exchange": "NSI", "exchangeName": "NSE", "exchangeDataDelayedBy": 15, "marketState": "CLOSED", "quoteType": "EQUITY", "symbol": "HSCL.NS", "underlyingSymbol": null, "shortName": "HIMADRI SPECIALITY", "longName": "Himadri Speciality Chemical Limited", "currency": "INR", "quoteSourceName": "Delayed Quote", "currencySymbol": "\u20b9", "fromCurrency": null, "lastMarket": null, "marketCap": 18706487296}, "balanceSheetHistory": {"balanceSheetStatements": [{"maxAge": 1, "endDate": "2020-03-31", "cash": 420283000, "netReceivables": 3087484000, "inventory": 4135303000, "otherCurrentAssets": 683822000, "totalCurrentAssets": 8364444000, "longTermInvestments": 466587000, "propertyPlantEquipment": 16315694000, "intangibleAssets": 18425000, "otherAssets": 459077000, "totalAssets": 25624227000, "accountsPayable": 2294023000, "shortLongTermDebt": 1679399000, "otherCurrentLiab": 173624000, "longTermDebt": 224442000, "otherLiab": 567350000, "minorityInterest": -4502000, "totalCurrentLiabilities": 7428652000, "totalLiab": 8287189000, "commonStock": 418808000, "retainedEarnings": 12003546000, "treasuryStock": 365961000, "capitalSurplus": 4553225000, "otherStockholderEquity": 365961000, "totalStockholderEquity": 17341540000, "netTangibleAssets": 17323115000}, {"maxAge": 1, "endDate": "2019-03-31", "cash": 140565000, "netReceivables": 3788555000, "inventory": 5540455000, "otherCurrentAssets": 1988780000, "totalCurrentAssets": 11510690000, "longTermInvestments": 1792078000, "propertyPlantEquipment": 13013857000, "intangibleAssets": 23393000, "otherAssets": 1538994000, "totalAssets": 27879012000, "accountsPayable": 4405171000, "shortLongTermDebt": 465245000, "otherCurrentLiab": 777188000, "longTermDebt": 1882783000, "otherLiab": 1340782000, "minorityInterest": -3208000, "totalCurrentLiabilities": 8340746000, "totalLiab": 11564311000, "commonStock": 418579000, "retainedEarnings": 10045909000, "treasuryStock": 1309864000, "capitalSurplus": 4543557000, "otherStockholderEquity": 1309864000, "totalStockholderEquity": 16317909000, "netTangibleAssets": 16294516000}, {"maxAge": 1, "endDate": "2018-03-31", "cash": 198942000, "netReceivables": 2831620000, "inventory": 4201170000, "otherCurrentAssets": 1327166000, "totalCurrentAssets": 8600426000, "longTermInvestments": 2732296000, "propertyPlantEquipment": 11978660000, "intangibleAssets": 23614000, "otherAssets": 827746000, "totalAssets": 24162742000, "accountsPayable": 1462349000, "shortLongTermDebt": 647372000, "otherCurrentLiab": 600666000, "longTermDebt": 2311918000, "otherLiab": 1057548000, "minorityInterest": -2642000, "totalCurrentLiabilities": 6649324000, "totalLiab": 10018790000, "commonStock": 418408000, "retainedEarnings": 6896268000, "treasuryStock": 2295365000, "capitalSurplus": 4536553000, "otherStockholderEquity": 2295365000, "totalStockholderEquity": 14146594000, "netTangibleAssets": 14122980000}, {"maxAge": 1, "endDate": "2017-03-31", "cash": 120508000, "netReceivables": 2402792000, "inventory": 4765232000, "otherCurrentAssets": 514039000, "totalCurrentAssets": 7803830000, "longTermInvestments": 865731000, "propertyPlantEquipment": 11868101000, "otherAssets": 1365867000, "deferredLongTermAssetCharges": 785302000, "totalAssets": 21903529000, "accountsPayable": 1782943000, "shortLongTermDebt": 284020000, "otherCurrentLiab": 747611000, "longTermDebt": 3870312000, "otherLiab": 1006122000, "minorityInterest": -3684000, "totalCurrentLiabilities": 6729738000, "totalLiab": 11606172000, "commonStock": 418408000, "retainedEarnings": 4338316000, "treasuryStock": 1007764000, "capitalSurplus": 4536553000, "otherStockholderEquity": 1007764000, "totalStockholderEquity": 10301041000, "netTangibleAssets": 10301041000}], "maxAge": 86400}, "earningsTrend": {"trend": [{"maxAge": 1, "period": "0q", "endDate": "2010-09-30", "growth": {}, "earningsEstimate": {"avg": 0.0, "low": 0.0, "high": 0.0, "yearAgoEps": {}, "numberOfAnalysts": 0, "growth": {}}, "revenueEstimate": {"avg": 19960700000, "low": 19439000000, "high": 20534600000, "numberOfAnalysts": 3, "yearAgoRevenue": {}, "growth": {}}, "epsTrend": {"current": 0.0, "7daysAgo": 0.61, "30daysAgo": 0.61, "60daysAgo": 0.61, "90daysAgo": 0.61}, "epsRevisions": {"upLast7days": 0, "upLast30days": 0, "downLast30days": 0, "downLast90days": {}}}, {"maxAge": 1, "period": "+1q", "endDate": "2010-12-31", "growth": {}, "earningsEstimate": {"avg": 0.0, "low": 0.0, "high": 0.0, "yearAgoEps": {}, "numberOfAnalysts": 0, "growth": {}}, "revenueEstimate": {"avg": 19960700000, "low": 19439000000, "high": 20534600000, "numberOfAnalysts": 3, "yearAgoRevenue": {}, "growth": {}}, "epsTrend": {"current": 0.0, "7daysAgo": 0.0, "30daysAgo": 0.0, "60daysAgo": 0.0, "90daysAgo": 0.0}, "epsRevisions": {"upLast7days": 0, "upLast30days": 0, "downLast30days": 0, "downLast90days": {}}}, {"maxAge": 1, "period": "0y", "endDate": "2018-03-31", "growth": {}, "earningsEstimate": {"avg": 0.0, "low": 0.0, "high": 0.0, "yearAgoEps": {}, "numberOfAnalysts": 0, "growth": {}}, "revenueEstimate": {"avg": 19960700000, "low": 19439000000, "high": 20534600000, "numberOfAnalysts": 3, "yearAgoRevenue": {}, "growth": {}}, "epsTrend": {"current": 0.0, "7daysAgo": 0.0, "30daysAgo": 0.0, "60daysAgo": 0.0, "90daysAgo": 0.0}, "epsRevisions": {"upLast7days": 0, "upLast30days": 0, "downLast30days": 0, "downLast90days": {}}}, {"maxAge": 1, "period": "+1y", "endDate": "2011-03-31", "growth": {}, "earningsEstimate": {"avg": 0.0, "low": 0.0, "high": 0.0, "yearAgoEps": {}, "numberOfAnalysts": 0, "growth": {}}, "revenueEstimate": {"avg": 0, "low": 7548000000, "high": 7548000000, "numberOfAnalysts": 1, "yearAgoRevenue": 19960700000, "growth": {}}, "epsTrend": {"current": 0.0, "7daysAgo": 3.33, "30daysAgo": 3.33, "60daysAgo": 3.33, "90daysAgo": 3.33}, "epsRevisions": {"upLast7days": 0, "upLast30days": 0, "downLast30days": 0, "downLast90days": {}}}, {"maxAge": 1, "period": "+5y", "endDate": null, "growth": {}, "earningsEstimate": {"avg": {}, "low": {}, "high": {}, "yearAgoEps": {}, "numberOfAnalysts": {}, "growth": {}}, "revenueEstimate": {"avg": {}, "low": {}, "high": {}, "numberOfAnalysts": {}, "yearAgoRevenue": {}, "growth": {}}, "epsTrend": {"current": {}, "7daysAgo": {}, "30daysAgo": {}, "60daysAgo": {}, "90daysAgo": {}}, "epsRevisions": {"upLast7days": {}, "upLast30days": {}, "downLast30days": {}, "downLast90days": {}}}, {"maxAge": 1, "period": "-5y", "endDate": null, "growth": 0.039809998, "earningsEstimate": {"avg": {}, "low": {}, "high": {}, "yearAgoEps": {}, "numberOfAnalysts": {}, "growth": {}}, "revenueEstimate": {"avg": {}, "low": {}, "high": {}, "numberOfAnalysts": {}, "yearAgoRevenue": {}, "growth": {}}, "epsTrend": {"current": {}, "7daysAgo": {}, "30daysAgo": {}, "60daysAgo": {}, "90daysAgo": {}}, "epsRevisions": {"upLast7days": {}, "upLast30days": {}, "downLast30days": {}, "downLast90days": {}}}], "maxAge": 1}, "institutionOwnership": {"ownershipList": [], "maxAge": 1}, "majorHoldersBreakdown": {"maxAge": 1, "insidersPercentHeld": 0.46206, "institutionsPercentHeld": 0.13241, "institutionsFloatPercentHeld": 0.24614, "institutionsCount": 10}, "balanceSheetHistoryQuarterly": {"balanceSheetStatements": [{"maxAge": 1, "endDate": "2020-12-31", "totalStockholderEquity": 17722000000, "netTangibleAssets": 17706200000}, {"maxAge": 1, "endDate": "2020-09-30", "cash": 1987700000, "netReceivables": 3321600000, "inventory": 3604400000, "otherCurrentAssets": 1192000000, "totalCurrentAssets": 10105700000, "longTermInvestments": 838300000, "propertyPlantEquipment": 16229600000, "intangibleAssets": 15800000, "otherAssets": 616100000, "totalAssets": 27805500000, "accountsPayable": 1953000000, "shortLongTermDebt": 1162400000, "otherCurrentLiab": 254900000, "longTermDebt": 1041600000, "otherLiab": 680100000, "minorityInterest": -5800000, "totalCurrentLiabilities": 8301400000, "totalLiab": 10089300000, "commonStock": 418800000, "treasuryStock": 17303200000, "otherStockholderEquity": 17303200000, "totalStockholderEquity": 17722000000, "netTangibleAssets": 17706200000}, {"maxAge": 1, "endDate": "2020-06-30", "totalStockholderEquity": 17341540000, "netTangibleAssets": 17323115000}, {"maxAge": 1, "endDate": "2020-03-31", "cash": 420283000, "netReceivables": 3087484000, "inventory": 4135303000, "otherCurrentAssets": 683822000, "totalCurrentAssets": 8364444000, "longTermInvestments": 466587000, "propertyPlantEquipment": 16315694000, "intangibleAssets": 18425000, "otherAssets": 459077000, "totalAssets": 25624227000, "accountsPayable": 2294023000, "shortLongTermDebt": 1679399000, "otherCurrentLiab": 173624000, "longTermDebt": 224442000, "otherLiab": 567350000, "minorityInterest": -4502000, "totalCurrentLiabilities": 7428652000, "totalLiab": 8287189000, "commonStock": 418808000, "retainedEarnings": 12003546000, "treasuryStock": 365961000, "capitalSurplus": 4553225000, "otherStockholderEquity": 365961000, "totalStockholderEquity": 17341540000, "netTangibleAssets": 17323115000}], "maxAge": 86400}, "earningsHistory": {"history": [{"maxAge": 1, "epsActual": {}, "epsEstimate": {}, "epsDifference": {}, "surprisePercent": {}, "quarter": {}, "period": "-4q"}, {"maxAge": 1, "epsActual": {}, "epsEstimate": {}, "epsDifference": {}, "surprisePercent": {}, "quarter": {}, "period": "-3q"}, {"maxAge": 1, "epsActual": {}, "epsEstimate": {}, "epsDifference": {}, "surprisePercent": {}, "quarter": {}, "period": "-2q"}, {"maxAge": 1, "epsActual": {}, "epsEstimate": {}, "epsDifference": {}, "surprisePercent": {}, "quarter": {}, "period": "-1q"}], "maxAge": 86400}, "summaryProfile": {"address1": "Ruby House 8", "address2": "2nd Floor India Exchange Place", "city": "Kolkata", "zip": "700001", "country": "India", "phone": "91 33 2230 4363", "fax": "91 33 2230 9051", "website": "http://www.himadri.com", "industry": "Specialty Chemicals", "sector": "Basic Materials", "longBusinessSummary": "Himadri Speciality Chemical Limited manufactures and sells carbon materials and chemicals in India and internationally. It offers coal tar pitches, including aluminium grade pitches that are used as a pre-baked anode and Soderberg in aluminum manufacturing; graphite grade binder pitches for graphite electrode manufacturing; graphite grade zero QI impregnating pitches, which are used in electrode, nipple impregnation, and UHP grade electrode manufacturing; special pitches for DRDO; HSCP, an anode material for lithium-ion batteries; and other pitches that are used in refractories, carbon paste, paints/ultramarine blue, proofing, Himcoat enamel, Himcoat primer-B, Himtape and Himwrap, and other applications. The company's carbon materials include coke granules and powder, and synthetic and natural graphite powder for power battery application. It also provides carbon; refined naphthalene for dyes and dye intermediates, and moth balls; and sulphonated naphthalene formaldehyde and polycarboxylate ether for use in agrochemicals, gypsum board, rubber, and concrete. In addition, the company offers anti-corrosion products for chemical factories, vessels, water treatment plants, breweries, milk chilling plants, etc. Further, it provides specialty oils comprising light creosote, wash/gas scrubbing, phenyl grade, wood preservative/creosote, anthracene, carbon black, and fuel oils, as well as coal flow and bulk density enhancers, BTX products, and industrial solvents. Additionally, the company generates power from fuel gas. Its products are used in lithium-ion batteries, aluminum, graphite, infrastructure/construction, tires, mechanical rubber goods, plastics, dyes and intermediaries, and other applications. The company was formerly known as Himadri Chemicals & Industries Limited and changed its name to Himadri Speciality Chemical Limited in July 2016. Himadri Speciality Chemical Limited was founded in 1987 and is headquartered in Kolkata, India.", "fullTimeEmployees": 972, "companyOfficers": [], "maxAge": 86400}, "netSharePurchaseActivity": {"maxAge": 1, "period": "6m", "buyInfoCount": 0, "buyInfoShares": 0, "sellInfoCount": 0, "netInfoCount": 0, "netInfoShares": 0, "netPercentInsiderShares": 0.0, "totalInsiderShares": 195249968}, "insiderTransactions": {"transactions": [{"maxAge": 1, "shares": 35000000, "filerUrl": "", "transactionText": "", "filerName": "Bain Capital India Investments", "filerRelation": "Promoter", "moneyText": "", "startDate": "2021-02-25", "ownership": "D"}, {"maxAge": 1, "shares": 77860994, "filerUrl": "", "transactionText": "", "filerName": "Bain Capital India Investments", "filerRelation": "Promoter", "moneyText": "", "startDate": "2021-02-24", "ownership": "D"}, {"maxAge": 1, "shares": 850000, "value": 478210, "filerUrl": "", "transactionText": "Sale at price 0.56 per share.", "filerName": "Choudhary (Sushila Devi)", "filerRelation": "Promoter", "moneyText": "", "startDate": "2020-11-20", "ownership": "D"}, {"maxAge": 1, "shares": 822850, "value": 456517, "filerUrl": "", "transactionText": "Sale at price 0.55 per share.", "filerName": "Choudhary (Saroj Devi)", "filerRelation": "Promoter", "moneyText": "", "startDate": "2020-11-20", "ownership": "D"}, {"maxAge": 1, "shares": 8002933, "value": 4500849, "filerUrl": "", "transactionText": "Sale at price 0.56 per share.", "filerName": "Himadri Industries Ltd", "filerRelation": "Promoter", "moneyText": "", "startDate": "2020-11-20", "ownership": "D"}, {"maxAge": 1, "shares": 822850, "value": 456270, "filerUrl": "", "transactionText": "Sale at price 0.55 per share.", "filerName": "Choudhary (Kanta Devi)", "filerRelation": "Promoter", "moneyText": "", "startDate": "2020-11-20", "ownership": "D"}, {"maxAge": 1, "shares": 3234280, "value": 1948006, "filerUrl": "", "transactionText": "Sale at price 0.60 per share.", "filerName": "Choudhary (Shyam Sundar)", "filerRelation": "Promoter", "moneyText": "", "startDate": "2020-11-18", "ownership": "D"}, {"maxAge": 1, "shares": 763420, "value": 448203, "filerUrl": "", "transactionText": "Sale at price 0.59 per share.", "filerName": "Choudhary (Sheela Devi)", "filerRelation": "Promoter", "moneyText": "", "startDate": "2020-11-18", "ownership": "D"}, {"maxAge": 1, "shares": 24000, "value": 14976, "filerUrl": "", "transactionText": "Sale at price 0.62 per share.", "filerName": "Satnalika (Somesh)", "filerRelation": "UNREPORTED", "moneyText": "", "startDate": "2020-11-17", "ownership": "D"}, {"maxAge": 1, "shares": 45000, "value": 28201, "filerUrl": "", "transactionText": "Sale at price 0.63 per share.", "filerName": "Agarwal (Kamlesh Kumar)", "filerRelation": "UNREPORTED", "moneyText": "", "startDate": "2020-11-14", "ownership": "D"}, {"maxAge": 1, "shares": 1484280, "filerUrl": "", "transactionText": "Other at price 0.00 per share.", "filerName": "Choudhary (Tushar)", "filerRelation": "Promoter", "moneyText": "", "startDate": "2020-10-29", "ownership": "D"}, {"maxAge": 1, "shares": 38175297, "filerUrl": "", "transactionText": "", "filerName": "Himadri Industries Ltd", "filerRelation": "", "moneyText": "", "startDate": "2019-03-15", "ownership": "D"}, {"maxAge": 1, "shares": 46140000, "filerUrl": "", "transactionText": "", "filerName": "Himadri Industries Ltd", "filerRelation": "Promoter", "moneyText": "", "startDate": "2019-03-15", "ownership": "D"}, {"maxAge": 1, "shares": 98284310, "filerUrl": "", "transactionText": "", "filerName": "Himadri Industries Ltd", "filerRelation": "Promoter", "moneyText": "", "startDate": "2019-03-15", "ownership": "D"}, {"maxAge": 1, "shares": 182599607, "filerUrl": "", "transactionText": "", "filerName": "Modern Hirise Pvt Ltd", "filerRelation": "Institution- Corporation", "moneyText": "", "startDate": "2019-03-15", "ownership": "D"}, {"maxAge": 1, "shares": 21335, "filerUrl": "", "transactionText": "", "filerName": "Bain Capital India Investments", "filerRelation": "UNREPORTED", "moneyText": "", "startDate": "2010-04-20", "ownership": "D"}, {"maxAge": 1, "shares": 3986531, "filerUrl": "", "transactionText": "", "filerName": "Bain Capital India Investments", "filerRelation": "UNREPORTED", "moneyText": "", "startDate": "2010-04-12", "ownership": "D"}, {"maxAge": 1, "shares": 6310000, "filerUrl": "", "transactionText": "", "filerName": "Bain Capital India Investments", "filerRelation": "UNREPORTED", "moneyText": "", "startDate": "2010-02-03", "ownership": "D"}], "maxAge": 1}, "sectorTrend": {"maxAge": 1, "symbol": null, "estimates": []}, "incomeStatementHistoryQuarterly": {"incomeStatementHistory": [{"maxAge": 1, "endDate": "2020-12-31", "totalRevenue": 4684300000, "costOfRevenue": 3392800000, "grossProfit": 1291500000, "researchDevelopment": {}, "sellingGeneralAdministrative": 188400000, "nonRecurring": {}, "otherOperatingExpenses": 679000000, "totalOperatingExpenses": 4377400000, "operatingIncome": 306900000, "totalOtherIncomeExpenseNet": -42600000, "ebit": 306900000, "interestExpense": -67700000, "incomeBeforeTax": 264300000, "incomeTaxExpense": 100100000, "minorityInterest": {}, "netIncomeFromContinuingOps": 164200000, "discontinuedOperations": {}, "extraordinaryItems": {}, "effectOfAccountingCharges": {}, "otherItems": {}, "netIncome": 164800000, "netIncomeApplicableToCommonShares": 164800000}, {"maxAge": 1, "endDate": "2020-09-30", "totalRevenue": 3921500000, "costOfRevenue": 2716900000, "grossProfit": 1204600000, "researchDevelopment": {}, "sellingGeneralAdministrative": 188000000, "nonRecurring": {}, "otherOperatingExpenses": 530100000, "totalOperatingExpenses": 3552800000, "operatingIncome": 368700000, "totalOtherIncomeExpenseNet": -68300000, "ebit": 368700000, "interestExpense": -90300000, "incomeBeforeTax": 300400000, "incomeTaxExpense": 93800000, "minorityInterest": -5800000, "netIncomeFromContinuingOps": 206600000, "discontinuedOperations": {}, "extraordinaryItems": {}, "effectOfAccountingCharges": {}, "otherItems": {}, "netIncome": 207200000, "netIncomeApplicableToCommonShares": 207200000}, {"maxAge": 1, "endDate": "2020-06-30", "totalRevenue": 2592400000, "costOfRevenue": 1941000000, "grossProfit": 651400000, "researchDevelopment": {}, "sellingGeneralAdministrative": 186800000, "nonRecurring": {}, "otherOperatingExpenses": 418700000, "totalOperatingExpenses": 2661800000, "operatingIncome": -69400000, "totalOtherIncomeExpenseNet": -92700000, "ebit": -69400000, "interestExpense": -105300000, "incomeBeforeTax": -162100000, "incomeTaxExpense": -35900000, "minorityInterest": -5800000, "netIncomeFromContinuingOps": -126200000, "discontinuedOperations": {}, "extraordinaryItems": {}, "effectOfAccountingCharges": {}, "otherItems": {}, "netIncome": -125600000, "netIncomeApplicableToCommonShares": -125600000}, {"maxAge": 1, "endDate": "2020-03-31", "totalRevenue": 3656277000, "costOfRevenue": 2705811000, "grossProfit": 950466000, "researchDevelopment": {}, "sellingGeneralAdministrative": 229561000, "nonRecurring": {}, "otherOperatingExpenses": 227838000, "totalOperatingExpenses": 3302693000, "operatingIncome": 353584000, "totalOtherIncomeExpenseNet": -264032000, "ebit": 353584000, "interestExpense": -105569000, "incomeBeforeTax": 89552000, "incomeTaxExpense": -620239000, "minorityInterest": -4502000, "netIncomeFromContinuingOps": 709791000, "discontinuedOperations": {}, "extraordinaryItems": {}, "effectOfAccountingCharges": {}, "otherItems": {}, "netIncome": 708163000, "netIncomeApplicableToCommonShares": 708163000}], "maxAge": 86400}, "cashflowStatementHistoryQuarterly": {"cashflowStatements": [{"maxAge": 1, "endDate": "2020-12-31", "netIncome": 164800000, "changeToLiabilities": 0}, {"maxAge": 1, "endDate": "2020-09-30", "netIncome": 207200000, "changeToLiabilities": 0}, {"maxAge": 1, "endDate": "2020-06-30", "netIncome": -125600000, "changeToLiabilities": 0}, {"maxAge": 1, "endDate": "2020-03-31", "netIncome": 708163000, "changeToLiabilities": 0}], "maxAge": 86400}, "earnings": {"maxAge": 86400, "earningsChart": {"quarterly": [], "earningsDate": []}, "financialsChart": {"yearly": [{"date": 2017, "revenue": 13430061000, "earnings": 827757000}, {"date": 2018, "revenue": 20215012000, "earnings": 2474624000}, {"date": 2019, "revenue": 24243285000, "earnings": 3242938000}, {"date": 2020, "revenue": 18106477000, "earnings": 2054763000}], "quarterly": [{"date": "1Q2020", "revenue": 3656277000, "earnings": 708163000}, {"date": "2Q2020", "revenue": 2592400000, "earnings": -125600000}, {"date": "3Q2020", "revenue": 3921500000, "earnings": 207200000}, {"date": "4Q2020", "revenue": 4684300000, "earnings": 164800000}]}, "financialCurrency": "INR"}, "financialData": {"maxAge": 86400, "currentPrice": 44.6, "targetHighPrice": 245.0, "targetLowPrice": 184.0, "targetMeanPrice": 224.2, "targetMedianPrice": 230.0, "recommendationMean": 1.3, "recommendationKey": "strong_buy", "numberOfAnalystOpinions": 5, "totalCash": 1987699968, "totalCashPerShare": 4.704, "ebitda": 1330495488, "totalDebt": 7190000128, "totalRevenue": 14854476800, "debtToEquity": 40.584, "revenuePerShare": 35.066, "grossProfits": 5642566000, "earningsGrowth": 0.026, "revenueGrowth": 0.086, "grossMargins": 0.27587, "ebitdaMargins": 0.08957, "operatingMargins": 0.06461, "profitMargins": 0.06426, "financialCurrency": "INR"}}}