{"HTMEDIA.BO": {"recommendationTrend": {"trend": [{"period": "0m", "strongBuy": 0, "buy": 0, "hold": 0, "sell": 0, "strongSell": 0}, {"period": "-1m", "strongBuy": 0, "buy": 0, "hold": 0, "sell": 0, "strongSell": 0}, {"period": "-2m", "strongBuy": 0, "buy": 0, "hold": 0, "sell": 0, "strongSell": 0}, {"period": "-3m", "strongBuy": 0, "buy": 0, "hold": 0, "sell": 0, "strongSell": 0}], "maxAge": 86400}, "cashflowStatementHistory": {"cashflowStatements": [{"maxAge": 1, "endDate": "2020-03-31", "netIncome": -2176200000, "depreciation": 1737800000, "changeToNetincome": 2935800000, "changeToAccountReceivables": -268800000, "changeToLiabilities": 0, "changeToInventory": 217500000, "changeToOperatingActivities": -1863700000, "totalCashFromOperatingActivities": 666700000, "capitalExpenditures": -273000000, "investments": 4009400000, "otherCashflowsFromInvestingActivities": 3202500000, "totalCashflowsFromInvestingActivities": 3939000000, "dividendsPaid": -92200000, "netBorrowings": -4742500000, "otherCashflowsFromFinancingActivities": -1012300000, "totalCashFromFinancingActivities": -5847000000, "effectOfExchangeRate": 700000, "changeInCash": -1225400000}, {"maxAge": 1, "endDate": "2019-03-31", "netIncome": -120500000, "depreciation": 980900000, "changeToNetincome": -399200000, "changeToAccountReceivables": -1023900000, "changeToLiabilities": 0, "changeToInventory": -377100000, "changeToOperatingActivities": 1575400000, "totalCashFromOperatingActivities": 728500000, "capitalExpenditures": -764100000, "investments": 1660000000, "otherCashflowsFromInvestingActivities": 824100000, "totalCashflowsFromInvestingActivities": 1146800000, "dividendsPaid": -92200000, "netBorrowings": -761000000, "otherCashflowsFromFinancingActivities": -1204000000, "totalCashFromFinancingActivities": -2057200000, "effectOfExchangeRate": 1900000, "changeInCash": -180000000}, {"maxAge": 1, "endDate": "2018-03-31", "netIncome": 3071700000, "depreciation": 1213200000, "changeToNetincome": -590000000, "changeToAccountReceivables": -386200000, "changeToLiabilities": 0, "changeToInventory": 291600000, "changeToOperatingActivities": -513200000, "totalCashFromOperatingActivities": 3087100000, "capitalExpenditures": -361200000, "investments": -2318700000, "otherCashflowsFromInvestingActivities": 739500000, "totalCashflowsFromInvestingActivities": -2452300000, "dividendsPaid": -91100000, "netBorrowings": 861300000, "otherCashflowsFromFinancingActivities": -865300000, "totalCashFromFinancingActivities": -90500000, "effectOfExchangeRate": 4000000, "changeInCash": 368700000, "issuanceOfStock": 4600000}, {"maxAge": 1, "endDate": "2017-03-31", "netIncome": 1702500000, "depreciation": 1135800000, "changeToNetincome": -371600000, "changeToAccountReceivables": 316800000, "changeToLiabilities": 0, "changeToInventory": 70000000, "changeToOperatingActivities": 102600000, "totalCashFromOperatingActivities": 3064000000, "capitalExpenditures": -473900000, "investments": -3719500000, "otherCashflowsFromInvestingActivities": 1899100000, "totalCashflowsFromInvestingActivities": -2662200000, "dividendsPaid": -91900000, "netBorrowings": 453500000, "otherCashflowsFromFinancingActivities": -982100000, "totalCashFromFinancingActivities": -620500000, "effectOfExchangeRate": -3100000, "changeInCash": -221800000, "issuanceOfStock": 4600000}], "maxAge": 86400}, "institutionOwnership": {"ownershipList": [], "maxAge": 1}, "balanceSheetHistoryQuarterly": {"balanceSheetStatements": [{"maxAge": 1, "endDate": "2020-06-30", "totalStockholderEquity": 22926400000, "netTangibleAssets": 18035800000}, {"maxAge": 1, "endDate": "2020-03-31", "cash": 616500000, "shortTermInvestments": 6139300000, "netReceivables": 4424200000, "inventory": 1414300000, "otherCurrentAssets": 1070000000, "totalCurrentAssets": 13664300000, "longTermInvestments": 12430800000, "propertyPlantEquipment": 7014100000, "intangibleAssets": 4890600000, "otherAssets": 7013900000, "deferredLongTermAssetCharges": 461700000, "totalAssets": 45013700000, "accountsPayable": 2925800000, "shortLongTermDebt": 1597900000, "otherCurrentLiab": 5145200000, "longTermDebt": 1799800000, "otherLiab": 433800000, "minorityInterest": 3993400000, "totalCurrentLiabilities": 14883900000, "totalLiab": 18093900000, "commonStock": 461100000, "retainedEarnings": 16461200000, "treasuryStock": 1068400000, "capitalSurplus": 4935700000, "otherStockholderEquity": 1068400000, "totalStockholderEquity": 22926400000, "netTangibleAssets": 18035800000}, {"maxAge": 1, "endDate": "2019-12-31", "totalStockholderEquity": 22842300000, "netTangibleAssets": 16870700000}, {"maxAge": 1, "endDate": "2019-09-30", "cash": 1519600000, "shortTermInvestments": 8621700000, "netReceivables": 4649900000, "inventory": 1475600000, "otherCurrentAssets": 1211800000, "totalCurrentAssets": 17478600000, "longTermInvestments": 13632700000, "propertyPlantEquipment": 7591200000, "goodWill": 118900000, "intangibleAssets": 5852700000, "otherAssets": 7074700000, "deferredLongTermAssetCharges": 638200000, "totalAssets": 51748800000, "accountsPayable": 3310000000, "otherCurrentLiab": 8553900000, "longTermDebt": 3745800000, "otherLiab": 763300000, "minorityInterest": 4051600000, "totalCurrentLiabilities": 20345800000, "totalLiab": 24854900000, "commonStock": 461100000, "treasuryStock": 22381200000, "otherStockholderEquity": 22381200000, "totalStockholderEquity": 22842300000, "netTangibleAssets": 16870700000}], "maxAge": 86400}, "earningsHistory": {"history": [{"maxAge": 1, "epsActual": 5.34, "epsEstimate": 3.33, "epsDifference": 2.01, "surprisePercent": 0.60400003, "quarter": "2017-12-31", "period": "-4q"}, {"maxAge": 1, "epsActual": 3.22, "epsEstimate": 2.74, "epsDifference": 0.48, "surprisePercent": 0.175, "quarter": "2018-03-31", "period": "-3q"}, {"maxAge": 1, "epsActual": 0.25, "epsEstimate": 2.24, "epsDifference": -1.99, "surprisePercent": -0.888, "quarter": "2018-06-30", "period": "-2q"}, {"maxAge": 1, "epsActual": -0.78, "epsEstimate": 1.74, "epsDifference": -2.52, "surprisePercent": -1.4480001, "quarter": "2018-09-30", "period": "-1q"}], "maxAge": 86400}, "indexTrend": {"maxAge": 1, "symbol": "SP5", "peRatio": 19.7411, "pegRatio": 1.34172, "estimates": [{"period": "0q", "growth": 0.549}, {"period": "+1q", "growth": 0.431}, {"period": "0y", "growth": 0.305}, {"period": "+1y", "growth": 0.109}, {"period": "+5y", "growth": 0.120865}, {"period": "-5y"}]}, "industryTrend": {"maxAge": 1, "symbol": null, "estimates": []}, "insiderTransactions": {"transactions": [{"maxAge": 1, "shares": 30000, "filerUrl": "", "transactionText": "", "filerName": "Bhanju (Shantanu)", "filerRelation": "UNREPORTED", "moneyText": "", "startDate": "2018-01-25", "ownership": "D"}, {"maxAge": 1, "shares": 20000, "filerUrl": "", "transactionText": "", "filerName": "Khanna (Vivek)", "filerRelation": "UNREPORTED", "moneyText": "", "startDate": "2018-01-25", "ownership": "D"}, {"maxAge": 1, "shares": 0, "filerUrl": "", "transactionText": "", "filerName": "Mittal (Vinay)", "filerRelation": "UNREPORTED", "moneyText": "", "startDate": "2014-12-04", "ownership": "I"}, {"maxAge": 1, "shares": 50000, "filerUrl": "", "transactionText": "", "filerName": "Mittal (Vinay)", "filerRelation": "UNREPORTED", "moneyText": "", "startDate": "2014-11-27", "ownership": "D"}, {"maxAge": 1, "shares": 7000000, "filerUrl": "", "transactionText": "", "filerName": "HPC Mauritius Ltd", "filerRelation": "Investment Advisor", "moneyText": "", "startDate": "2010-11-04", "ownership": "D"}], "maxAge": 1}, "quoteType": {"exchange": "BSE", "quoteType": "EQUITY", "symbol": "HTMEDIA.BO", "underlyingSymbol": "HTMEDIA.BO", "shortName": "HT MEDIA LTD.", "longName": "HT Media Limited", "firstTradeDateEpochUtc": "2005-09-01 09:15:00", "timeZoneFullName": "Asia/Kolkata", "timeZoneShortName": "IST", "uuid": "3ce4fabe-844f-3f52-a0cc-c35994e61585", "gmtOffSetMilliseconds": 19800000, "maxAge": 1}, "incomeStatementHistory": {"incomeStatementHistory": [{"maxAge": 1, "endDate": "2020-03-31", "totalRevenue": 21047400000, "costOfRevenue": 10343700000, "grossProfit": 10703700000, "researchDevelopment": {}, "sellingGeneralAdministrative": 1535900000, "nonRecurring": {}, "otherOperatingExpenses": 6736900000, "totalOperatingExpenses": 20438600000, "operatingIncome": 608800000, "totalOtherIncomeExpenseNet": -2304300000, "ebit": 608800000, "interestExpense": -970400000, "incomeBeforeTax": -1695500000, "incomeTaxExpense": 478700000, "minorityInterest": 3993400000, "netIncomeFromContinuingOps": -2174200000, "discontinuedOperations": {}, "extraordinaryItems": {}, "effectOfAccountingCharges": {}, "otherItems": {}, "netIncome": -2176200000, "netIncomeApplicableToCommonShares": -2176200000}, {"maxAge": 1, "endDate": "2019-03-31", "totalRevenue": 21988700000, "costOfRevenue": 11992600000, "grossProfit": 9996100000, "researchDevelopment": {}, "sellingGeneralAdministrative": 2210300000, "nonRecurring": {}, "otherOperatingExpenses": 6816100000, "totalOperatingExpenses": 22085400000, "operatingIncome": -96700000, "totalOtherIncomeExpenseNet": -264300000, "ebit": -96700000, "interestExpense": -1110700000, "incomeBeforeTax": -361000000, "incomeTaxExpense": -519900000, "minorityInterest": 3634500000, "netIncomeFromContinuingOps": 158900000, "discontinuedOperations": {}, "extraordinaryItems": {}, "effectOfAccountingCharges": {}, "otherItems": {}, "netIncome": -120500000, "netIncomeApplicableToCommonShares": -120500000}, {"maxAge": 1, "endDate": "2018-03-31", "totalRevenue": 22993700000, "costOfRevenue": 10322800000, "grossProfit": 12670900000, "researchDevelopment": {}, "sellingGeneralAdministrative": 678500000, "nonRecurring": {}, "otherOperatingExpenses": 8345700000, "totalOperatingExpenses": 20560200000, "operatingIncome": 2433500000, "totalOtherIncomeExpenseNet": 1971200000, "ebit": 2433500000, "interestExpense": -814500000, "incomeBeforeTax": 4404700000, "incomeTaxExpense": 940900000, "minorityInterest": 3421800000, "netIncomeFromContinuingOps": 3463800000, "discontinuedOperations": 57000000, "extraordinaryItems": {}, "effectOfAccountingCharges": {}, "otherItems": {}, "netIncome": 3071700000, "netIncomeApplicableToCommonShares": 3071700000}, {"maxAge": 1, "endDate": "2017-03-31", "totalRevenue": 24520900000, "costOfRevenue": 13258600000, "grossProfit": 11262300000, "researchDevelopment": {}, "sellingGeneralAdministrative": 2354400000, "nonRecurring": {}, "otherOperatingExpenses": 5732500000, "totalOperatingExpenses": 22584200000, "operatingIncome": 1936700000, "totalOtherIncomeExpenseNet": 924800000, "ebit": 1936700000, "interestExpense": -928100000, "incomeBeforeTax": 2861500000, "incomeTaxExpense": 671400000, "minorityInterest": 3000100000, "netIncomeFromContinuingOps": 2190100000, "discontinuedOperations": 57000000, "extraordinaryItems": {}, "effectOfAccountingCharges": {}, "otherItems": {}, "netIncome": 1702500000, "netIncomeApplicableToCommonShares": 1702500000}], "maxAge": 86400}, "fundOwnership": {"ownershipList": [], "maxAge": 1}, "summaryDetail": {"maxAge": 1, "priceHint": 2, "previousClose": 22.05, "open": 22.2, "dayLow": 21.75, "dayHigh": 22.4, "regularMarketPreviousClose": 22.05, "regularMarketOpen": 22.2, "regularMarketDayLow": 21.75, "regularMarketDayHigh": 22.4, "forwardPE": 2.7496917, "volume": 7677, "regularMarketVolume": 7677, "averageVolume": 34973, "averageVolume10days": 8254, "averageDailyVolume10Day": 8254, "bid": 22.1, "ask": 22.45, "bidSize": 0, "askSize": 0, "marketCap": 5190280192, "fiftyTwoWeekLow": 7.75, "fiftyTwoWeekHigh": 22.4, "fiftyDayAverage": 16.984848, "twoHundredDayAverage": 14.66978, "trailingAnnualDividendRate": 0.4, "trailingAnnualDividendYield": 0.01814059, "currency": "INR", "fromCurrency": null, "lastMarket": null, "algorithm": null, "tradeable": false}, "sectorTrend": {"maxAge": 1, "symbol": null, "estimates": []}, "incomeStatementHistoryQuarterly": {"incomeStatementHistory": [{"maxAge": 1, "endDate": "2020-06-30", "totalRevenue": 1663500000, "costOfRevenue": 1411300000, "grossProfit": 252200000, "researchDevelopment": {}, "sellingGeneralAdministrative": {}, "nonRecurring": {}, "otherOperatingExpenses": 1271000000, "totalOperatingExpenses": 3074000000, "operatingIncome": -1410500000, "totalOtherIncomeExpenseNet": 562700000, "ebit": -1410500000, "interestExpense": -161100000, "incomeBeforeTax": -847800000, "incomeTaxExpense": -291400000, "minorityInterest": {}, "netIncomeFromContinuingOps": -556400000, "discontinuedOperations": {}, "extraordinaryItems": {}, "effectOfAccountingCharges": {}, "otherItems": {}, "netIncome": -548600000, "netIncomeApplicableToCommonShares": -548600000}, {"maxAge": 1, "endDate": "2020-03-31", "totalRevenue": 4668800000, "costOfRevenue": 2625100000, "grossProfit": 2043700000, "researchDevelopment": {}, "sellingGeneralAdministrative": 1535900000, "nonRecurring": {}, "otherOperatingExpenses": -706900000, "totalOperatingExpenses": 3911400000, "operatingIncome": 757400000, "totalOtherIncomeExpenseNet": -1357000000, "ebit": 757400000, "interestExpense": -188800000, "incomeBeforeTax": -599600000, "incomeTaxExpense": 16300000, "minorityInterest": 3993400000, "netIncomeFromContinuingOps": -615900000, "discontinuedOperations": {}, "extraordinaryItems": {}, "effectOfAccountingCharges": {}, "otherItems": {}, "netIncome": -463100000, "netIncomeApplicableToCommonShares": -463100000}, {"maxAge": 1, "endDate": "2019-12-31", "totalRevenue": 5771300000, "costOfRevenue": 2548700000, "grossProfit": 3222600000, "researchDevelopment": {}, "sellingGeneralAdministrative": 1535900000, "nonRecurring": {}, "otherOperatingExpenses": 2632400000, "totalOperatingExpenses": 5648000000, "operatingIncome": 123300000, "totalOtherIncomeExpenseNet": 291700000, "ebit": 123300000, "interestExpense": -233800000, "incomeBeforeTax": 415000000, "incomeTaxExpense": 273800000, "minorityInterest": 3993400000, "netIncomeFromContinuingOps": 141200000, "discontinuedOperations": {}, "extraordinaryItems": {}, "effectOfAccountingCharges": {}, "otherItems": {}, "netIncome": 80700000, "netIncomeApplicableToCommonShares": 80700000}, {"maxAge": 1, "endDate": "2019-09-30", "totalRevenue": 5205200000, "costOfRevenue": 2528300000, "grossProfit": 2676900000, "researchDevelopment": {}, "sellingGeneralAdministrative": 1535900000, "nonRecurring": {}, "otherOperatingExpenses": 2460600000, "totalOperatingExpenses": 5476000000, "operatingIncome": -270800000, "totalOtherIncomeExpenseNet": 322400000, "ebit": -270800000, "interestExpense": -268600000, "incomeBeforeTax": 51600000, "incomeTaxExpense": 270400000, "minorityInterest": 4051600000, "netIncomeFromContinuingOps": -218800000, "discontinuedOperations": {}, "extraordinaryItems": {}, "effectOfAccountingCharges": {}, "otherItems": {}, "netIncome": -244700000, "netIncomeApplicableToCommonShares": -244700000}], "maxAge": 86400}, "cashflowStatementHistoryQuarterly": {"cashflowStatements": [{"maxAge": 1, "endDate": "2020-06-30", "netIncome": -548600000, "changeToLiabilities": 0}, {"maxAge": 1, "endDate": "2020-03-31", "netIncome": -463100000, "changeToLiabilities": 0}, {"maxAge": 1, "endDate": "2019-12-31", "netIncome": 80700000, "changeToLiabilities": 0}, {"maxAge": 1, "endDate": "2019-09-30", "netIncome": -244700000, "changeToLiabilities": 0}], "maxAge": 86400}, "insiderHolders": {"holders": [{"maxAge": 1, "name": "Bhanju (Shantanu)", "relation": "UNREPORTED", "url": "", "transactionDescription": "Sale", "latestTransDate": "2018-01-25", "positionDirect": 0, "positionDirectDate": "2018-01-25"}, {"maxAge": 1, "name": "HPC Mauritius Ltd", "relation": "Investment Advisor", "url": "", "transactionDescription": "Sale", "latestTransDate": "2010-11-04", "positionDirect": 14279240, "positionDirectDate": "2010-11-04"}, {"maxAge": 1, "name": "Khanna (Vivek)", "relation": "UNREPORTED", "url": "", "transactionDescription": "Sale", "latestTransDate": "2018-01-25", "positionDirect": 0, "positionDirectDate": "2018-01-25"}, {"maxAge": 1, "name": "Mittal (Vinay)", "relation": "UNREPORTED", "url": "", "transactionDescription": "Acquisition", "latestTransDate": "2014-12-04", "positionIndirect": 50000, "positionIndirectDate": 1417651200}], "maxAge": 1}, "earnings": {"maxAge": 86400, "earningsChart": {"quarterly": [{"date": "4Q2017", "actual": 5.34, "estimate": 3.33}, {"date": "1Q2018", "actual": 3.22, "estimate": 2.74}, {"date": "2Q2018", "actual": 0.25, "estimate": 2.24}, {"date": "3Q2018", "actual": -0.78, "estimate": 1.74}], "currentQuarterEstimateDate": "4Q", "currentQuarterEstimateYear": 2018, "earningsDate": ["2020-07-28 05:30:S"]}, "financialsChart": {"yearly": [{"date": 2017, "revenue": 24520900000, "earnings": 1702500000}, {"date": 2018, "revenue": 22993700000, "earnings": 3071700000}, {"date": 2019, "revenue": 21988700000, "earnings": -120500000}, {"date": 2020, "revenue": 21047400000, "earnings": -2176200000}], "quarterly": [{"date": "3Q2019", "revenue": 5205200000, "earnings": -244700000}, {"date": "4Q2019", "revenue": 5771300000, "earnings": 80700000}, {"date": "1Q2020", "revenue": 4668800000, "earnings": -463100000}, {"date": "2Q2020", "revenue": 1663500000, "earnings": -548600000}]}, "financialCurrency": "INR"}, "calendarEvents": {"maxAge": 1, "earnings": {"earningsDate": ["2020-07-28 05:30:S"], "revenueAverage": 6454000000, "revenueLow": 6454000000, "revenueHigh": 6454000000}}, "upgradeDowngradeHistory": {"history": [], "maxAge": 86400}, "price": {"maxAge": 1, "regularMarketChangePercent": 0.011337869, "regularMarketChange": 0.25, "regularMarketTime": "2021-04-30 15:19:34", "priceHint": 2, "regularMarketPrice": 22.3, "regularMarketDayHigh": 22.4, "regularMarketDayLow": 21.75, "regularMarketVolume": 7677, "averageDailyVolume10Day": 8254, "averageDailyVolume3Month": 34973, "regularMarketPreviousClose": 22.05, "regularMarketSource": "FREE_REALTIME", "regularMarketOpen": 22.2, "exchange": "BSE", "exchangeName": "BSE", "exchangeDataDelayedBy": 0, "marketState": "CLOSED", "quoteType": "EQUITY", "symbol": "HTMEDIA.BO", "underlyingSymbol": null, "shortName": "HT MEDIA LTD.", "longName": "HT Media Limited", "currency": "INR", "quoteSourceName": "Delayed Quote", "currencySymbol": "\u20b9", "fromCurrency": null, "lastMarket": null, "marketCap": 5190280192}, "balanceSheetHistory": {"balanceSheetStatements": [{"maxAge": 1, "endDate": "2020-03-31", "cash": 616500000, "shortTermInvestments": 6139300000, "netReceivables": 4424200000, "inventory": 1414300000, "otherCurrentAssets": 1070000000, "totalCurrentAssets": 13664300000, "longTermInvestments": 12430800000, "propertyPlantEquipment": 7014100000, "intangibleAssets": 4890600000, "otherAssets": 7013900000, "deferredLongTermAssetCharges": 461700000, "totalAssets": 45013700000, "accountsPayable": 2925800000, "shortLongTermDebt": 1597900000, "otherCurrentLiab": 5145200000, "longTermDebt": 1799800000, "otherLiab": 433800000, "minorityInterest": 3993400000, "totalCurrentLiabilities": 14883900000, "totalLiab": 18093900000, "commonStock": 461100000, "retainedEarnings": 16461200000, "treasuryStock": 1068400000, "capitalSurplus": 4935700000, "otherStockholderEquity": 1068400000, "totalStockholderEquity": 22926400000, "netTangibleAssets": 18035800000}, {"maxAge": 1, "endDate": "2019-03-31", "cash": 1581700000, "shortTermInvestments": 13738600000, "netReceivables": 4281200000, "inventory": 1631800000, "otherCurrentAssets": 1355400000, "totalCurrentAssets": 22588700000, "longTermInvestments": 10219900000, "propertyPlantEquipment": 5894300000, "goodWill": 118900000, "intangibleAssets": 3834400000, "otherAssets": 7242200000, "deferredLongTermAssetCharges": 772000000, "totalAssets": 49898400000, "accountsPayable": 3312100000, "shortLongTermDebt": 146900000, "otherCurrentLiab": 6258300000, "longTermDebt": 2933000000, "otherLiab": 356000000, "minorityInterest": 3634500000, "totalCurrentLiabilities": 17860100000, "totalLiab": 21149100000, "commonStock": 461100000, "retainedEarnings": 18756000000, "treasuryStock": 974600000, "capitalSurplus": 4923100000, "otherStockholderEquity": 974600000, "totalStockholderEquity": 25114800000, "netTangibleAssets": 21161500000}, {"maxAge": 1, "endDate": "2018-03-31", "cash": 1660600000, "shortTermInvestments": 7818400000, "netReceivables": 3548800000, "inventory": 1254700000, "otherCurrentAssets": 768800000, "totalCurrentAssets": 15051300000, "longTermInvestments": 17921200000, "propertyPlantEquipment": 5779900000, "goodWill": 140600000, "intangibleAssets": 4187600000, "otherAssets": 6358200000, "deferredLongTermAssetCharges": 65000000, "totalAssets": 49438800000, "accountsPayable": 3521400000, "shortLongTermDebt": 114000000, "otherCurrentLiab": 4755900000, "longTermDebt": 57000000, "otherLiab": 264700000, "minorityInterest": 3421800000, "totalCurrentLiabilities": 20257700000, "totalLiab": 20579400000, "commonStock": 461100000, "retainedEarnings": 18958500000, "treasuryStock": 1094900000, "capitalSurplus": 4923100000, "otherStockholderEquity": 1094900000, "totalStockholderEquity": 25437600000, "netTangibleAssets": 21109400000}, {"maxAge": 1, "endDate": "2017-03-31", "cash": 1394800000, "shortTermInvestments": 2885600000, "netReceivables": 3428200000, "inventory": 1546300000, "otherCurrentAssets": 516500000, "totalCurrentAssets": 9771400000, "longTermInvestments": 20060400000, "propertyPlantEquipment": 6451700000, "goodWill": 260700000, "intangibleAssets": 4580400000, "otherAssets": 4457400000, "deferredLongTermAssetCharges": 165900000, "totalAssets": 45582000000, "accountsPayable": 4025900000, "shortLongTermDebt": 214800000, "otherCurrentLiab": 4581600000, "longTermDebt": 170200000, "otherLiab": 233900000, "minorityInterest": 3000100000, "totalCurrentLiabilities": 19858900000, "totalLiab": 20263000000, "commonStock": 461000000, "retainedEarnings": 15971200000, "treasuryStock": 963000000, "capitalSurplus": 4923700000, "otherStockholderEquity": 963000000, "totalStockholderEquity": 22318900000, "netTangibleAssets": 17477800000}], "maxAge": 86400}, "earningsTrend": {"trend": [{"maxAge": 1, "period": "0q", "endDate": "2018-12-31", "growth": {}, "earningsEstimate": {"avg": 0.0, "low": 0.0, "high": 0.0, "yearAgoEps": 5.34, "numberOfAnalysts": 0, "growth": {}}, "revenueEstimate": {"avg": 6454000000, "low": 6454000000, "high": 6454000000, "numberOfAnalysts": 1, "yearAgoRevenue": 6253700000, "growth": 0.032}, "epsTrend": {"current": 0.0, "7daysAgo": 1.64, "30daysAgo": 1.64, "60daysAgo": 1.64, "90daysAgo": 1.64}, "epsRevisions": {"upLast7days": 0, "upLast30days": 0, "downLast30days": 0, "downLast90days": {}}}, {"maxAge": 1, "period": "+1q", "endDate": "2019-03-31", "growth": {}, "earningsEstimate": {"avg": 0.0, "low": 0.0, "high": 0.0, "yearAgoEps": 3.22, "numberOfAnalysts": 0, "growth": {}}, "revenueEstimate": {"avg": 5785000000, "low": 5785000000, "high": 5785000000, "numberOfAnalysts": 1, "yearAgoRevenue": 5611900000, "growth": 0.031}, "epsTrend": {"current": 0.0, "7daysAgo": 1.73, "30daysAgo": 1.73, "60daysAgo": 1.73, "90daysAgo": 1.73}, "epsRevisions": {"upLast7days": 0, "upLast30days": 0, "downLast30days": 0, "downLast90days": {}}}, {"maxAge": 1, "period": "0y", "endDate": "2019-03-31", "growth": {}, "earningsEstimate": {"avg": 0.0, "low": 0.0, "high": 0.0, "yearAgoEps": {}, "numberOfAnalysts": 0, "growth": {}}, "revenueEstimate": {"avg": 22618400000, "low": 22432000000, "high": 22790000000, "numberOfAnalysts": 4, "yearAgoRevenue": 23462300000, "growth": -0.036}, "epsTrend": {"current": 0.0, "7daysAgo": 3.8, "30daysAgo": 3.8, "60daysAgo": 3.8, "90daysAgo": 3.8}, "epsRevisions": {"upLast7days": 0, "upLast30days": 0, "downLast30days": 0, "downLast90days": {}}}, {"maxAge": 1, "period": "+1y", "endDate": "2020-03-31", "growth": {}, "earningsEstimate": {"avg": 0.0, "low": 0.0, "high": 0.0, "yearAgoEps": {}, "numberOfAnalysts": 0, "growth": {}}, "revenueEstimate": {"avg": 23790100000, "low": 23246000000, "high": 24239000000, "numberOfAnalysts": 6, "yearAgoRevenue": 22618400000, "growth": 0.051999997}, "epsTrend": {"current": 0.0, "7daysAgo": 6.07, "30daysAgo": 6.07, "60daysAgo": 6.07, "90daysAgo": 6.07}, "epsRevisions": {"upLast7days": 0, "upLast30days": 0, "downLast30days": 0, "downLast90days": {}}}, {"maxAge": 1, "period": "+5y", "endDate": null, "growth": 0.124, "earningsEstimate": {"avg": {}, "low": {}, "high": {}, "yearAgoEps": {}, "numberOfAnalysts": {}, "growth": {}}, "revenueEstimate": {"avg": {}, "low": {}, "high": {}, "numberOfAnalysts": {}, "yearAgoRevenue": {}, "growth": {}}, "epsTrend": {"current": {}, "7daysAgo": {}, "30daysAgo": {}, "60daysAgo": {}, "90daysAgo": {}}, "epsRevisions": {"upLast7days": {}, "upLast30days": {}, "downLast30days": {}, "downLast90days": {}}}, {"maxAge": 1, "period": "-5y", "endDate": null, "growth": {}, "earningsEstimate": {"avg": {}, "low": {}, "high": {}, "yearAgoEps": {}, "numberOfAnalysts": {}, "growth": {}}, "revenueEstimate": {"avg": {}, "low": {}, "high": {}, "numberOfAnalysts": {}, "yearAgoRevenue": {}, "growth": {}}, "epsTrend": {"current": {}, "7daysAgo": {}, "30daysAgo": {}, "60daysAgo": {}, "90daysAgo": {}}, "epsRevisions": {"upLast7days": {}, "upLast30days": {}, "downLast30days": {}, "downLast90days": {}}}], "maxAge": 1}, "financialData": {"maxAge": 86400, "currentPrice": 22.3, "targetHighPrice": 98.0, "targetLowPrice": 34.0, "targetMeanPrice": 58.14, "targetMedianPrice": 46.0, "recommendationKey": "none", "numberOfAnalystOpinions": 7, "grossProfits": 10703700000, "financialCurrency": "INR"}}}