{"HTMEDIA.NS": {"assetProfile": {"address1": "Hindustan Times House", "address2": "2nd Floor 18-20, Kasturba Gandhi Marg", "city": "New Delhi", "zip": "110001", "country": "India", "phone": "91 11 6656 1234", "fax": "91 11 6656 1270", "website": "http://www.htmedia.in", "industry": "Publishing", "sector": "Communication Services", "longBusinessSummary": "HT Media Limited, together with its subsidiaries, engages in the printing and publication of newspapers and periodicals in India. The company operates through three segments: Printing and Publishing of Newspapers and Periodicals, Radio Broadcast and Entertainment, and Digital. It publishes Hindustan Times, an English daily newspaper; Mint, a business daily newspaper; Brunch, a weekly lifestyle magazine; Hindustan, a Hindi daily newspaper; Hindustan Jobs, an employment weekly; Jaano English, an English learning supplement; Nandan, a monthly children's magazine; and Kadambini, a monthly women's magazine, as well as newspaper supplements. The company is also involved in FM radio broadcast and other related activities through its radio stations operating under the Fever 104, Fever, Radio One, and Radio Nasha brands in Delhi, Mumbai, Kolkata, Bengaluru, Hyderabad, Kanpur, Lucknow, Agra, Allahabad, Aligarh, Bareilly, and Gorakhpur, as well as Fever FM brand in Chennai. In addition, it operates Shine.com, a job portal; HT Campus.com, an education portal; Hindustantimes.com, a general news web portal; livemint.com, a business news web portal; Livehindustan.com, a Hindi news website; Desimartini.com, a movie review website; and HT Smartcast, a podcast platform. Further, the company operates Studymate learning centers; Bridge School of Management; and provides payroll processing and consultancy, mobile marketing, social media marketing, advertising, mobile CRM and loyalty campaigns, and business and management consultancy services, as well as mobile music content and ring tones. Additionally, it engages in the coaching/ tutorial classes conducting business, as well as sets up training centers. The company was founded in 1924 and is based in New Delhi, India. HT Media Limited is a subsidiary of The Hindustan Times Limited.", "fullTimeEmployees": 1891, "companyOfficers": [{"maxAge": 1, "name": "Ms. Shobhana  Bhartia", "age": 63, "title": "Chairperson & Editorial Director", "yearBorn": 1957, "fiscalYear": 2020, "totalPay": 66708000, "exercisedValue": 0, "unexercisedValue": 0}, {"maxAge": 1, "name": "Mr. Praveen  Someshwar", "age": 53, "title": "MD, CEO & Director", "yearBorn": 1967, "fiscalYear": 2020, "totalPay": 37819000, "exercisedValue": 0, "unexercisedValue": 0}, {"maxAge": 1, "name": "Mr. Piyush  Gupta", "title": "Group CFO & CEO of Strategic Investments", "fiscalYear": 2020, "totalPay": 32142000, "exercisedValue": 0, "unexercisedValue": 0}, {"maxAge": 1, "name": "Mr. Dinesh  Mittal", "age": 57, "title": "Group Gen. Counsel, Compliance Officer & Company Sec.", "yearBorn": 1963, "fiscalYear": 2020, "totalPay": 27715000, "exercisedValue": 0, "unexercisedValue": 0}, {"maxAge": 1, "name": "Mr. Rajan  Bhalla", "title": "Chief Bus. Officer & Group CMO", "exercisedValue": 0, "unexercisedValue": 0}, {"maxAge": 1, "name": "Mr. Paras  Kaushik", "age": 40, "title": "Chief HR Officer", "yearBorn": 1980, "exercisedValue": 0, "unexercisedValue": 0}, {"maxAge": 1, "name": "Mr. Shashi  Shekhar", "age": 59, "title": "Editor-In-Chief of Hindustan", "yearBorn": 1961, "exercisedValue": 0, "unexercisedValue": 0}, {"maxAge": 1, "name": "Mr. Sukumar  Ranganathan", "title": "Editor-in-Chief of Hindustan Times", "exercisedValue": 0, "unexercisedValue": 0}, {"maxAge": 1, "name": "Mr. Harshad  Jain", "age": 52, "title": "Chief Exec. Officer of Radio Bus.", "yearBorn": 1968, "exercisedValue": 0, "unexercisedValue": 0}, {"maxAge": 1, "name": "Mr. Ashu  Phakey", "title": "National Circulation Sales Head", "exercisedValue": 0, "unexercisedValue": 0}], "compensationAsOfEpochDate": "2020-12-31 05:30:00", "maxAge": 86400}, "recommendationTrend": {"trend": [{"period": "0m", "strongBuy": 0, "buy": 0, "hold": 0, "sell": 0, "strongSell": 0}, {"period": "-1m", "strongBuy": 1, "buy": 6, "hold": 5, "sell": 2, "strongSell": 1}, {"period": "-2m", "strongBuy": 0, "buy": 6, "hold": 4, "sell": 4, "strongSell": 1}, {"period": "-3m", "strongBuy": 0, "buy": 5, "hold": 4, "sell": 4, "strongSell": 1}], "maxAge": 86400}, "cashflowStatementHistory": {"cashflowStatements": [{"maxAge": 1, "endDate": "2020-03-31", "netIncome": -3458500000, "depreciation": 1737800000, "changeToNetincome": 4193500000, "changeToAccountReceivables": -32500000, "changeToLiabilities": 0, "changeToInventory": 217500000, "changeToOperatingActivities": -2102900000, "totalCashFromOperatingActivities": 639200000, "capitalExpenditures": -273000000, "investments": 4009400000, "otherCashflowsFromInvestingActivities": 3202500000, "totalCashflowsFromInvestingActivities": 3939000000, "dividendsPaid": -92200000, "netBorrowings": -4742500000, "otherCashflowsFromFinancingActivities": -1012300000, "totalCashFromFinancingActivities": -5847000000, "effectOfExchangeRate": 700000, "changeInCash": -1252900000}, {"maxAge": 1, "endDate": "2019-03-31", "netIncome": -120500000, "depreciation": 980900000, "changeToNetincome": -399200000, "changeToAccountReceivables": -1023900000, "changeToLiabilities": 0, "changeToInventory": -377100000, "changeToOperatingActivities": 1575400000, "totalCashFromOperatingActivities": 728500000, "capitalExpenditures": -764100000, "investments": 1660000000, "otherCashflowsFromInvestingActivities": 824100000, "totalCashflowsFromInvestingActivities": 1146800000, "dividendsPaid": -92200000, "netBorrowings": -761000000, "otherCashflowsFromFinancingActivities": -1204000000, "totalCashFromFinancingActivities": -2057200000, "effectOfExchangeRate": 1900000, "changeInCash": -180000000}, {"maxAge": 1, "endDate": "2018-03-31", "netIncome": 3071700000, "depreciation": 1213200000, "changeToNetincome": -590000000, "changeToAccountReceivables": -386200000, "changeToLiabilities": 0, "changeToInventory": 291600000, "changeToOperatingActivities": -513200000, "totalCashFromOperatingActivities": 3087100000, "capitalExpenditures": -361200000, "investments": -2318700000, "otherCashflowsFromInvestingActivities": 739500000, "totalCashflowsFromInvestingActivities": -2452300000, "dividendsPaid": -91100000, "netBorrowings": 861300000, "otherCashflowsFromFinancingActivities": -865300000, "totalCashFromFinancingActivities": -90500000, "effectOfExchangeRate": 4000000, "changeInCash": 368700000, "issuanceOfStock": 4600000}, {"maxAge": 1, "endDate": "2017-03-31", "netIncome": 1702500000, "depreciation": 1135800000, "changeToNetincome": -371600000, "changeToAccountReceivables": 316800000, "changeToLiabilities": 0, "changeToInventory": 70000000, "changeToOperatingActivities": 102600000, "totalCashFromOperatingActivities": 3064000000, "capitalExpenditures": -473900000, "investments": -3719500000, "otherCashflowsFromInvestingActivities": 1899100000, "totalCashflowsFromInvestingActivities": -2662200000, "dividendsPaid": -91900000, "netBorrowings": 453500000, "otherCashflowsFromFinancingActivities": -982100000, "totalCashFromFinancingActivities": -620500000, "effectOfExchangeRate": -3100000, "changeInCash": -221800000, "issuanceOfStock": 4600000}], "maxAge": 86400}, "indexTrend": {"maxAge": 1, "symbol": "SP5", "peRatio": 19.7411, "pegRatio": 1.34172, "estimates": [{"period": "0q", "growth": 0.549}, {"period": "+1q", "growth": 0.431}, {"period": "0y", "growth": 0.305}, {"period": "+1y", "growth": 0.109}, {"period": "+5y", "growth": 0.120865}, {"period": "-5y"}]}, "defaultKeyStatistics": {"maxAge": 1, "priceHint": 2, "enterpriseValue": 9495242752, "forwardPE": 2.0189703, "profitMargins": -0.21288, "floatShares": 55005514, "sharesOutstanding": 232748000, "heldPercentInsiders": 0.73656, "heldPercentInstitutions": 0.08238, "beta": 1.185929, "category": null, "bookValue": 89.487, "priceToBook": 0.24975695, "fundFamily": null, "legalType": null, "lastFiscalYearEnd": "2020-03-31 05:30:00", "nextFiscalYearEnd": "2022-03-31 05:30:00", "mostRecentQuarter": "2020-12-31 05:30:00", "earningsQuarterlyGrowth": -0.596, "netIncomeToCommon": -2624900096, "trailingEps": -11.378, "forwardEps": 8.11, "pegRatio": 0.61, "lastSplitFactor": "10:2", "lastSplitDate": "2006-12-28 05:30:00", "enterpriseToRevenue": 0.77, "enterpriseToEbitda": -66.447}, "industryTrend": {"maxAge": 1, "symbol": null, "estimates": []}, "quoteType": {"exchange": "NSI", "quoteType": "EQUITY", "symbol": "HTMEDIA.NS", "underlyingSymbol": "HTMEDIA.NS", "shortName": "HT MEDIA LTD", "longName": "HT Media Limited", "firstTradeDateEpochUtc": "2005-09-01 09:15:00", "timeZoneFullName": "Asia/Kolkata", "timeZoneShortName": "IST", "uuid": "3f2a2061-55b4-372e-ac3f-afb6284bf295", "gmtOffSetMilliseconds": 19800000, "maxAge": 1}, "incomeStatementHistory": {"incomeStatementHistory": [{"maxAge": 1, "endDate": "2020-03-31", "totalRevenue": 20826000000, "costOfRevenue": 9763600000, "grossProfit": 11062400000, "researchDevelopment": {}, "sellingGeneralAdministrative": 1540200000, "nonRecurring": {}, "otherOperatingExpenses": 7173100000, "totalOperatingExpenses": 20299000000, "operatingIncome": 527000000, "totalOtherIncomeExpenseNet": -3990400000, "ebit": 527000000, "interestExpense": -970400000, "incomeBeforeTax": -3463400000, "incomeTaxExpense": -18200000, "minorityInterest": 4004700000, "netIncomeFromContinuingOps": -3445200000, "discontinuedOperations": {}, "extraordinaryItems": {}, "effectOfAccountingCharges": {}, "otherItems": {}, "netIncome": -3458500000, "netIncomeApplicableToCommonShares": -3458500000}, {"maxAge": 1, "endDate": "2019-03-31", "totalRevenue": 21988700000, "costOfRevenue": 11640900000, "grossProfit": 10347800000, "researchDevelopment": {}, "sellingGeneralAdministrative": 2210300000, "nonRecurring": {}, "otherOperatingExpenses": 7167800000, "totalOperatingExpenses": 22085400000, "operatingIncome": -96700000, "totalOtherIncomeExpenseNet": -264300000, "ebit": -96700000, "interestExpense": -1110700000, "incomeBeforeTax": -361000000, "incomeTaxExpense": -519900000, "minorityInterest": 3634500000, "netIncomeFromContinuingOps": 158900000, "discontinuedOperations": {}, "extraordinaryItems": {}, "effectOfAccountingCharges": {}, "otherItems": {}, "netIncome": -120500000, "netIncomeApplicableToCommonShares": -120500000}, {"maxAge": 1, "endDate": "2018-03-31", "totalRevenue": 22993700000, "costOfRevenue": 10322800000, "grossProfit": 12670900000, "researchDevelopment": {}, "sellingGeneralAdministrative": 678500000, "nonRecurring": {}, "otherOperatingExpenses": 8345700000, "totalOperatingExpenses": 20560200000, "operatingIncome": 2433500000, "totalOtherIncomeExpenseNet": 1971200000, "ebit": 2433500000, "interestExpense": -814500000, "incomeBeforeTax": 4404700000, "incomeTaxExpense": 940900000, "minorityInterest": 3421800000, "netIncomeFromContinuingOps": 3463800000, "discontinuedOperations": 57000000, "extraordinaryItems": {}, "effectOfAccountingCharges": {}, "otherItems": {}, "netIncome": 3071700000, "netIncomeApplicableToCommonShares": 3071700000}, {"maxAge": 1, "endDate": "2017-03-31", "totalRevenue": 24520900000, "costOfRevenue": 13258600000, "grossProfit": 11262300000, "researchDevelopment": {}, "sellingGeneralAdministrative": 2354400000, "nonRecurring": {}, "otherOperatingExpenses": 5732500000, "totalOperatingExpenses": 22584200000, "operatingIncome": 1936700000, "totalOtherIncomeExpenseNet": 924800000, "ebit": 1936700000, "interestExpense": -928100000, "incomeBeforeTax": 2861500000, "incomeTaxExpense": 671400000, "minorityInterest": 3000100000, "netIncomeFromContinuingOps": 2190100000, "discontinuedOperations": 57000000, "extraordinaryItems": {}, "effectOfAccountingCharges": {}, "otherItems": {}, "netIncome": 1702500000, "netIncomeApplicableToCommonShares": 1702500000}], "maxAge": 86400}, "fundOwnership": {"ownershipList": [], "maxAge": 1}, "summaryDetail": {"maxAge": 1, "priceHint": 2, "previousClose": 22.1, "open": 22.65, "dayLow": 21.7, "dayHigh": 22.65, "regularMarketPreviousClose": 22.1, "regularMarketOpen": 22.65, "regularMarketDayLow": 21.7, "regularMarketDayHigh": 22.65, "exDividendDate": "2019-09-18 05:30:00", "payoutRatio": 0.0, "beta": 1.185929, "forwardPE": 2.7558572, "volume": 217836, "regularMarketVolume": 217836, "averageVolume": 355645, "averageVolume10days": 150626, "averageDailyVolume10Day": 150626, "bid": 0.0, "ask": 0.0, "bidSize": 0, "askSize": 0, "marketCap": 5190161920, "fiftyTwoWeekLow": 9.75, "fiftyTwoWeekHigh": 30.6, "priceToSalesTrailing12Months": 0.4209172, "fiftyDayAverage": 23.44706, "twoHundredDayAverage": 17.205673, "trailingAnnualDividendRate": 0.4, "trailingAnnualDividendYield": 0.018099548, "currency": "INR", "fromCurrency": null, "lastMarket": null, "algorithm": null, "tradeable": false}, "insiderHolders": {"holders": [{"maxAge": 1, "name": "Bhanju (Shantanu)", "relation": "UNREPORTED", "url": "", "transactionDescription": "Sale", "latestTransDate": "2018-01-25", "positionDirect": 0, "positionDirectDate": "2018-01-25"}, {"maxAge": 1, "name": "HPC Mauritius Ltd", "relation": "Investment Advisor", "url": "", "transactionDescription": "Sale", "latestTransDate": "2010-11-04", "positionDirect": 14279240, "positionDirectDate": "2010-11-04"}, {"maxAge": 1, "name": "Khanna (Vivek)", "relation": "UNREPORTED", "url": "", "transactionDescription": "Sale", "latestTransDate": "2018-01-25", "positionDirect": 0, "positionDirectDate": "2018-01-25"}, {"maxAge": 1, "name": "Mittal (Vinay)", "relation": "UNREPORTED", "url": "", "transactionDescription": "Acquisition", "latestTransDate": "2014-12-04", "positionIndirect": 50000, "positionIndirectDate": 1417651200}], "maxAge": 1}, "calendarEvents": {"maxAge": 1, "earnings": {"earningsDate": [], "earningsAverage": 2.48, "earningsLow": 2.48, "earningsHigh": 2.48, "revenueAverage": 6136500000, "revenueLow": 6035000000, "revenueHigh": 6238000000}, "exDividendDate": "2019-09-18 05:30:00"}, "upgradeDowngradeHistory": {"history": [], "maxAge": 86400}, "price": {"maxAge": 1, "regularMarketChangePercent": 0.011312217, "regularMarketChange": 0.25, "regularMarketTime": "2021-04-30 15:29:38", "priceHint": 2, "regularMarketPrice": 22.35, "regularMarketDayHigh": 22.65, "regularMarketDayLow": 21.7, "regularMarketVolume": 217836, "averageDailyVolume10Day": 150626, "averageDailyVolume3Month": 355645, "regularMarketPreviousClose": 22.1, "regularMarketSource": "FREE_REALTIME", "regularMarketOpen": 22.65, "exchange": "NSI", "exchangeName": "NSE", "exchangeDataDelayedBy": 15, "marketState": "CLOSED", "quoteType": "EQUITY", "symbol": "HTMEDIA.NS", "underlyingSymbol": null, "shortName": "HT MEDIA LTD", "longName": "HT Media Limited", "currency": "INR", "quoteSourceName": "Delayed Quote", "currencySymbol": "\u20b9", "fromCurrency": null, "lastMarket": null, "marketCap": 5190161920}, "balanceSheetHistory": {"balanceSheetStatements": [{"maxAge": 1, "endDate": "2020-03-31", "cash": 589000000, "shortTermInvestments": 6139600000, "netReceivables": 4013400000, "inventory": 1414300000, "otherCurrentAssets": 1111900000, "totalCurrentAssets": 13268200000, "longTermInvestments": 12430800000, "propertyPlantEquipment": 7031500000, "intangibleAssets": 3171800000, "otherAssets": 7532900000, "deferredLongTermAssetCharges": 977800000, "totalAssets": 43435200000, "accountsPayable": 2915100000, "shortLongTermDebt": 1597900000, "otherCurrentLiab": 5108200000, "longTermDebt": 1799800000, "otherLiab": 435000000, "minorityInterest": 4004700000, "totalCurrentLiabilities": 14670800000, "totalLiab": 17882000000, "commonStock": 461100000, "retainedEarnings": 15083300000, "treasuryStock": 1068400000, "capitalSurplus": 4935700000, "otherStockholderEquity": 1068400000, "totalStockholderEquity": 21548500000, "netTangibleAssets": 18376700000}, {"maxAge": 1, "endDate": "2019-03-31", "cash": 1581700000, "shortTermInvestments": 13738600000, "netReceivables": 4281200000, "inventory": 1631800000, "otherCurrentAssets": 1355400000, "totalCurrentAssets": 22588700000, "longTermInvestments": 10219900000, "propertyPlantEquipment": 5894300000, "goodWill": 118900000, "intangibleAssets": 3834400000, "otherAssets": 7242200000, "deferredLongTermAssetCharges": 772000000, "totalAssets": 49898400000, "accountsPayable": 3312100000, "shortLongTermDebt": 146900000, "otherCurrentLiab": 6258300000, "longTermDebt": 2933000000, "otherLiab": 356000000, "minorityInterest": 3634500000, "totalCurrentLiabilities": 17860100000, "totalLiab": 21149100000, "commonStock": 461100000, "retainedEarnings": 18756000000, "treasuryStock": 974600000, "capitalSurplus": 4923100000, "otherStockholderEquity": 974600000, "totalStockholderEquity": 25114800000, "netTangibleAssets": 21161500000}, {"maxAge": 1, "endDate": "2018-03-31", "cash": 1660600000, "shortTermInvestments": 7818400000, "netReceivables": 3548800000, "inventory": 1254700000, "otherCurrentAssets": 768800000, "totalCurrentAssets": 15051300000, "longTermInvestments": 17921200000, "propertyPlantEquipment": 5779900000, "goodWill": 140600000, "intangibleAssets": 4187600000, "otherAssets": 6358200000, "deferredLongTermAssetCharges": 65000000, "totalAssets": 49438800000, "accountsPayable": 3521400000, "shortLongTermDebt": 114000000, "otherCurrentLiab": 4755900000, "longTermDebt": 57000000, "otherLiab": 264700000, "minorityInterest": 3421800000, "totalCurrentLiabilities": 20257700000, "totalLiab": 20579400000, "commonStock": 461100000, "retainedEarnings": 18958500000, "treasuryStock": 1094900000, "capitalSurplus": 4923100000, "otherStockholderEquity": 1094900000, "totalStockholderEquity": 25437600000, "netTangibleAssets": 21109400000}, {"maxAge": 1, "endDate": "2017-03-31", "cash": 1394800000, "shortTermInvestments": 2885600000, "netReceivables": 3428200000, "inventory": 1546300000, "otherCurrentAssets": 516500000, "totalCurrentAssets": 9771400000, "longTermInvestments": 20060400000, "propertyPlantEquipment": 6451700000, "goodWill": 260700000, "intangibleAssets": 4580400000, "otherAssets": 4457400000, "deferredLongTermAssetCharges": 165900000, "totalAssets": 45582000000, "accountsPayable": 4025900000, "shortLongTermDebt": 214800000, "otherCurrentLiab": 4581600000, "longTermDebt": 170200000, "otherLiab": 233900000, "minorityInterest": 3000100000, "totalCurrentLiabilities": 19858900000, "totalLiab": 20263000000, "commonStock": 461000000, "retainedEarnings": 15971200000, "treasuryStock": 963000000, "capitalSurplus": 4923700000, "otherStockholderEquity": 963000000, "totalStockholderEquity": 22318900000, "netTangibleAssets": 17477800000}], "maxAge": 86400}, "earningsTrend": {"trend": [{"maxAge": 1, "period": "0q", "endDate": "2018-06-30", "growth": 0.385, "earningsEstimate": {"avg": 2.48, "low": 2.48, "high": 2.48, "yearAgoEps": 1.79, "numberOfAnalysts": 1, "growth": 0.385}, "revenueEstimate": {"avg": 6136500000, "low": 6035000000, "high": 6238000000, "numberOfAnalysts": 2, "yearAgoRevenue": 5990400000, "growth": 0.024}, "epsTrend": {"current": 2.48, "7daysAgo": 2.48, "30daysAgo": 2.48, "60daysAgo": 2.48, "90daysAgo": 2.97}, "epsRevisions": {"upLast7days": 0, "upLast30days": 0, "downLast30days": 0, "downLast90days": {}}}, {"maxAge": 1, "period": "+1q", "endDate": "2018-09-30", "growth": -0.22799999, "earningsEstimate": {"avg": 2.1, "low": 2.1, "high": 2.1, "yearAgoEps": 2.72, "numberOfAnalysts": 1, "growth": -0.22799999}, "revenueEstimate": {"avg": 5949000000, "low": 5949000000, "high": 5949000000, "numberOfAnalysts": 1, "yearAgoRevenue": 5606300000, "growth": 0.061}, "epsTrend": {"current": 2.1, "7daysAgo": 2.1, "30daysAgo": 2.1, "60daysAgo": 2.1, "90daysAgo": 2.66}, "epsRevisions": {"upLast7days": 0, "upLast30days": 0, "downLast30days": 0, "downLast90days": {}}}, {"maxAge": 1, "period": "0y", "endDate": "2019-03-31", "growth": -0.261, "earningsEstimate": {"avg": 9.66, "low": 8.3, "high": 10.57, "yearAgoEps": 13.07, "numberOfAnalysts": 10, "growth": -0.261}, "revenueEstimate": {"avg": 24512000000, "low": 23100000000, "high": 25117000000, "numberOfAnalysts": 10, "yearAgoRevenue": 23462300000, "growth": 0.045}, "epsTrend": {"current": 9.66, "7daysAgo": 9.66, "30daysAgo": 10.26, "60daysAgo": 10.76, "90daysAgo": 12.17}, "epsRevisions": {"upLast7days": 0, "upLast30days": 0, "downLast30days": 0, "downLast90days": {}}}, {"maxAge": 1, "period": "+1y", "endDate": "2020-03-31", "growth": 0.146, "earningsEstimate": {"avg": 11.07, "low": 9.8, "high": 11.8, "yearAgoEps": 9.66, "numberOfAnalysts": 10, "growth": 0.146}, "revenueEstimate": {"avg": 25724500000, "low": 23900000000, "high": 26997000000, "numberOfAnalysts": 10, "yearAgoRevenue": 24512000000, "growth": 0.049000002}, "epsTrend": {"current": 11.07, "7daysAgo": 11.07, "30daysAgo": 11.07, "60daysAgo": 11.52, "90daysAgo": 12.97}, "epsRevisions": {"upLast7days": 0, "upLast30days": 0, "downLast30days": 0, "downLast90days": {}}}, {"maxAge": 1, "period": "+5y", "endDate": null, "growth": 0.124, "earningsEstimate": {"avg": {}, "low": {}, "high": {}, "yearAgoEps": {}, "numberOfAnalysts": {}, "growth": {}}, "revenueEstimate": {"avg": {}, "low": {}, "high": {}, "numberOfAnalysts": {}, "yearAgoRevenue": {}, "growth": {}}, "epsTrend": {"current": {}, "7daysAgo": {}, "30daysAgo": {}, "60daysAgo": {}, "90daysAgo": {}}, "epsRevisions": {"upLast7days": {}, "upLast30days": {}, "downLast30days": {}, "downLast90days": {}}}, {"maxAge": 1, "period": "-5y", "endDate": null, "growth": 0.05217, "earningsEstimate": {"avg": {}, "low": {}, "high": {}, "yearAgoEps": {}, "numberOfAnalysts": {}, "growth": {}}, "revenueEstimate": {"avg": {}, "low": {}, "high": {}, "numberOfAnalysts": {}, "yearAgoRevenue": {}, "growth": {}}, "epsTrend": {"current": {}, "7daysAgo": {}, "30daysAgo": {}, "60daysAgo": {}, "90daysAgo": {}}, "epsRevisions": {"upLast7days": {}, "upLast30days": {}, "downLast30days": {}, "downLast90days": {}}}], "maxAge": 1}, "institutionOwnership": {"ownershipList": [], "maxAge": 1}, "majorHoldersBreakdown": {"maxAge": 1, "insidersPercentHeld": 0.73656, "institutionsPercentHeld": 0.08238, "institutionsFloatPercentHeld": 0.31272, "institutionsCount": 6}, "balanceSheetHistoryQuarterly": {"balanceSheetStatements": [{"maxAge": 1, "endDate": "2020-12-31", "totalStockholderEquity": 20683900000, "netTangibleAssets": 17670400000}, {"maxAge": 1, "endDate": "2020-09-30", "cash": 1054000000, "shortTermInvestments": 4481200000, "netReceivables": 2864000000, "inventory": 1762100000, "otherCurrentAssets": 1195200000, "totalCurrentAssets": 11356500000, "longTermInvestments": 12181800000, "propertyPlantEquipment": 6382700000, "intangibleAssets": 3013500000, "otherAssets": 7819900000, "deferredLongTermAssetCharges": 1443100000, "totalAssets": 40754400000, "accountsPayable": 2801700000, "otherCurrentLiab": 6909900000, "longTermDebt": 1015300000, "otherLiab": 419400000, "minorityInterest": 3975800000, "totalCurrentLiabilities": 13963100000, "totalLiab": 16094700000, "commonStock": 461100000, "treasuryStock": 20222800000, "otherStockholderEquity": 20222800000, "totalStockholderEquity": 20683900000, "netTangibleAssets": 17670400000}, {"maxAge": 1, "endDate": "2020-06-30", "totalStockholderEquity": 22926400000, "netTangibleAssets": 18035800000}, {"maxAge": 1, "endDate": "2020-03-31", "cash": 589000000, "shortTermInvestments": 6139600000, "netReceivables": 4013400000, "inventory": 1414300000, "otherCurrentAssets": 1111900000, "totalCurrentAssets": 13268200000, "longTermInvestments": 12430800000, "propertyPlantEquipment": 7031500000, "intangibleAssets": 3171800000, "otherAssets": 7532900000, "deferredLongTermAssetCharges": 977800000, "totalAssets": 43435200000, "accountsPayable": 2915100000, "shortLongTermDebt": 1597900000, "otherCurrentLiab": 5108200000, "longTermDebt": 1799800000, "otherLiab": 435000000, "minorityInterest": 4004700000, "totalCurrentLiabilities": 14670800000, "totalLiab": 17882000000, "commonStock": 461100000, "retainedEarnings": 15083300000, "treasuryStock": 1068400000, "capitalSurplus": 4935700000, "otherStockholderEquity": 1068400000, "totalStockholderEquity": 21548500000, "netTangibleAssets": 18376700000}], "maxAge": 86400}, "earningsHistory": {"history": [{"maxAge": 1, "epsActual": 1.79, "epsEstimate": 1.4, "epsDifference": 0.39, "surprisePercent": 0.27899998, "quarter": "2017-06-30", "period": "-4q"}, {"maxAge": 1, "epsActual": 2.72, "epsEstimate": 1.49, "epsDifference": 1.23, "surprisePercent": 0.826, "quarter": "2017-09-30", "period": "-3q"}, {"maxAge": 1, "epsActual": 5.34, "epsEstimate": 3.33, "epsDifference": 2.01, "surprisePercent": 0.60400003, "quarter": "2017-12-31", "period": "-2q"}, {"maxAge": 1, "epsActual": 3.22, "epsEstimate": 2.74, "epsDifference": 0.48, "surprisePercent": 0.175, "quarter": "2018-03-31", "period": "-1q"}], "maxAge": 86400}, "summaryProfile": {"address1": "Hindustan Times House", "address2": "2nd Floor 18-20, Kasturba Gandhi Marg", "city": "New Delhi", "zip": "110001", "country": "India", "phone": "91 11 6656 1234", "fax": "91 11 6656 1270", "website": "http://www.htmedia.in", "industry": "Publishing", "sector": "Communication Services", "longBusinessSummary": "HT Media Limited, together with its subsidiaries, engages in the printing and publication of newspapers and periodicals in India. The company operates through three segments: Printing and Publishing of Newspapers and Periodicals, Radio Broadcast and Entertainment, and Digital. It publishes Hindustan Times, an English daily newspaper; Mint, a business daily newspaper; Brunch, a weekly lifestyle magazine; Hindustan, a Hindi daily newspaper; Hindustan Jobs, an employment weekly; Jaano English, an English learning supplement; Nandan, a monthly children's magazine; and Kadambini, a monthly women's magazine, as well as newspaper supplements. The company is also involved in FM radio broadcast and other related activities through its radio stations operating under the Fever 104, Fever, Radio One, and Radio Nasha brands in Delhi, Mumbai, Kolkata, Bengaluru, Hyderabad, Kanpur, Lucknow, Agra, Allahabad, Aligarh, Bareilly, and Gorakhpur, as well as Fever FM brand in Chennai. In addition, it operates Shine.com, a job portal; HT Campus.com, an education portal; Hindustantimes.com, a general news web portal; livemint.com, a business news web portal; Livehindustan.com, a Hindi news website; Desimartini.com, a movie review website; and HT Smartcast, a podcast platform. Further, the company operates Studymate learning centers; Bridge School of Management; and provides payroll processing and consultancy, mobile marketing, social media marketing, advertising, mobile CRM and loyalty campaigns, and business and management consultancy services, as well as mobile music content and ring tones. Additionally, it engages in the coaching/ tutorial classes conducting business, as well as sets up training centers. The company was founded in 1924 and is based in New Delhi, India. HT Media Limited is a subsidiary of The Hindustan Times Limited.", "fullTimeEmployees": 1891, "companyOfficers": [], "maxAge": 86400}, "netSharePurchaseActivity": {"maxAge": 1, "period": "6m", "buyInfoCount": 0, "buyInfoShares": 0, "sellInfoCount": 0, "netInfoCount": 0, "netInfoShares": 0, "netPercentInsiderShares": 0.0, "totalInsiderShares": 171513248}, "insiderTransactions": {"transactions": [{"maxAge": 1, "shares": 30000, "filerUrl": "", "transactionText": "", "filerName": "Bhanju (Shantanu)", "filerRelation": "UNREPORTED", "moneyText": "", "startDate": "2018-01-25", "ownership": "D"}, {"maxAge": 1, "shares": 20000, "filerUrl": "", "transactionText": "", "filerName": "Khanna (Vivek)", "filerRelation": "UNREPORTED", "moneyText": "", "startDate": "2018-01-25", "ownership": "D"}, {"maxAge": 1, "shares": 0, "filerUrl": "", "transactionText": "", "filerName": "Mittal (Vinay)", "filerRelation": "UNREPORTED", "moneyText": "", "startDate": "2014-12-04", "ownership": "I"}, {"maxAge": 1, "shares": 50000, "filerUrl": "", "transactionText": "", "filerName": "Mittal (Vinay)", "filerRelation": "UNREPORTED", "moneyText": "", "startDate": "2014-11-27", "ownership": "D"}, {"maxAge": 1, "shares": 7000000, "filerUrl": "", "transactionText": "", "filerName": "HPC Mauritius Ltd", "filerRelation": "Investment Advisor", "moneyText": "", "startDate": "2010-11-04", "ownership": "D"}], "maxAge": 1}, "sectorTrend": {"maxAge": 1, "symbol": null, "estimates": []}, "incomeStatementHistoryQuarterly": {"incomeStatementHistory": [{"maxAge": 1, "endDate": "2020-12-31", "totalRevenue": 3407400000, "costOfRevenue": 1614600000, "grossProfit": 1792800000, "researchDevelopment": {}, "sellingGeneralAdministrative": {}, "nonRecurring": {}, "otherOperatingExpenses": 1714300000, "totalOperatingExpenses": 3661600000, "operatingIncome": -254200000, "totalOtherIncomeExpenseNet": 374200000, "ebit": -254200000, "interestExpense": -125900000, "incomeBeforeTax": 120000000, "incomeTaxExpense": 25700000, "minorityInterest": {}, "netIncomeFromContinuingOps": 94300000, "discontinuedOperations": {}, "extraordinaryItems": {}, "effectOfAccountingCharges": {}, "otherItems": {}, "netIncome": 32600000, "netIncomeApplicableToCommonShares": 32600000}, {"maxAge": 1, "endDate": "2020-09-30", "totalRevenue": 2607400000, "costOfRevenue": 1381800000, "grossProfit": 1225600000, "researchDevelopment": {}, "sellingGeneralAdministrative": {}, "nonRecurring": {}, "otherOperatingExpenses": 1798200000, "totalOperatingExpenses": 3527900000, "operatingIncome": -920500000, "totalOtherIncomeExpenseNet": 260500000, "ebit": -920500000, "interestExpense": -149900000, "incomeBeforeTax": -660000000, "incomeTaxExpense": -252200000, "minorityInterest": 3975800000, "netIncomeFromContinuingOps": -407800000, "discontinuedOperations": {}, "extraordinaryItems": {}, "effectOfAccountingCharges": {}, "otherItems": {}, "netIncome": -386000000, "netIncomeApplicableToCommonShares": -386000000}, {"maxAge": 1, "endDate": "2020-06-30", "totalRevenue": 1663500000, "costOfRevenue": 1411300000, "grossProfit": 252200000, "researchDevelopment": {}, "sellingGeneralAdministrative": {}, "nonRecurring": {}, "otherOperatingExpenses": 1271000000, "totalOperatingExpenses": 3074000000, "operatingIncome": -1410500000, "totalOtherIncomeExpenseNet": 562700000, "ebit": -1410500000, "interestExpense": -161100000, "incomeBeforeTax": -847800000, "incomeTaxExpense": -291400000, "minorityInterest": 3975800000, "netIncomeFromContinuingOps": -556400000, "discontinuedOperations": {}, "extraordinaryItems": {}, "effectOfAccountingCharges": {}, "otherItems": {}, "netIncome": -548600000, "netIncomeApplicableToCommonShares": -548600000}, {"maxAge": 1, "endDate": "2020-03-31", "totalRevenue": 4447400000, "costOfRevenue": 2045000000, "grossProfit": 2402400000, "researchDevelopment": {}, "sellingGeneralAdministrative": 1540200000, "nonRecurring": {}, "otherOperatingExpenses": -270700000, "totalOperatingExpenses": 3771800000, "operatingIncome": 675600000, "totalOtherIncomeExpenseNet": -3043100000, "ebit": 675600000, "interestExpense": -188800000, "incomeBeforeTax": -2367500000, "incomeTaxExpense": -480600000, "minorityInterest": 4004700000, "netIncomeFromContinuingOps": -1886900000, "discontinuedOperations": {}, "extraordinaryItems": {}, "effectOfAccountingCharges": {}, "otherItems": {}, "netIncome": -1745400000, "netIncomeApplicableToCommonShares": -1745400000}], "maxAge": 86400}, "cashflowStatementHistoryQuarterly": {"cashflowStatements": [{"maxAge": 1, "endDate": "2020-12-31", "netIncome": 32600000, "changeToLiabilities": 0}, {"maxAge": 1, "endDate": "2020-09-30", "netIncome": -386000000, "changeToLiabilities": 0}, {"maxAge": 1, "endDate": "2020-06-30", "netIncome": -548600000, "changeToLiabilities": 0}, {"maxAge": 1, "endDate": "2020-03-31", "netIncome": -1745400000, "changeToLiabilities": 0}], "maxAge": 86400}, "earnings": {"maxAge": 86400, "earningsChart": {"quarterly": [{"date": "2Q2017", "actual": 1.79, "estimate": 1.4}, {"date": "3Q2017", "actual": 2.72, "estimate": 1.49}, {"date": "4Q2017", "actual": 5.34, "estimate": 3.33}, {"date": "1Q2018", "actual": 3.22, "estimate": 2.74}], "currentQuarterEstimate": 2.48, "currentQuarterEstimateDate": "2Q", "currentQuarterEstimateYear": 2018, "earningsDate": []}, "financialsChart": {"yearly": [{"date": 2017, "revenue": 24520900000, "earnings": 1702500000}, {"date": 2018, "revenue": 22993700000, "earnings": 3071700000}, {"date": 2019, "revenue": 21988700000, "earnings": -120500000}, {"date": 2020, "revenue": 20826000000, "earnings": -3458500000}], "quarterly": [{"date": "1Q2020", "revenue": 4447400000, "earnings": -1745400000}, {"date": "2Q2020", "revenue": 1663500000, "earnings": -548600000}, {"date": "3Q2020", "revenue": 2607400000, "earnings": -386000000}, {"date": "4Q2020", "revenue": 3407400000, "earnings": 32600000}]}, "financialCurrency": "INR"}, "financialData": {"maxAge": 86400, "currentPrice": 22.35, "targetHighPrice": 136.0, "targetLowPrice": 82.0, "targetMeanPrice": 97.1, "targetMedianPrice": 95.0, "recommendationMean": 3.2, "recommendationKey": "hold", "numberOfAnalystOpinions": 10, "totalCash": 5535200256, "totalCashPerShare": 23.771, "ebitda": -142900000, "totalDebt": 5908499968, "totalRevenue": 12330600448, "debtToEquity": 23.96, "revenuePerShare": 53.439, "grossProfits": 11062400000, "earningsGrowth": -0.6, "revenueGrowth": -0.41, "grossMargins": 0.47669, "ebitdaMargins": -0.01159, "operatingMargins": -0.13036999, "profitMargins": -0.21288, "financialCurrency": "INR"}}}