{"HUDCO.NS": {"assetProfile": {"address1": "HUDCO Bhawan", "address2": "Core 7-A India Habitat Centre Lodhi Road", "city": "New Delhi", "zip": "110003", "country": "India", "phone": "91 11 2464 9610", "fax": "91 11 2462 5308", "website": "http://www.hudco.org", "industry": "Credit Services", "sector": "Financial Services", "longBusinessSummary": "Housing and Urban Development Corporation Limited provides long term finance for the construction of houses and to undertake housing and urban infrastructure development programs in India. The company offers loans for housing projects, such as urban and rural housing, co-operative housing, community toilets, slum upgradation, staff housing, repairs and renewals, land acquisition, building technology, and implementing agencies comprising state government bodies, co-operative societies, corporate borrowers, and joint sectors. It also provides financing for infrastructure projects in the sectors of water supply; sewerage; drainage; solid waste management; roads and transport; power generation, transmission, and distribution; telecom sector and industrial infrastructure; and social infrastructure component, such as national games village, stadiums, sports complexes, shooting ranges, parks and play grounds, health centers, government hospitals, working women hostels, schools and colleges, universities, state vidhan sabha sadans, law chambers, police academies and stations, fire stations, courts/collectorates/office buildings, rehabilitation centers, auditoriums, convention halls, crematoriums, abattoirs, etc., as well as commercial infrastructure component, including office buildings, shopping centers, market complexes, theatres/multiplexes/auditorials, trade and business centers, hotels, etc. In addition, the company offers consultancy services, including URP services, environmental engineering, and government programs consultancy services; and disaster mitigation services. Further, it provides home loans for individuals. Housing and Urban Development Corporation Limited was founded in 1970 and is based in New Delhi, India.", "fullTimeEmployees": 788, "companyOfficers": [{"maxAge": 1, "name": "Mr. D.  Guhan", "age": 55, "title": "CFO, Director of Fin. & Director", "yearBorn": 1965, "fiscalYear": 2020, "totalPay": 1304281, "exercisedValue": 0, "unexercisedValue": 0}, {"maxAge": 1, "name": "Mr. Harish Kumar Sharma", "age": 56, "title": "Company Sec. & Compliance Officer", "yearBorn": 1964, "fiscalYear": 2020, "totalPay": 4326646, "exercisedValue": 0, "unexercisedValue": 0}, {"maxAge": 1, "name": "Mr. Muniappa  Nagaraj", "age": 53, "title": "Director of Corp. Planning & Director", "yearBorn": 1967, "fiscalYear": 2020, "totalPay": 5096546, "exercisedValue": 0, "unexercisedValue": 0}, {"maxAge": 1, "name": "Mr. Kamran  Rizvi", "title": "MD & Chairman", "exercisedValue": 0, "unexercisedValue": 0}, {"maxAge": 1, "name": "Dr. D.  Subrahmanyam", "age": 57, "title": "Sr. Exec. Director of Operations", "yearBorn": 1963, "exercisedValue": 0, "unexercisedValue": 0}, {"maxAge": 1, "name": "Mr. Qamar  Ali", "age": 57, "title": "Exec. Director of Fin. & Admin.", "yearBorn": 1963, "exercisedValue": 0, "unexercisedValue": 0}, {"maxAge": 1, "name": "Mr. Yatish Kumar Singh", "age": 59, "title": "Exec. Director of LAW-OP", "yearBorn": 1961, "exercisedValue": 0, "unexercisedValue": 0}, {"maxAge": 1, "name": "Ms. Upinder  Kaur", "age": 57, "title": "Gen. Mang. of Public Relation", "yearBorn": 1963, "exercisedValue": 0, "unexercisedValue": 0}, {"maxAge": 1, "name": "Dr. Harender  Verma", "age": 58, "title": "Exec. Director of Fin.", "yearBorn": 1962, "exercisedValue": 0, "unexercisedValue": 0}, {"maxAge": 1, "name": "Ms. Rekha V. Sarathy", "age": 58, "title": "Exec. Director of Fin.", "yearBorn": 1962, "exercisedValue": 0, "unexercisedValue": 0}], "compensationAsOfEpochDate": "2020-12-31 05:30:00", "maxAge": 86400}, "cashflowStatementHistory": {"cashflowStatements": [{"maxAge": 1, "endDate": "2020-03-31", "netIncome": 17082000000, "depreciation": 55800000, "changeToNetincome": 1884300000, "changeToLiabilities": 0, "changeToOperatingActivities": -32388100000, "totalCashFromOperatingActivities": -13364700000, "capitalExpenditures": -154900000, "investments": 919800000, "otherCashflowsFromInvestingActivities": 37900000, "totalCashflowsFromInvestingActivities": 828600000, "dividendsPaid": -1801800000, "netBorrowings": 15823900000, "otherCashflowsFromFinancingActivities": -370300000, "totalCashFromFinancingActivities": 13651800000, "changeInCash": 1115700000}, {"maxAge": 1, "endDate": "2019-03-31", "netIncome": 11798500000, "depreciation": 53000000, "changeToNetincome": 4130300000, "changeToLiabilities": 0, "changeToOperatingActivities": -249984300000, "totalCashFromOperatingActivities": -234002500000, "capitalExpenditures": -82500000, "investments": 222700000, "otherCashflowsFromInvestingActivities": 35100000, "totalCashflowsFromInvestingActivities": 175700000, "dividendsPaid": -1351300000, "netBorrowings": 235848000000, "otherCashflowsFromFinancingActivities": -277800000, "totalCashFromFinancingActivities": 234218900000, "changeInCash": 392100000}, {"maxAge": 1, "endDate": "2018-03-31", "netIncome": 10099100000, "depreciation": 54600000, "changeToNetincome": 1883200000, "changeToLiabilities": 0, "changeToOperatingActivities": -90560200000, "totalCashFromOperatingActivities": -78303100000, "capitalExpenditures": -68900000, "investments": 222700000, "otherCashflowsFromInvestingActivities": 32500000, "totalCashflowsFromInvestingActivities": -36200000, "dividendsPaid": -1201100000, "netBorrowings": 80028800000, "otherCashflowsFromFinancingActivities": -244600000, "totalCashFromFinancingActivities": 78583100000, "changeInCash": 243800000}, {"maxAge": 1, "endDate": "2017-03-31", "netIncome": 8422400000, "depreciation": 46800000, "changeToNetincome": 2412200000, "changeToLiabilities": 0, "changeToOperatingActivities": -36859700000, "totalCashFromOperatingActivities": -25978300000, "capitalExpenditures": -81200000, "investments": 1400000, "otherCashflowsFromInvestingActivities": 31000000, "totalCashflowsFromInvestingActivities": -48600000, "dividendsPaid": -2000200000, "netBorrowings": 27502300000, "otherCashflowsFromFinancingActivities": -407200000, "totalCashFromFinancingActivities": 25094900000, "changeInCash": -932000000}], "maxAge": 86400}, "institutionOwnership": {"ownershipList": [], "maxAge": 1}, "majorHoldersBreakdown": {"maxAge": 1, "insidersPercentHeld": 0.89807, "institutionsPercentHeld": 0.02181, "institutionsFloatPercentHeld": 0.21394, "institutionsCount": 8}, "balanceSheetHistoryQuarterly": {"balanceSheetStatements": [{"maxAge": 1, "endDate": "2020-12-31", "totalStockholderEquity": 125131700000, "netTangibleAssets": 124979600000}, {"maxAge": 1, "endDate": "2020-09-30", "cash": 2510400000, "netReceivables": 763437300000, "totalCurrentAssets": 765957500000, "longTermInvestments": 7401100000, "propertyPlantEquipment": 815800000, "intangibleAssets": 152100000, "otherAssets": 3979800000, "totalAssets": 778306300000, "accountsPayable": 744400000, "otherCurrentLiab": 267100000, "longTermDebt": 616009200000, "otherLiab": 36153900000, "totalCurrentLiabilities": 1011500000, "totalLiab": 653174600000, "commonStock": 20019000000, "treasuryStock": 105112700000, "otherStockholderEquity": 105112700000, "totalStockholderEquity": 125131700000, "netTangibleAssets": 124979600000}, {"maxAge": 1, "endDate": "2020-06-30", "totalStockholderEquity": 123422600000, "netTangibleAssets": 123419800000}, {"maxAge": 1, "endDate": "2020-03-31", "cash": 2226700000, "netReceivables": 744796400000, "inventory": 193400000, "otherCurrentAssets": 10014800000, "totalCurrentAssets": 757247400000, "longTermInvestments": 2322800000, "propertyPlantEquipment": 968300000, "intangibleAssets": 2800000, "otherAssets": 716300000, "totalAssets": 761257600000, "accountsPayable": 1685800000, "otherCurrentLiab": 4800000, "longTermDebt": 598949800000, "otherLiab": 9726000000, "totalCurrentLiabilities": 29159100000, "totalLiab": 637835000000, "commonStock": 20019000000, "retainedEarnings": 66769500000, "treasuryStock": 36621500000, "capitalSurplus": 12600000, "otherStockholderEquity": 36621500000, "totalStockholderEquity": 123422600000, "netTangibleAssets": 123419800000}], "maxAge": 86400}, "indexTrend": {"maxAge": 1, "symbol": "SP5", "peRatio": 19.7411, "pegRatio": 1.34172, "estimates": [{"period": "0q", "growth": 0.549}, {"period": "+1q", "growth": 0.431}, {"period": "0y", "growth": 0.305}, {"period": "+1y", "growth": 0.109}, {"period": "+5y", "growth": 0.120865}, {"period": "-5y"}]}, "defaultKeyStatistics": {"maxAge": 1, "priceHint": 2, "enterpriseValue": 696801755136, "profitMargins": 0.57315, "floatShares": 203646779, "sharesOutstanding": 2001900032, "heldPercentInsiders": 0.89807, "heldPercentInstitutions": 0.02181, "beta": 1.339709, "category": null, "bookValue": 62.395, "priceToBook": 0.6683228, "fundFamily": null, "legalType": null, "lastFiscalYearEnd": "2020-03-31 05:30:00", "nextFiscalYearEnd": "2022-03-31 05:30:00", "mostRecentQuarter": "2020-12-31 05:30:00", "earningsQuarterlyGrowth": 0.902, "netIncomeToCommon": 14931300352, "trailingEps": 7.46, "lastSplitFactor": null, "enterpriseToRevenue": 26.747}, "summaryProfile": {"address1": "HUDCO Bhawan", "address2": "Core 7-A India Habitat Centre Lodhi Road", "city": "New Delhi", "zip": "110003", "country": "India", "phone": "91 11 2464 9610", "fax": "91 11 2462 5308", "website": "http://www.hudco.org", "industry": "Credit Services", "sector": "Financial Services", "longBusinessSummary": "Housing and Urban Development Corporation Limited provides long term finance for the construction of houses and to undertake housing and urban infrastructure development programs in India. The company offers loans for housing projects, such as urban and rural housing, co-operative housing, community toilets, slum upgradation, staff housing, repairs and renewals, land acquisition, building technology, and implementing agencies comprising state government bodies, co-operative societies, corporate borrowers, and joint sectors. It also provides financing for infrastructure projects in the sectors of water supply; sewerage; drainage; solid waste management; roads and transport; power generation, transmission, and distribution; telecom sector and industrial infrastructure; and social infrastructure component, such as national games village, stadiums, sports complexes, shooting ranges, parks and play grounds, health centers, government hospitals, working women hostels, schools and colleges, universities, state vidhan sabha sadans, law chambers, police academies and stations, fire stations, courts/collectorates/office buildings, rehabilitation centers, auditoriums, convention halls, crematoriums, abattoirs, etc., as well as commercial infrastructure component, including office buildings, shopping centers, market complexes, theatres/multiplexes/auditorials, trade and business centers, hotels, etc. In addition, the company offers consultancy services, including URP services, environmental engineering, and government programs consultancy services; and disaster mitigation services. Further, it provides home loans for individuals. Housing and Urban Development Corporation Limited was founded in 1970 and is based in New Delhi, India.", "fullTimeEmployees": 788, "companyOfficers": [], "maxAge": 86400}, "netSharePurchaseActivity": {"maxAge": 1, "period": "6m", "buyInfoCount": 0, "buyInfoShares": 0, "sellInfoCount": 0, "netInfoCount": 0, "netInfoShares": 0, "netPercentInsiderShares": 0.0, "totalInsiderShares": 1794261376}, "quoteType": {"exchange": "NSI", "quoteType": "EQUITY", "symbol": "HUDCO.NS", "underlyingSymbol": "HUDCO.NS", "shortName": "HOUSING & URBAN", "longName": "Housing and Urban Development Corporation Limited", "firstTradeDateEpochUtc": "2017-05-19 09:15:00", "timeZoneFullName": "Asia/Kolkata", "timeZoneShortName": "IST", "uuid": "13ad764d-e5e0-3675-b62e-e210ef2dd479", "gmtOffSetMilliseconds": 19800000, "maxAge": 1}, "incomeStatementHistory": {"incomeStatementHistory": [{"maxAge": 1, "endDate": "2020-03-31", "totalRevenue": 27244500000, "costOfRevenue": 150900000, "grossProfit": 27093600000, "researchDevelopment": {}, "sellingGeneralAdministrative": 3003800000, "nonRecurring": {}, "otherOperatingExpenses": 668200000, "totalOperatingExpenses": 3880000000, "operatingIncome": 23364500000, "totalOtherIncomeExpenseNet": -1621400000, "ebit": 0, "interestExpense": {}, "incomeBeforeTax": 21743100000, "incomeTaxExpense": 4661100000, "minorityInterest": {}, "netIncomeFromContinuingOps": 17082000000, "discontinuedOperations": {}, "extraordinaryItems": {}, "effectOfAccountingCharges": {}, "otherItems": {}, "netIncome": 17082000000, "netIncomeApplicableToCommonShares": 17082000000}, {"maxAge": 1, "endDate": "2019-03-31", "totalRevenue": 25486800000, "costOfRevenue": 203100000, "grossProfit": 25283700000, "researchDevelopment": {}, "sellingGeneralAdministrative": 2338000000, "nonRecurring": {}, "otherOperatingExpenses": 794400000, "totalOperatingExpenses": 3388500000, "operatingIncome": 22098300000, "totalOtherIncomeExpenseNet": -3469200000, "ebit": 0, "interestExpense": {}, "incomeBeforeTax": 18629100000, "incomeTaxExpense": 6830600000, "minorityInterest": {}, "netIncomeFromContinuingOps": 11798500000, "discontinuedOperations": {}, "extraordinaryItems": {}, "effectOfAccountingCharges": {}, "otherItems": {}, "netIncome": 11798500000, "netIncomeApplicableToCommonShares": 11798500000}, {"maxAge": 1, "endDate": "2018-03-31", "totalRevenue": 19518200000, "costOfRevenue": 188100000, "grossProfit": 19330100000, "researchDevelopment": {}, "sellingGeneralAdministrative": 1969600000, "nonRecurring": {}, "otherOperatingExpenses": 395400000, "totalOperatingExpenses": 2607700000, "operatingIncome": 16910500000, "totalOtherIncomeExpenseNet": -2826900000, "ebit": 0, "interestExpense": {}, "incomeBeforeTax": 14083600000, "incomeTaxExpense": 3984500000, "minorityInterest": 7800000, "netIncomeFromContinuingOps": 10099100000, "discontinuedOperations": {}, "extraordinaryItems": {}, "effectOfAccountingCharges": {}, "otherItems": {}, "netIncome": 10099100000, "netIncomeApplicableToCommonShares": 10099100000}, {"maxAge": 1, "endDate": "2017-03-31", "totalRevenue": 12607200000, "costOfRevenue": 95600000, "grossProfit": 12511600000, "researchDevelopment": {}, "sellingGeneralAdministrative": 1336600000, "nonRecurring": {}, "otherOperatingExpenses": -19700000, "totalOperatingExpenses": 1459300000, "operatingIncome": 11147900000, "totalOtherIncomeExpenseNet": 606400000, "ebit": 0, "interestExpense": {}, "incomeBeforeTax": 11754300000, "incomeTaxExpense": 3331900000, "minorityInterest": 7800000, "netIncomeFromContinuingOps": 8422400000, "discontinuedOperations": {}, "extraordinaryItems": {}, "effectOfAccountingCharges": {}, "otherItems": {}, "netIncome": 8422400000, "netIncomeApplicableToCommonShares": 8422400000}], "maxAge": 86400}, "fundOwnership": {"ownershipList": [{"maxAge": 1, "reportDate": "2021-02-28", "organization": "WisdomTree Tr-WisdomTree Emerging Markets Small Cap Dividend Fund", "pctHeld": 0.0008, "position": 1524142, "value": 74682958}, {"maxAge": 1, "reportDate": "2021-02-28", "organization": "WisdomTree Tr-WisdomTree India Earnings Fd", "pctHeld": 0.0001, "position": 132948, "value": 6514452}], "maxAge": 1}, "summaryDetail": {"maxAge": 1, "priceHint": 2, "previousClose": 41.9, "open": 41.5, "dayLow": 41.4, "dayHigh": 42.2, "regularMarketPreviousClose": 41.9, "regularMarketOpen": 41.5, "regularMarketDayLow": 41.4, "regularMarketDayHigh": 42.2, "dividendRate": 3.1, "dividendYield": 0.073, "exDividendDate": "2021-03-25 05:30:00", "payoutRatio": 0.4155, "beta": 1.339709, "trailingPE": 5.5898123, "volume": 1345857, "regularMarketVolume": 1345857, "averageVolume": 4631070, "averageVolume10days": 2326422, "averageDailyVolume10Day": 2326422, "bid": 0.0, "ask": 0.0, "bidSize": 0, "askSize": 0, "marketCap": 83479232512, "fiftyTwoWeekLow": 19.35, "fiftyTwoWeekHigh": 54.9, "priceToSalesTrailing12Months": 3.2043924, "fiftyDayAverage": 47.472057, "twoHundredDayAverage": 39.57766, "trailingAnnualDividendRate": 3.1, "trailingAnnualDividendYield": 0.07398567, "currency": "INR", "fromCurrency": null, "lastMarket": null, "algorithm": null, "tradeable": false}, "incomeStatementHistoryQuarterly": {"incomeStatementHistory": [{"maxAge": 1, "endDate": "2020-12-31", "totalRevenue": 6478500000, "costOfRevenue": 1900000, "grossProfit": 6476600000, "researchDevelopment": {}, "sellingGeneralAdministrative": 528300000, "nonRecurring": {}, "otherOperatingExpenses": 148700000, "totalOperatingExpenses": 694400000, "operatingIncome": 5784100000, "totalOtherIncomeExpenseNet": 65600000, "ebit": 0, "interestExpense": {}, "incomeBeforeTax": 5849700000, "incomeTaxExpense": 1933800000, "minorityInterest": {}, "netIncomeFromContinuingOps": 3915900000, "discontinuedOperations": {}, "extraordinaryItems": {}, "effectOfAccountingCharges": {}, "otherItems": {}, "netIncome": 3915900000, "netIncomeApplicableToCommonShares": 3915900000}, {"maxAge": 1, "endDate": "2020-09-30", "totalRevenue": 6632600000, "costOfRevenue": 1500000, "grossProfit": 6631100000, "researchDevelopment": {}, "sellingGeneralAdministrative": 497500000, "nonRecurring": {}, "otherOperatingExpenses": 143600000, "totalOperatingExpenses": 665800000, "operatingIncome": 5966800000, "totalOtherIncomeExpenseNet": 122500000, "ebit": 0, "interestExpense": {}, "incomeBeforeTax": 6089300000, "incomeTaxExpense": 1516800000, "minorityInterest": {}, "netIncomeFromContinuingOps": 4572500000, "discontinuedOperations": {}, "extraordinaryItems": {}, "effectOfAccountingCharges": {}, "otherItems": {}, "netIncome": 4572500000, "netIncomeApplicableToCommonShares": 4572500000}, {"maxAge": 1, "endDate": "2020-06-30", "totalRevenue": 5830100000, "costOfRevenue": 18000000, "grossProfit": 5812100000, "researchDevelopment": {}, "sellingGeneralAdministrative": 512400000, "nonRecurring": {}, "otherOperatingExpenses": 108400000, "totalOperatingExpenses": 650700000, "operatingIncome": 5179400000, "totalOtherIncomeExpenseNet": -2471100000, "ebit": 0, "interestExpense": {}, "incomeBeforeTax": 2708300000, "incomeTaxExpense": 674500000, "minorityInterest": {}, "netIncomeFromContinuingOps": 2033800000, "discontinuedOperations": {}, "extraordinaryItems": {}, "effectOfAccountingCharges": {}, "otherItems": {}, "netIncome": 2033800000, "netIncomeApplicableToCommonShares": 2033800000}, {"maxAge": 1, "endDate": "2020-03-31", "totalRevenue": 7117100000, "costOfRevenue": 78700000, "grossProfit": 7038400000, "researchDevelopment": {}, "sellingGeneralAdministrative": 1364800000, "nonRecurring": {}, "otherOperatingExpenses": -49800000, "totalOperatingExpenses": 1408600000, "operatingIncome": 5708500000, "totalOtherIncomeExpenseNet": -255500000, "ebit": 0, "interestExpense": {}, "incomeBeforeTax": 5453000000, "incomeTaxExpense": 1043900000, "minorityInterest": {}, "netIncomeFromContinuingOps": 4409100000, "discontinuedOperations": {}, "extraordinaryItems": {}, "effectOfAccountingCharges": {}, "otherItems": {}, "netIncome": 4409100000, "netIncomeApplicableToCommonShares": 4409100000}], "maxAge": 86400}, "cashflowStatementHistoryQuarterly": {"cashflowStatements": [{"maxAge": 1, "endDate": "2020-12-31", "netIncome": 3915900000, "changeToLiabilities": 0}, {"maxAge": 1, "endDate": "2020-09-30", "netIncome": 4572500000, "changeToLiabilities": 0}, {"maxAge": 1, "endDate": "2020-06-30", "netIncome": 2033800000, "changeToLiabilities": 0}, {"maxAge": 1, "endDate": "2020-03-31", "netIncome": 4409100000, "changeToLiabilities": 0}], "maxAge": 86400}, "insiderHolders": {"holders": [], "maxAge": 1}, "calendarEvents": {"maxAge": 1, "earnings": {"earningsDate": ["2019-01-21 05:30:S"]}, "exDividendDate": "2021-03-25 05:30:00"}, "upgradeDowngradeHistory": {"history": [], "maxAge": 86400}, "price": {"maxAge": 1, "regularMarketChangePercent": -0.0047732876, "regularMarketChange": -0.20000076, "regularMarketTime": "2021-04-30 15:29:59", "priceHint": 2, "regularMarketPrice": 41.7, "regularMarketDayHigh": 42.2, "regularMarketDayLow": 41.4, "regularMarketVolume": 1345857, "averageDailyVolume10Day": 2326422, "averageDailyVolume3Month": 4631070, "regularMarketPreviousClose": 41.9, "regularMarketSource": "FREE_REALTIME", "regularMarketOpen": 41.5, "exchange": "NSI", "exchangeName": "NSE", "exchangeDataDelayedBy": 15, "marketState": "CLOSED", "quoteType": "EQUITY", "symbol": "HUDCO.NS", "underlyingSymbol": null, "shortName": "HOUSING & URBAN", "longName": "Housing and Urban Development Corporation Limited", "currency": "INR", "quoteSourceName": "Delayed Quote", "currencySymbol": "\u20b9", "fromCurrency": null, "lastMarket": null, "marketCap": 83479232512}, "balanceSheetHistory": {"balanceSheetStatements": [{"maxAge": 1, "endDate": "2020-03-31", "cash": 2226700000, "netReceivables": 744796400000, "inventory": 193400000, "otherCurrentAssets": 10014800000, "totalCurrentAssets": 757247400000, "longTermInvestments": 2322800000, "propertyPlantEquipment": 968300000, "intangibleAssets": 2800000, "otherAssets": 716300000, "totalAssets": 761257600000, "accountsPayable": 1685800000, "otherCurrentLiab": 4800000, "longTermDebt": 598949800000, "otherLiab": 9726000000, "totalCurrentLiabilities": 29159100000, "totalLiab": 637835000000, "commonStock": 20019000000, "retainedEarnings": 66769500000, "treasuryStock": 36621500000, "capitalSurplus": 12600000, "otherStockholderEquity": 36621500000, "totalStockholderEquity": 123422600000, "netTangibleAssets": 123419800000}, {"maxAge": 1, "endDate": "2019-03-31", "cash": 1111000000, "netReceivables": 709723600000, "inventory": 193400000, "otherCurrentAssets": 10136400000, "totalCurrentAssets": 721318600000, "longTermInvestments": 5345000000, "propertyPlantEquipment": 885400000, "intangibleAssets": 4100000, "otherAssets": 730200000, "totalAssets": 728283300000, "accountsPayable": 2893200000, "otherCurrentLiab": 1000000, "longTermDebt": 575459800000, "otherLiab": 8610000000, "totalCurrentLiabilities": 34665800000, "totalLiab": 618735700000, "commonStock": 20019000000, "retainedEarnings": 57355000000, "treasuryStock": 32161000000, "capitalSurplus": 12600000, "otherStockholderEquity": 32161000000, "totalStockholderEquity": 109547600000, "netTangibleAssets": 109543500000}, {"maxAge": 1, "endDate": "2018-03-31", "cash": 718900000, "netReceivables": 470735300000, "inventory": 193400000, "otherCurrentAssets": 6426700000, "totalCurrentAssets": 478530300000, "longTermInvestments": 5268000000, "propertyPlantEquipment": 825500000, "intangibleAssets": 5600000, "otherAssets": 4512300000, "totalAssets": 489141700000, "accountsPayable": 6257200000, "shortLongTermDebt": 21356300000, "otherCurrentLiab": 100000, "longTermDebt": 329031400000, "otherLiab": 7139500000, "minorityInterest": 7800000, "totalCurrentLiabilities": 53547900000, "totalLiab": 389718900000, "commonStock": 20019000000, "retainedEarnings": 52497100000, "treasuryStock": 26894100000, "capitalSurplus": 12600000, "otherStockholderEquity": 26894100000, "totalStockholderEquity": 99422800000, "netTangibleAssets": 99417200000}, {"maxAge": 1, "endDate": "2017-03-31", "cash": 3328900000, "netReceivables": 377554000000, "inventory": 311100000, "otherCurrentAssets": 6770700000, "totalCurrentAssets": 387964700000, "longTermInvestments": 3665300000, "propertyPlantEquipment": 1154700000, "intangibleAssets": 300000, "otherAssets": 605500000, "totalAssets": 393390500000, "accountsPayable": 2100000, "shortLongTermDebt": 14888500000, "otherCurrentLiab": 2717100000, "longTermDebt": 249661500000, "otherLiab": 7717200000, "minorityInterest": 7800000, "totalCurrentLiabilities": 44328200000, "totalLiab": 301706900000, "commonStock": 20019000000, "retainedEarnings": 49148500000, "treasuryStock": 22495700000, "capitalSurplus": 12600000, "otherStockholderEquity": 22495700000, "totalStockholderEquity": 91675800000, "netTangibleAssets": 91675500000}], "maxAge": 86400}, "financialData": {"maxAge": 86400, "currentPrice": 41.7, "recommendationKey": "none", "totalCash": 2520199936, "totalCashPerShare": 1.261, "totalDebt": 616009170944, "totalRevenue": 26051500032, "debtToEquity": 492.289, "revenuePerShare": 13.021, "grossProfits": 27093600000, "earningsGrowth": 0.903, "revenueGrowth": 0.085, "grossMargins": 0.99616, "ebitdaMargins": 0.0, "operatingMargins": 0.869, "profitMargins": 0.57315, "financialCurrency": "INR"}}}