{"HUHTAMAKI.NS": {"assetProfile": {"address1": "L.B.S. Marg", "address2": "Majiwade", "city": "Thane", "zip": "400601", "country": "India", "phone": "91 22 2173 5551", "fax": "91 22 2173 5599", "website": "http://www.huhtamaki.com/en-in", "industry": "Packaging & Containers", "sector": "Consumer Cyclical", "longBusinessSummary": "Huhtamaki India Limited engages in the manufacture and sale of consumer packaging and labelling materials in India and internationally. It provides shaped pouches, see-through packs, single-serve sachets, and twist wraps for food and confectionery packaging; pocket shot pouches, thermoforms, shrink sleeves, metallized paper labels, booklet labels, in-mould labels, and wet strength labels for beverages; and medical device packing, bulk bags, cold form laminates, hard-tempered blister foils, child-resistant packs, four ply extrusion laminates, and push tabs, as well as blister and strip packs replacement for healthcare sector. The company also offers retort pouches, high barrier laminates, and woven bags in aluminum foil and non-foil transparent structures for pet food market; printing cylinders; promotions and security solutions, such as point of-sale banners, tattoos, sticker in laminate, registered holograms, hidden text and images, and camouflage impressions; and flexible packaging solutions for personal and home care, agro, automotive, industrial, and other non-food markets. In addition, it exports its products. The company was formerly known as Huhtamaki PPL Limited and changed its name to Huhtamaki India Limited in November 2020. Huhtamaki India Limited was founded in 1935 and is headquartered in Thane, India. Huhtamaki India Limited is a subsidiary of Huhtavefa B.V.", "companyOfficers": [{"maxAge": 1, "name": "Mr. Ranjeev  Lodha", "age": 55, "title": "Exec. Director & CFO", "yearBorn": 1965, "fiscalYear": 2019, "totalPay": 14218152, "exercisedValue": 0, "unexercisedValue": 0}, {"maxAge": 1, "name": "Mr. Dakshinamurthy V. Iyer", "title": "Head of Legal, Company Sec. & Compliance Officer", "exercisedValue": 0, "unexercisedValue": 0}, {"maxAge": 1, "name": "Mr. Sudip  Mall", "title": "MD & Director", "exercisedValue": 0, "unexercisedValue": 0}], "compensationAsOfEpochDate": "2019-12-31 05:30:00", "maxAge": 86400}, "cashflowStatementHistory": {"cashflowStatements": [{"maxAge": 1, "endDate": "2020-12-31", "netIncome": 959900000, "depreciation": 979300000, "changeToNetincome": -45000000, "changeToAccountReceivables": 856400000, "changeToLiabilities": -232700000, "changeToInventory": -444000000, "changeToOperatingActivities": -380500000, "totalCashFromOperatingActivities": 1693400000, "capitalExpenditures": -488600000, "investments": 437700000, "otherCashflowsFromInvestingActivities": 9800000, "totalCashflowsFromInvestingActivities": -726800000, "dividendsPaid": -227500000, "netBorrowings": -280300000, "otherCashflowsFromFinancingActivities": -234000000, "totalCashFromFinancingActivities": -741800000, "changeInCash": 224800000}, {"maxAge": 1, "endDate": "2019-12-31", "netIncome": 1700394000, "depreciation": 855219000, "changeToNetincome": -219048000, "changeToAccountReceivables": -471770000, "changeToLiabilities": 670508000, "changeToInventory": 303717000, "changeToOperatingActivities": -7895000, "totalCashFromOperatingActivities": 2845169000, "capitalExpenditures": -675681000, "investments": -332050000, "otherCashflowsFromInvestingActivities": 11324000, "totalCashflowsFromInvestingActivities": -875366000, "dividendsPaid": -272967000, "netBorrowings": -1306650000, "otherCashflowsFromFinancingActivities": -421779000, "totalCashFromFinancingActivities": -2001396000, "changeInCash": -31593000}, {"maxAge": 1, "endDate": "2018-12-31", "netIncome": 348849000, "depreciation": 846510000, "changeToNetincome": 415115000, "changeToAccountReceivables": -348180000, "changeToLiabilities": -224402000, "changeToInventory": -172854000, "changeToOperatingActivities": 139519000, "totalCashFromOperatingActivities": 1011677000, "capitalExpenditures": -671368000, "investments": 1214297000, "otherCashflowsFromInvestingActivities": 22890000, "totalCashflowsFromInvestingActivities": -296205000, "dividendsPaid": -271911000, "netBorrowings": -29096000, "otherCashflowsFromFinancingActivities": -383501000, "totalCashFromFinancingActivities": -684508000, "changeInCash": 32753000}, {"maxAge": 1, "endDate": "2017-12-31", "netIncome": 636160000, "depreciation": 825073000, "changeToNetincome": 274857000, "changeToAccountReceivables": -636691000, "changeToLiabilities": 391127000, "changeToInventory": -93727000, "changeToOperatingActivities": -463824000, "totalCashFromOperatingActivities": 960361000, "capitalExpenditures": -628441000, "investments": 571724000, "otherCashflowsFromInvestingActivities": 98838000, "totalCashflowsFromInvestingActivities": 45737000, "dividendsPaid": -230513000, "netBorrowings": -301022000, "otherCashflowsFromFinancingActivities": -341649000, "totalCashFromFinancingActivities": -873184000, "changeInCash": 132914000}], "maxAge": 86400}, "institutionOwnership": {"ownershipList": [], "maxAge": 1}, "majorHoldersBreakdown": {"maxAge": 1, "insidersPercentHeld": 0.73347, "institutionsPercentHeld": 0.018960001, "institutionsFloatPercentHeld": 0.07115, "institutionsCount": 10}, "balanceSheetHistoryQuarterly": {"balanceSheetStatements": [{"maxAge": 1, "endDate": "2020-12-31", "cash": 671100000, "shortTermInvestments": 215700000, "netReceivables": 5355300000, "inventory": 2287800000, "otherCurrentAssets": 607600000, "totalCurrentAssets": 9137500000, "longTermInvestments": 2900000, "propertyPlantEquipment": 5010100000, "goodWill": 623800000, "intangibleAssets": 137600000, "otherAssets": 916500000, "deferredLongTermAssetCharges": 77500000, "totalAssets": 15828400000, "accountsPayable": 4098400000, "otherCurrentLiab": 974200000, "longTermDebt": 1250000000, "otherLiab": 178200000, "totalCurrentLiabilities": 6322500000, "totalLiab": 8179300000, "commonStock": 151100000, "treasuryStock": 7498000000, "otherStockholderEquity": 7498000000, "totalStockholderEquity": 7649100000, "netTangibleAssets": 6887700000}, {"maxAge": 1, "endDate": "2020-09-30", "totalStockholderEquity": 7282800000, "netTangibleAssets": 6515500000}, {"maxAge": 1, "endDate": "2020-06-30", "cash": 170900000, "shortTermInvestments": 234300000, "netReceivables": 6339600000, "inventory": 3106200000, "otherCurrentAssets": 618600000, "totalCurrentAssets": 10469600000, "longTermInvestments": 3000000, "propertyPlantEquipment": 5208600000, "goodWill": 623800000, "intangibleAssets": 143500000, "otherAssets": 826700000, "deferredLongTermAssetCharges": 64900000, "totalAssets": 17275200000, "accountsPayable": 4671000000, "otherCurrentLiab": 3104500000, "otherLiab": 227200000, "totalCurrentLiabilities": 9364800000, "totalLiab": 9992400000, "commonStock": 151100000, "treasuryStock": 7131700000, "otherStockholderEquity": 7131700000, "totalStockholderEquity": 7282800000, "netTangibleAssets": 6515500000}, {"maxAge": 1, "endDate": "2020-03-31", "totalStockholderEquity": 6973500000, "netTangibleAssets": 6247400000}], "maxAge": 86400}, "indexTrend": {"maxAge": 1, "symbol": "SP5", "peRatio": 19.7411, "pegRatio": 1.34172, "estimates": [{"period": "0q", "growth": 0.549}, {"period": "+1q", "growth": 0.431}, {"period": "0y", "growth": 0.305}, {"period": "+1y", "growth": 0.109}, {"period": "+5y", "growth": 0.120865}, {"period": "-5y"}]}, "defaultKeyStatistics": {"maxAge": 1, "priceHint": 2, "enterpriseValue": 23172982784, "profitMargins": 0.03898, "floatShares": 20705928, "sharesOutstanding": 75521904, "heldPercentInsiders": 0.73347, "heldPercentInstitutions": 0.018960001, "beta": 0.587482, "category": null, "bookValue": 100.884, "priceToBook": 2.7095475, "fundFamily": null, "legalType": null, "lastFiscalYearEnd": "2020-12-31 05:30:00", "nextFiscalYearEnd": "2022-12-31 05:30:00", "mostRecentQuarter": "2020-12-31 05:30:00", "earningsQuarterlyGrowth": -0.925, "netIncomeToCommon": 959900032, "trailingEps": 12.71, "lastSplitFactor": null, "enterpriseToRevenue": 0.941, "enterpriseToEbitda": 9.919}, "summaryProfile": {"address1": "L.B.S. Marg", "address2": "Majiwade", "city": "Thane", "zip": "400601", "country": "India", "phone": "91 22 2173 5551", "fax": "91 22 2173 5599", "website": "http://www.huhtamaki.com/en-in", "industry": "Packaging & Containers", "sector": "Consumer Cyclical", "longBusinessSummary": "Huhtamaki India Limited engages in the manufacture and sale of consumer packaging and labelling materials in India and internationally. It provides shaped pouches, see-through packs, single-serve sachets, and twist wraps for food and confectionery packaging; pocket shot pouches, thermoforms, shrink sleeves, metallized paper labels, booklet labels, in-mould labels, and wet strength labels for beverages; and medical device packing, bulk bags, cold form laminates, hard-tempered blister foils, child-resistant packs, four ply extrusion laminates, and push tabs, as well as blister and strip packs replacement for healthcare sector. The company also offers retort pouches, high barrier laminates, and woven bags in aluminum foil and non-foil transparent structures for pet food market; printing cylinders; promotions and security solutions, such as point of-sale banners, tattoos, sticker in laminate, registered holograms, hidden text and images, and camouflage impressions; and flexible packaging solutions for personal and home care, agro, automotive, industrial, and other non-food markets. In addition, it exports its products. The company was formerly known as Huhtamaki PPL Limited and changed its name to Huhtamaki India Limited in November 2020. Huhtamaki India Limited was founded in 1935 and is headquartered in Thane, India. Huhtamaki India Limited is a subsidiary of Huhtavefa B.V.", "companyOfficers": [], "maxAge": 86400}, "netSharePurchaseActivity": {"maxAge": 1, "period": "6m", "buyInfoCount": 0, "buyInfoShares": 0, "sellInfoCount": 0, "netInfoCount": 0, "netInfoShares": 0, "netPercentInsiderShares": 0.0, "totalInsiderShares": 55612356}, "insiderTransactions": {"transactions": [{"maxAge": 1, "shares": 200000, "value": 855920, "filerUrl": "", "transactionText": "Sale at price 4.28 per share.", "filerName": "Chhajed (Amar Bansilal)", "filerRelation": "UNREPORTED", "moneyText": "", "startDate": "2021-03-31", "ownership": "D"}, {"maxAge": 1, "shares": 600000, "value": 2567760, "filerUrl": "", "transactionText": "Purchase at price 4.28 per share.", "filerName": "Huhtavefa B V", "filerRelation": "Promoter", "moneyText": "", "startDate": "2021-03-31", "ownership": "D"}, {"maxAge": 1, "shares": 550000, "filerUrl": "", "transactionText": "", "filerName": "Chhajed (Amar Bansilal)", "filerRelation": "UNREPORTED", "moneyText": "", "startDate": "2018-04-18", "ownership": "D"}, {"maxAge": 1, "shares": 550000, "filerUrl": "", "transactionText": "", "filerName": "Huhtavefa B V", "filerRelation": "Promoter", "moneyText": "", "startDate": "2018-04-18", "ownership": "D"}, {"maxAge": 1, "shares": 1662958, "filerUrl": "", "transactionText": "", "filerName": "Chhajed (Amar Bansilal)", "filerRelation": "UNREPORTED", "moneyText": "", "startDate": "2017-04-06", "ownership": "D"}, {"maxAge": 1, "shares": 573521, "filerUrl": "", "transactionText": "", "filerName": "Chhajed (Jitesh Babulal)", "filerRelation": "UNREPORTED", "moneyText": "", "startDate": "2017-04-06", "ownership": "D"}, {"maxAge": 1, "shares": 545421, "filerUrl": "", "transactionText": "", "filerName": "Chhajed (Seema Rahul)", "filerRelation": "UNREPORTED", "moneyText": "", "startDate": "2017-04-06", "ownership": "D"}, {"maxAge": 1, "shares": 28100, "filerUrl": "", "transactionText": "", "filerName": "Chhajed (Rahul Babulal)", "filerRelation": "UNREPORTED", "moneyText": "", "startDate": "2017-04-06", "ownership": "D"}, {"maxAge": 1, "shares": 10024744, "filerUrl": "", "transactionText": "", "filerName": "Huhtavefa B V", "filerRelation": "Promoter", "moneyText": "", "startDate": "2014-08-20", "ownership": "D"}, {"maxAge": 1, "shares": 1884087, "filerUrl": "", "transactionText": "", "filerName": "Gupta (Suresh Kumar)", "filerRelation": "Executive Chairman", "moneyText": "", "startDate": "2014-02-21", "ownership": "D"}, {"maxAge": 1, "shares": 1884087, "filerUrl": "", "transactionText": "", "filerName": "Huhtavefa B V", "filerRelation": "Promoter", "moneyText": "", "startDate": "2014-02-21", "ownership": "D"}, {"maxAge": 1, "shares": 6579, "filerUrl": "", "transactionText": "", "filerName": "Gupta (Suresh Kumar)", "filerRelation": "Executive Chairman", "moneyText": "", "startDate": "2013-08-12", "ownership": "D"}, {"maxAge": 1, "shares": 43521, "filerUrl": "", "transactionText": "", "filerName": "Gupta (Suresh Kumar)", "filerRelation": "Executive Chairman", "moneyText": "", "startDate": "2013-08-08", "ownership": "D"}, {"maxAge": 1, "shares": 106000, "filerUrl": "", "transactionText": "", "filerName": "HDFC Trustee Company Ltd A/c HDFC Mid Cap Opportunities Fund", "filerRelation": "Investment Management Company", "moneyText": "", "startDate": "2012-06-28", "ownership": "D"}, {"maxAge": 1, "shares": 681140, "filerUrl": "", "transactionText": "", "filerName": "Polestar Healthcare & Realtech Pvt. Ltd.", "filerRelation": "Institution- Corporation", "moneyText": "", "startDate": "2011-05-20", "ownership": "D"}, {"maxAge": 1, "shares": 1161066, "filerUrl": "", "transactionText": "", "filerName": "Huhtavefa B V", "filerRelation": "Institution- Corporation", "moneyText": "", "startDate": "2011-05-20", "ownership": "D"}, {"maxAge": 1, "shares": 479926, "filerUrl": "", "transactionText": "", "filerName": "Talwar (Veena)", "filerRelation": "UNREPORTED", "moneyText": "", "startDate": "2011-05-20", "ownership": "D"}, {"maxAge": 1, "shares": 40000, "filerUrl": "", "transactionText": "", "filerName": "Talwar (Veena)", "filerRelation": "UNREPORTED", "moneyText": "", "startDate": "2011-05-10", "ownership": "D"}, {"maxAge": 1, "shares": 65404, "filerUrl": "", "transactionText": "", "filerName": "Talwar (Veena)", "filerRelation": "UNREPORTED", "moneyText": "", "startDate": "2011-05-09", "ownership": "D"}, {"maxAge": 1, "shares": 11320, "filerUrl": "", "transactionText": "", "filerName": "Sirohi (Tony)", "filerRelation": "UNREPORTED", "moneyText": "", "startDate": "2011-02-04", "ownership": "D"}, {"maxAge": 1, "shares": 1504668, "filerUrl": "", "transactionText": "", "filerName": "Aberdeen Asset Managers, Ltd.", "filerRelation": "Investment Advisor", "moneyText": "", "startDate": "2010-03-22", "ownership": "D"}, {"maxAge": 1, "shares": 218299, "filerUrl": "", "transactionText": "", "filerName": "Aberdeen Asset Managers, Ltd.", "filerRelation": "Investment Advisor", "moneyText": "", "startDate": "2010-02-16", "ownership": "D"}], "maxAge": 1}, "quoteType": {"exchange": "NSI", "quoteType": "EQUITY", "symbol": "HUHTAMAKI.NS", "underlyingSymbol": "HUHTAMAKI.NS", "shortName": "HUHTAMAKI INDIA LIMITED", "longName": "Huhtamaki India Limited", "firstTradeDateEpochUtc": "2002-07-01 09:15:00", "timeZoneFullName": "Asia/Kolkata", "timeZoneShortName": "IST", "uuid": "6d953e98-cfbf-3e77-8b0e-5ef9a010cdb4", "gmtOffSetMilliseconds": 19800000, "maxAge": 1}, "incomeStatementHistory": {"incomeStatementHistory": [{"maxAge": 1, "endDate": "2020-12-31", "totalRevenue": 24627000000, "costOfRevenue": 16124400000, "grossProfit": 8502600000, "researchDevelopment": {}, "sellingGeneralAdministrative": 2760500000, "nonRecurring": {}, "otherOperatingExpenses": 3405900000, "totalOperatingExpenses": 23270100000, "operatingIncome": 1356900000, "totalOtherIncomeExpenseNet": -181000000, "ebit": 1356900000, "interestExpense": -261200000, "incomeBeforeTax": 1175900000, "incomeTaxExpense": 216000000, "minorityInterest": {}, "netIncomeFromContinuingOps": 959900000, "discontinuedOperations": {}, "extraordinaryItems": {}, "effectOfAccountingCharges": {}, "otherItems": {}, "netIncome": 959900000, "netIncomeApplicableToCommonShares": 959900000}, {"maxAge": 1, "endDate": "2019-12-31", "totalRevenue": 25823700000, "costOfRevenue": 17509348000, "grossProfit": 8314352000, "researchDevelopment": {}, "sellingGeneralAdministrative": 2602308000, "nonRecurring": {}, "otherOperatingExpenses": 2771871000, "totalOperatingExpenses": 23761945000, "operatingIncome": 2061755000, "totalOtherIncomeExpenseNet": -46004000, "ebit": 2061755000, "interestExpense": -303622000, "incomeBeforeTax": 2015751000, "incomeTaxExpense": 315357000, "minorityInterest": {}, "netIncomeFromContinuingOps": 1700394000, "discontinuedOperations": {}, "extraordinaryItems": {}, "effectOfAccountingCharges": {}, "otherItems": {}, "netIncome": 1700394000, "netIncomeApplicableToCommonShares": 1700394000}, {"maxAge": 1, "endDate": "2018-12-31", "totalRevenue": 23690717000, "costOfRevenue": 16397850000, "grossProfit": 7292867000, "researchDevelopment": {}, "sellingGeneralAdministrative": 2428536000, "nonRecurring": {}, "otherOperatingExpenses": 2651168000, "totalOperatingExpenses": 22330299000, "operatingIncome": 1360418000, "totalOtherIncomeExpenseNet": -224671000, "ebit": 1360418000, "interestExpense": -288268000, "incomeBeforeTax": 1135747000, "incomeTaxExpense": 786898000, "minorityInterest": {}, "netIncomeFromContinuingOps": 348849000, "discontinuedOperations": {}, "extraordinaryItems": {}, "effectOfAccountingCharges": {}, "otherItems": {}, "netIncome": 348849000, "netIncomeApplicableToCommonShares": 348849000}, {"maxAge": 1, "endDate": "2017-12-31", "totalRevenue": 21309422000, "costOfRevenue": 14583602000, "grossProfit": 6725820000, "researchDevelopment": {}, "sellingGeneralAdministrative": 2157628000, "nonRecurring": {}, "otherOperatingExpenses": 2359636000, "totalOperatingExpenses": 19953052000, "operatingIncome": 1356370000, "totalOtherIncomeExpenseNet": -206662000, "ebit": 1356370000, "interestExpense": -296161000, "incomeBeforeTax": 1149708000, "incomeTaxExpense": 513548000, "minorityInterest": {}, "netIncomeFromContinuingOps": 636160000, "discontinuedOperations": {}, "extraordinaryItems": {}, "effectOfAccountingCharges": {}, "otherItems": {}, "netIncome": 636160000, "netIncomeApplicableToCommonShares": 636160000}], "maxAge": 86400}, "fundOwnership": {"ownershipList": [{"maxAge": 1, "reportDate": "2021-01-31", "organization": "DFA Emerging Markets Core Equity Portfolio", "pctHeld": 0.0015, "position": 112861, "value": 34078378}, {"maxAge": 1, "reportDate": "2021-01-31", "organization": "DFA Emerging Markets Small Cap Series", "pctHeld": 0.0015, "position": 112835, "value": 34070528}, {"maxAge": 1, "reportDate": "2021-01-31", "organization": "DFA Investment Dimensions-Emerging Markets Social Core Equity", "pctHeld": 0.0002, "position": 11366, "value": 3431963}, {"maxAge": 1, "reportDate": "2021-01-31", "organization": "DFA Investment Dimensions-World Ex U.S. Core Equity Port", "pctHeld": 0.0001, "position": 7123, "value": 2150789}, {"maxAge": 1, "reportDate": "2021-01-31", "organization": "DFA Emerging Markets Sustainability Core 1 Portfolio", "pctHeld": 0.0001, "position": 5375, "value": 1622981}, {"maxAge": 1, "reportDate": "2020-12-31", "organization": "Segall Bryant & Hamill Emerging Markets Fd", "pctHeld": 0.0001, "position": 5316, "value": 1666831}], "maxAge": 1}, "summaryDetail": {"maxAge": 1, "priceHint": 2, "previousClose": 278.7, "open": 277.95, "dayLow": 271.0, "dayHigh": 279.4, "regularMarketPreviousClose": 278.7, "regularMarketOpen": 277.95, "regularMarketDayLow": 271.0, "regularMarketDayHigh": 279.4, "dividendRate": 3.0, "dividendYield": 0.0108, "exDividendDate": "2021-04-20 05:30:00", "payoutRatio": 0.236, "fiveYearAvgDividendYield": 1.18, "beta": 0.587482, "trailingPE": 21.506687, "volume": 76235, "regularMarketVolume": 76235, "averageVolume": 124009, "averageVolume10days": 55188, "averageDailyVolume10Day": 55188, "bid": 0.0, "ask": 0.0, "marketCap": 20662444032, "fiftyTwoWeekLow": 174.0, "fiftyTwoWeekHigh": 352.15, "priceToSalesTrailing12Months": 0.8390159, "fiftyDayAverage": 292.01617, "twoHundredDayAverage": 297.47836, "trailingAnnualDividendRate": 3.0, "trailingAnnualDividendYield": 0.010764263, "currency": "INR", "fromCurrency": null, "lastMarket": null, "algorithm": null, "tradeable": false}, "incomeStatementHistoryQuarterly": {"incomeStatementHistory": [{"maxAge": 1, "endDate": "2020-12-31", "totalRevenue": 5577100000, "costOfRevenue": 3745700000, "grossProfit": 1831400000, "researchDevelopment": {}, "sellingGeneralAdministrative": 619200000, "nonRecurring": {}, "otherOperatingExpenses": 857300000, "totalOperatingExpenses": 5460600000, "operatingIncome": 116500000, "totalOtherIncomeExpenseNet": -38900000, "ebit": 116500000, "interestExpense": -66400000, "incomeBeforeTax": 77600000, "incomeTaxExpense": 26800000, "minorityInterest": {}, "netIncomeFromContinuingOps": 50800000, "discontinuedOperations": {}, "extraordinaryItems": {}, "effectOfAccountingCharges": {}, "otherItems": {}, "netIncome": 50800000, "netIncomeApplicableToCommonShares": 50800000}, {"maxAge": 1, "endDate": "2020-09-30", "totalRevenue": 6859000000, "costOfRevenue": 4465600000, "grossProfit": 2393400000, "researchDevelopment": {}, "sellingGeneralAdministrative": 711100000, "nonRecurring": {}, "otherOperatingExpenses": 908000000, "totalOperatingExpenses": 6330100000, "operatingIncome": 528900000, "totalOtherIncomeExpenseNet": -32800000, "ebit": 528900000, "interestExpense": -61600000, "incomeBeforeTax": 496100000, "incomeTaxExpense": 127300000, "minorityInterest": {}, "netIncomeFromContinuingOps": 368800000, "discontinuedOperations": {}, "extraordinaryItems": {}, "effectOfAccountingCharges": {}, "otherItems": {}, "netIncome": 368800000, "netIncomeApplicableToCommonShares": 368800000}, {"maxAge": 1, "endDate": "2020-06-30", "totalRevenue": 6356700000, "costOfRevenue": 4140300000, "grossProfit": 2216400000, "researchDevelopment": {}, "sellingGeneralAdministrative": 766400000, "nonRecurring": {}, "otherOperatingExpenses": 775100000, "totalOperatingExpenses": 5929200000, "operatingIncome": 427500000, "totalOtherIncomeExpenseNet": -67100000, "ebit": 427500000, "interestExpense": -70700000, "incomeBeforeTax": 360400000, "incomeTaxExpense": 93200000, "minorityInterest": {}, "netIncomeFromContinuingOps": 267200000, "discontinuedOperations": {}, "extraordinaryItems": {}, "effectOfAccountingCharges": {}, "otherItems": {}, "netIncome": 267200000, "netIncomeApplicableToCommonShares": 267200000}, {"maxAge": 1, "endDate": "2020-03-31", "totalRevenue": 5745600000, "costOfRevenue": 3684200000, "grossProfit": 2061400000, "researchDevelopment": {}, "sellingGeneralAdministrative": 663800000, "nonRecurring": {}, "otherOperatingExpenses": 898000000, "totalOperatingExpenses": 5494100000, "operatingIncome": 251500000, "totalOtherIncomeExpenseNet": -9700000, "ebit": 251500000, "interestExpense": -62500000, "incomeBeforeTax": 241800000, "incomeTaxExpense": -31300000, "minorityInterest": {}, "netIncomeFromContinuingOps": 273100000, "discontinuedOperations": {}, "extraordinaryItems": {}, "effectOfAccountingCharges": {}, "otherItems": {}, "netIncome": 273100000, "netIncomeApplicableToCommonShares": 273100000}], "maxAge": 86400}, "cashflowStatementHistoryQuarterly": {"cashflowStatements": [{"maxAge": 1, "endDate": "2020-12-31", "netIncome": 50800000, "changeToLiabilities": 0}, {"maxAge": 1, "endDate": "2020-09-30", "netIncome": 368800000, "changeToLiabilities": 0}, {"maxAge": 1, "endDate": "2020-06-30", "netIncome": 267200000, "changeToLiabilities": 0}, {"maxAge": 1, "endDate": "2020-03-31", "netIncome": 273100000, "changeToLiabilities": 0}], "maxAge": 86400}, "insiderHolders": {"holders": [{"maxAge": 1, "name": "Chhajed (Amar Bansilal)", "relation": "UNREPORTED", "url": "", "transactionDescription": "Sale", "latestTransDate": "2021-03-31", "positionDirect": 912958, "positionDirectDate": "2021-03-31"}, {"maxAge": 1, "name": "Chhajed (Jitesh Babulal)", "relation": "UNREPORTED", "url": "", "transactionDescription": "Acquisition", "latestTransDate": "2017-04-06", "positionDirect": 573521, "positionDirectDate": "2017-04-06"}, {"maxAge": 1, "name": "Chhajed (Rahul Babulal)", "relation": "UNREPORTED", "url": "", "transactionDescription": "Acquisition", "latestTransDate": "2017-04-06", "positionDirect": 28100, "positionDirectDate": "2017-04-06"}, {"maxAge": 1, "name": "Chhajed (Seema Rahul)", "relation": "UNREPORTED", "url": "", "transactionDescription": "Acquisition", "latestTransDate": "2017-04-06", "positionDirect": 545421, "positionDirectDate": "2017-04-06"}, {"maxAge": 1, "name": "Gupta (Suresh Kumar)", "relation": "Executive Chairman", "url": "", "transactionDescription": "Sale", "latestTransDate": "2014-02-21", "positionDirect": 0, "positionDirectDate": "2014-02-21"}, {"maxAge": 1, "name": "HDFC Trustee Company Ltd A/c HDFC Mid Cap Opportunities Fund", "relation": "Investment Management Company", "url": "", "transactionDescription": "Acquisition", "latestTransDate": "2012-06-28", "positionDirect": 3208267, "positionDirectDate": "2012-06-28"}, {"maxAge": 1, "name": "Huhtavefa B V", "relation": "Promoter", "url": "", "transactionDescription": "Purchase", "latestTransDate": "2021-03-31", "positionDirect": 51153997, "positionDirectDate": "2021-03-31"}, {"maxAge": 1, "name": "Polestar Healthcare & Realtech Pvt. Ltd.", "relation": "Institution- Corporation", "url": "", "transactionDescription": "Sale", "latestTransDate": "2011-05-20", "positionDirect": 0, "positionDirectDate": "2011-05-20"}, {"maxAge": 1, "name": "Sirohi (Tony)", "relation": "UNREPORTED", "url": "", "transactionDescription": "Sale", "latestTransDate": "2011-02-04", "positionDirect": 0, "positionDirectDate": "2011-02-04"}, {"maxAge": 1, "name": "Talwar (Veena)", "relation": "UNREPORTED", "url": "", "transactionDescription": "Sale", "latestTransDate": "2011-05-20", "positionDirect": 0, "positionDirectDate": "2011-05-20"}], "maxAge": 1}, "calendarEvents": {"maxAge": 1, "earnings": {"earningsDate": []}, "exDividendDate": "2021-04-20 05:30:00"}, "upgradeDowngradeHistory": {"history": [], "maxAge": 86400}, "price": {"maxAge": 1, "regularMarketChangePercent": -0.019196289, "regularMarketChange": -5.350006, "regularMarketTime": "2021-04-30 15:29:40", "priceHint": 2, "regularMarketPrice": 273.35, "regularMarketDayHigh": 279.4, "regularMarketDayLow": 271.0, "regularMarketVolume": 76235, "averageDailyVolume10Day": 55188, "averageDailyVolume3Month": 124009, "regularMarketPreviousClose": 278.7, "regularMarketSource": "FREE_REALTIME", "regularMarketOpen": 277.95, "exchange": "NSI", "exchangeName": "NSE", "exchangeDataDelayedBy": 15, "marketState": "CLOSED", "quoteType": "EQUITY", "symbol": "HUHTAMAKI.NS", "underlyingSymbol": null, "shortName": "HUHTAMAKI INDIA LIMITED", "longName": "Huhtamaki India Limited", "currency": "INR", "quoteSourceName": "Delayed Quote", "currencySymbol": "\u20b9", "fromCurrency": null, "lastMarket": null, "marketCap": 20662444032}, "balanceSheetHistory": {"balanceSheetStatements": [{"maxAge": 1, "endDate": "2020-12-31", "cash": 671100000, "shortTermInvestments": 215700000, "netReceivables": 5355300000, "inventory": 2287800000, "otherCurrentAssets": 607600000, "totalCurrentAssets": 9137500000, "longTermInvestments": 2900000, "propertyPlantEquipment": 5010100000, "goodWill": 623800000, "intangibleAssets": 137600000, "otherAssets": 916500000, "deferredLongTermAssetCharges": 77500000, "totalAssets": 15828400000, "accountsPayable": 4098400000, "otherCurrentLiab": 974200000, "longTermDebt": 1250000000, "otherLiab": 178200000, "totalCurrentLiabilities": 6322500000, "totalLiab": 8179300000, "commonStock": 151100000, "treasuryStock": 7498000000, "otherStockholderEquity": 7498000000, "totalStockholderEquity": 7649100000, "netTangibleAssets": 6887700000}, {"maxAge": 1, "endDate": "2019-12-31", "cash": 444796000, "shortTermInvestments": 1319000, "netReceivables": 6408571000, "inventory": 1818554000, "otherCurrentAssets": 98273000, "totalCurrentAssets": 9425506000, "longTermInvestments": 116000, "propertyPlantEquipment": 4221223000, "goodWill": 564003000, "intangibleAssets": 162086000, "otherAssets": 767941000, "deferredLongTermAssetCharges": 62379000, "totalAssets": 15140875000, "accountsPayable": 4187604000, "shortLongTermDebt": 37611000, "otherCurrentLiab": 562889000, "longTermDebt": 1017596000, "otherLiab": 181603000, "totalCurrentLiabilities": 6968168000, "totalLiab": 8167367000, "commonStock": 151053000, "retainedEarnings": 6771447000, "treasuryStock": 51008000, "otherStockholderEquity": 51008000, "totalStockholderEquity": 6973508000, "netTangibleAssets": 6247419000}, {"maxAge": 1, "endDate": "2018-12-31", "cash": 476389000, "shortTermInvestments": 24238000, "netReceivables": 5910772000, "inventory": 2122271000, "otherCurrentAssets": 92873000, "totalCurrentAssets": 8884989000, "longTermInvestments": 141000, "propertyPlantEquipment": 4500906000, "goodWill": 564003000, "intangibleAssets": 156767000, "otherAssets": 402755000, "deferredLongTermAssetCharges": 49102000, "totalAssets": 14509561000, "accountsPayable": 3604432000, "shortLongTermDebt": 35930000, "otherCurrentLiab": 487587000, "longTermDebt": 3903668000, "otherLiab": 152547000, "totalCurrentLiabilities": 4888567000, "totalLiab": 8944782000, "commonStock": 151053000, "retainedEarnings": 4574190000, "treasuryStock": 839536000, "otherStockholderEquity": 839536000, "totalStockholderEquity": 5564779000, "netTangibleAssets": 4844009000}, {"maxAge": 1, "endDate": "2017-12-31", "cash": 443636000, "shortTermInvestments": 3290000, "netReceivables": 5504978000, "inventory": 1918732000, "otherCurrentAssets": 137829000, "totalCurrentAssets": 9426747000, "longTermInvestments": 666000, "propertyPlantEquipment": 4284785000, "goodWill": 96880000, "intangibleAssets": 11764000, "otherAssets": 527768000, "deferredLongTermAssetCharges": 101909000, "totalAssets": 14348610000, "accountsPayable": 3631395000, "shortLongTermDebt": 115016000, "otherCurrentLiab": 388672000, "longTermDebt": 3942365000, "otherLiab": 158148000, "totalCurrentLiabilities": 4757437000, "totalLiab": 8857950000, "commonStock": 151053000, "retainedEarnings": 4690978000, "treasuryStock": 648629000, "otherStockholderEquity": 648629000, "totalStockholderEquity": 5490660000, "netTangibleAssets": 5382016000}], "maxAge": 86400}, "financialData": {"maxAge": 86400, "currentPrice": 273.35, "recommendationKey": "none", "totalCash": 886800000, "totalCashPerShare": 11.696, "ebitda": 2336199936, "totalDebt": 2928499968, "quickRatio": 0.985, "currentRatio": 1.445, "totalRevenue": 24626999296, "debtToEquity": 38.285, "revenuePerShare": 326.085, "returnOnAssets": 0.054770004, "returnOnEquity": 0.13129, "grossProfits": 8502600000, "freeCashflow": 1108826496, "operatingCashflow": 1693400064, "earningsGrowth": -0.926, "revenueGrowth": -0.172, "grossMargins": 0.34526002, "ebitdaMargins": 0.09486, "operatingMargins": 0.0551, "profitMargins": 0.03898, "financialCurrency": "INR"}}}