{"HUIL.BO": {"cashflowStatementHistory": {"cashflowStatements": [{"maxAge": 1, "endDate": "2020-03-31", "netIncome": -158115000, "depreciation": 258766000, "changeToNetincome": 150032000, "changeToAccountReceivables": 845293000, "changeToLiabilities": -709427000, "changeToInventory": -257948000, "changeToOperatingActivities": -27954000, "totalCashFromOperatingActivities": 124322000, "capitalExpenditures": -94601000, "investments": 243000, "otherCashflowsFromInvestingActivities": -29133000, "totalCashflowsFromInvestingActivities": -127183000, "dividendsPaid": -217000, "netBorrowings": 534434000, "otherCashflowsFromFinancingActivities": -474961000, "totalCashFromFinancingActivities": 59256000, "changeInCash": 56395000}, {"maxAge": 1, "endDate": "2019-03-31", "netIncome": -28172000, "depreciation": 155285000, "changeToNetincome": 237701000, "changeToAccountReceivables": -147780000, "changeToLiabilities": -32617000, "changeToInventory": -147716000, "changeToOperatingActivities": 125576000, "totalCashFromOperatingActivities": 170388000, "capitalExpenditures": -1245407000, "investments": 100949000, "otherCashflowsFromInvestingActivities": 63885000, "totalCashflowsFromInvestingActivities": -942656000, "dividendsPaid": -1465000, "netBorrowings": -650421000, "otherCashflowsFromFinancingActivities": -326452000, "totalCashFromFinancingActivities": 573559000, "changeInCash": -198709000, "issuanceOfStock": 600000000}, {"maxAge": 1, "endDate": "2018-03-31", "netIncome": -6262000, "depreciation": 162147000, "changeToNetincome": 250109000, "changeToAccountReceivables": 133027000, "changeToLiabilities": 352432000, "changeToInventory": -114404000, "changeToOperatingActivities": -70729000, "totalCashFromOperatingActivities": 713039000, "capitalExpenditures": -952370000, "investments": 202063000, "otherCashflowsFromInvestingActivities": 91724000, "totalCashflowsFromInvestingActivities": -619394000, "dividendsPaid": -1824000, "netBorrowings": 461710000, "otherCashflowsFromFinancingActivities": -350904000, "totalCashFromFinancingActivities": 108982000, "changeInCash": 202628000, "issuanceOfStock": 600000000}, {"maxAge": 1, "endDate": "2017-03-31", "netIncome": 20039605, "depreciation": 157634040, "changeToNetincome": 251611743, "changeToAccountReceivables": 223066320, "changeToLiabilities": -66752488, "changeToInventory": -28227795, "changeToOperatingActivities": 47670708, "totalCashFromOperatingActivities": 608983222, "capitalExpenditures": -275211692, "investments": 78796158, "otherCashflowsFromInvestingActivities": -26042933, "totalCashflowsFromInvestingActivities": -211868368, "dividendsPaid": -1745256, "netBorrowings": -48603065, "otherCashflowsFromFinancingActivities": -320947047, "totalCashFromFinancingActivities": -371295368, "changeInCash": 25819486, "issuanceOfStock": 600000000}], "maxAge": 86400}, "institutionOwnership": {"ownershipList": [], "maxAge": 1}, "balanceSheetHistoryQuarterly": {"balanceSheetStatements": [{"maxAge": 1, "endDate": "2020-06-30", "totalStockholderEquity": 3764269000, "netTangibleAssets": 3605708000}, {"maxAge": 1, "endDate": "2020-03-31", "cash": 102195000, "netReceivables": 1378637000, "inventory": 1120058000, "otherCurrentAssets": 442094000, "totalCurrentAssets": 3042984000, "longTermInvestments": 3000000, "propertyPlantEquipment": 3888616000, "intangibleAssets": 158561000, "otherAssets": 2220781000, "totalAssets": 9313942000, "accountsPayable": 810471000, "shortLongTermDebt": 131025000, "otherCurrentLiab": 181374000, "longTermDebt": 1509035000, "otherLiab": 669028000, "minorityInterest": 438423000, "totalCurrentLiabilities": 2446968000, "totalLiab": 4626413000, "commonStock": 14429000, "retainedEarnings": 3587555000, "treasuryStock": 162285000, "otherStockholderEquity": 162285000, "totalStockholderEquity": 3764269000, "netTangibleAssets": 3605708000}, {"maxAge": 1, "endDate": "2019-12-31", "totalStockholderEquity": 4360194000, "netTangibleAssets": 4189809000}, {"maxAge": 1, "endDate": "2019-09-30", "cash": 39674000, "netReceivables": 1511428000, "inventory": 1419941000, "otherCurrentAssets": 476134000, "totalCurrentAssets": 3447177000, "longTermInvestments": 30204000, "propertyPlantEquipment": 3993769000, "intangibleAssets": 170385000, "otherAssets": 2175383000, "totalAssets": 9816918000, "accountsPayable": 1112945000, "otherCurrentLiab": 274353000, "longTermDebt": 1526528000, "otherLiab": 762384000, "minorityInterest": 519361000, "totalCurrentLiabilities": 2648451000, "totalLiab": 4937363000, "commonStock": 14429000, "treasuryStock": 4345765000, "otherStockholderEquity": 4345765000, "totalStockholderEquity": 4360194000, "netTangibleAssets": 4189809000}], "maxAge": 86400}, "indexTrend": {"maxAge": 1, "symbol": "SP5", "peRatio": 19.7411, "pegRatio": 1.34172, "estimates": [{"period": "0q", "growth": 0.549}, {"period": "+1q", "growth": 0.431}, {"period": "0y", "growth": 0.305}, {"period": "+1y", "growth": 0.109}, {"period": "+5y", "growth": 0.120859005}, {"period": "-5y"}]}, "quoteType": {"exchange": "BSE", "quoteType": "EQUITY", "symbol": "HUIL.BO", "underlyingSymbol": "HUIL.BO", "shortName": "HINDUSTHAN URBAN INFRASTRUCTUR", "longName": "Hindusthan Urban Infrastructure Limited", "firstTradeDateEpochUtc": "2016-07-28 09:15:00", "timeZoneFullName": "Asia/Kolkata", "timeZoneShortName": "IST", "uuid": "671746a5-9e38-37ff-a0cf-b2d074fada50", "gmtOffSetMilliseconds": 19800000, "maxAge": 1}, "incomeStatementHistory": {"incomeStatementHistory": [{"maxAge": 1, "endDate": "2020-03-31", "totalRevenue": 5503285000, "costOfRevenue": 3666035000, "grossProfit": 1837250000, "researchDevelopment": {}, "sellingGeneralAdministrative": 315826000, "nonRecurring": {}, "otherOperatingExpenses": 1242571000, "totalOperatingExpenses": 5506873000, "operatingIncome": -3588000, "totalOtherIncomeExpenseNet": -394917000, "ebit": -3588000, "interestExpense": -411318000, "incomeBeforeTax": -398505000, "incomeTaxExpense": -88935000, "minorityInterest": 438423000, "netIncomeFromContinuingOps": -309570000, "discontinuedOperations": {}, "extraordinaryItems": {}, "effectOfAccountingCharges": {}, "otherItems": {}, "netIncome": -158115000, "netIncomeApplicableToCommonShares": -158115000}, {"maxAge": 1, "endDate": "2019-03-31", "totalRevenue": 7113813000, "costOfRevenue": 5237356000, "grossProfit": 1876457000, "researchDevelopment": {}, "sellingGeneralAdministrative": 264647000, "nonRecurring": {}, "otherOperatingExpenses": 1203348000, "totalOperatingExpenses": 6870332000, "operatingIncome": 243481000, "totalOtherIncomeExpenseNet": -223588000, "ebit": 243481000, "interestExpense": -290223000, "incomeBeforeTax": 19893000, "incomeTaxExpense": 58312000, "minorityInterest": 589750000, "netIncomeFromContinuingOps": -38419000, "discontinuedOperations": {}, "extraordinaryItems": {}, "effectOfAccountingCharges": {}, "otherItems": {}, "netIncome": -28172000, "netIncomeApplicableToCommonShares": -28172000}, {"maxAge": 1, "endDate": "2018-03-31", "totalRevenue": 6992287000, "costOfRevenue": 4803406000, "grossProfit": 2188881000, "researchDevelopment": {}, "sellingGeneralAdministrative": 332720000, "nonRecurring": {}, "otherOperatingExpenses": 1461479000, "totalOperatingExpenses": 6772931000, "operatingIncome": 219356000, "totalOtherIncomeExpenseNet": -261542000, "ebit": 219356000, "interestExpense": -331637000, "incomeBeforeTax": -42186000, "incomeTaxExpense": -35924000, "minorityInterest": 589750000, "netIncomeFromContinuingOps": -6262000, "discontinuedOperations": {}, "extraordinaryItems": {}, "effectOfAccountingCharges": {}, "otherItems": {}, "netIncome": -6262000, "netIncomeApplicableToCommonShares": -6262000}, {"maxAge": 1, "endDate": "2017-03-31", "totalRevenue": 6680034747, "costOfRevenue": 4539844555, "grossProfit": 2140190192, "researchDevelopment": {}, "sellingGeneralAdministrative": 317431631, "nonRecurring": {}, "otherOperatingExpenses": 1398947557, "totalOperatingExpenses": 6423454576, "operatingIncome": 256580171, "totalOtherIncomeExpenseNet": -278343168, "ebit": 256580171, "interestExpense": -324679724, "incomeBeforeTax": -21762997, "incomeTaxExpense": -41802602, "minorityInterest": 589750000, "netIncomeFromContinuingOps": 20039605, "discontinuedOperations": {}, "extraordinaryItems": {}, "effectOfAccountingCharges": {}, "otherItems": {}, "netIncome": 20039605, "netIncomeApplicableToCommonShares": 20039605}], "maxAge": 86400}, "fundOwnership": {"ownershipList": [], "maxAge": 1}, "summaryDetail": {"maxAge": 1, "priceHint": 2, "previousClose": 3248.15, "open": 3399.0, "dayLow": 3086.0, "dayHigh": 3399.0, "regularMarketPreviousClose": 3248.15, "regularMarketOpen": 3399.0, "regularMarketDayLow": 3086.0, "regularMarketDayHigh": 3399.0, "volume": 182, "regularMarketVolume": 182, "averageVolume": 556, "averageVolume10days": 687, "averageDailyVolume10Day": 687, "bid": 0.0, "ask": 3234.0, "bidSize": 0, "askSize": 0, "marketCap": 4552935424, "fiftyTwoWeekLow": 382.0, "fiftyTwoWeekHigh": 3399.0, "fiftyDayAverage": 1483.3197, "twoHundredDayAverage": 997.58344, "trailingAnnualDividendRate": 1.0, "trailingAnnualDividendYield": 0.00030786757, "currency": "INR", "fromCurrency": null, "lastMarket": null, "algorithm": null, "tradeable": false}, "incomeStatementHistoryQuarterly": {"incomeStatementHistory": [{"maxAge": 1, "endDate": "2020-06-30", "totalRevenue": 685473000, "costOfRevenue": 554471000, "grossProfit": 131002000, "researchDevelopment": {}, "sellingGeneralAdministrative": 57623000, "nonRecurring": {}, "otherOperatingExpenses": 91966000, "totalOperatingExpenses": 773501000, "operatingIncome": -88028000, "totalOtherIncomeExpenseNet": -90172000, "ebit": -88028000, "interestExpense": -93974000, "incomeBeforeTax": -178200000, "incomeTaxExpense": -36312000, "minorityInterest": {}, "netIncomeFromContinuingOps": -141888000, "discontinuedOperations": {}, "extraordinaryItems": {}, "effectOfAccountingCharges": {}, "otherItems": {}, "netIncome": -106229000, "netIncomeApplicableToCommonShares": -106229000}, {"maxAge": 1, "endDate": "2020-03-31", "totalRevenue": 1138197000, "costOfRevenue": 340652000, "grossProfit": 797545000, "researchDevelopment": {}, "sellingGeneralAdministrative": 77006000, "nonRecurring": {}, "otherOperatingExpenses": 706944000, "totalOperatingExpenses": 1195146000, "operatingIncome": -56949000, "totalOtherIncomeExpenseNet": -81600000, "ebit": -56949000, "interestExpense": -63059000, "incomeBeforeTax": -138549000, "incomeTaxExpense": -24114000, "minorityInterest": 438423000, "netIncomeFromContinuingOps": -114435000, "discontinuedOperations": {}, "extraordinaryItems": {}, "effectOfAccountingCharges": {}, "otherItems": {}, "netIncome": -75624000, "netIncomeApplicableToCommonShares": -75624000}, {"maxAge": 1, "endDate": "2019-12-31", "totalRevenue": 1135517000, "costOfRevenue": 846299000, "grossProfit": 289218000, "researchDevelopment": {}, "sellingGeneralAdministrative": 79164000, "nonRecurring": {}, "otherOperatingExpenses": 168564000, "totalOperatingExpenses": 1165201000, "operatingIncome": -29684000, "totalOtherIncomeExpenseNet": -102865000, "ebit": -29684000, "interestExpense": -110173000, "incomeBeforeTax": -132549000, "incomeTaxExpense": -65067000, "minorityInterest": 438423000, "netIncomeFromContinuingOps": -67482000, "discontinuedOperations": {}, "extraordinaryItems": {}, "effectOfAccountingCharges": {}, "otherItems": {}, "netIncome": -25184000, "netIncomeApplicableToCommonShares": -25184000}, {"maxAge": 1, "endDate": "2019-09-30", "totalRevenue": 1648367000, "costOfRevenue": 1269905000, "grossProfit": 378462000, "researchDevelopment": {}, "sellingGeneralAdministrative": 77350000, "nonRecurring": {}, "otherOperatingExpenses": 164099000, "totalOperatingExpenses": 1581726000, "operatingIncome": 66641000, "totalOtherIncomeExpenseNet": -118694000, "ebit": 66641000, "interestExpense": -118416000, "incomeBeforeTax": -52053000, "incomeTaxExpense": 10976000, "minorityInterest": 519361000, "netIncomeFromContinuingOps": -63029000, "discontinuedOperations": {}, "extraordinaryItems": {}, "effectOfAccountingCharges": {}, "otherItems": {}, "netIncome": -26490000, "netIncomeApplicableToCommonShares": -26490000}], "maxAge": 86400}, "cashflowStatementHistoryQuarterly": {"cashflowStatements": [{"maxAge": 1, "endDate": "2020-06-30", "netIncome": -106229000, "changeToLiabilities": 0}, {"maxAge": 1, "endDate": "2020-03-31", "netIncome": -75624000, "changeToLiabilities": 0}, {"maxAge": 1, "endDate": "2019-12-31", "netIncome": -25184000, "changeToLiabilities": 0}, {"maxAge": 1, "endDate": "2019-09-30", "netIncome": -26490000, "changeToLiabilities": 0}], "maxAge": 86400}, "insiderHolders": {"holders": [], "maxAge": 1}, "calendarEvents": {"maxAge": 1, "earnings": {"earningsDate": ["2020-11-14 05:30:S", "2020-11-15 05:30:S"]}}, "upgradeDowngradeHistory": {"history": [], "maxAge": 86400}, "price": {"maxAge": 1, "regularMarketChangePercent": -0.028539307, "regularMarketChange": -92.69995, "regularMarketTime": "2021-04-30 15:22:28", "priceHint": 2, "regularMarketPrice": 3155.45, "regularMarketDayHigh": 3399.0, "regularMarketDayLow": 3086.0, "regularMarketVolume": 182, "averageDailyVolume10Day": 687, "averageDailyVolume3Month": 556, "regularMarketPreviousClose": 3248.15, "regularMarketSource": "FREE_REALTIME", "regularMarketOpen": 3399.0, "exchange": "BSE", "exchangeName": "BSE", "exchangeDataDelayedBy": 0, "marketState": "CLOSED", "quoteType": "EQUITY", "symbol": "HUIL.BO", "underlyingSymbol": null, "shortName": "HINDUSTHAN URBAN INFRASTRUCTUR", "longName": "Hindusthan Urban Infrastructure Limited", "currency": "INR", "quoteSourceName": "Delayed Quote", "currencySymbol": "\u20b9", "fromCurrency": null, "lastMarket": null, "marketCap": 4552935424}, "balanceSheetHistory": {"balanceSheetStatements": [{"maxAge": 1, "endDate": "2020-03-31", "cash": 102195000, "netReceivables": 1378637000, "inventory": 1120058000, "otherCurrentAssets": 442094000, "totalCurrentAssets": 3042984000, "longTermInvestments": 3000000, "propertyPlantEquipment": 3888616000, "intangibleAssets": 158561000, "otherAssets": 2220781000, "totalAssets": 9313942000, "accountsPayable": 810471000, "shortLongTermDebt": 131025000, "otherCurrentLiab": 181374000, "longTermDebt": 1509035000, "otherLiab": 669028000, "minorityInterest": 438423000, "totalCurrentLiabilities": 2446968000, "totalLiab": 4626413000, "commonStock": 14429000, "retainedEarnings": 3587555000, "treasuryStock": 162285000, "otherStockholderEquity": 162285000, "totalStockholderEquity": 3764269000, "netTangibleAssets": 3605708000}, {"maxAge": 1, "endDate": "2019-03-31", "cash": 45800000, "netReceivables": 2401874000, "inventory": 862111000, "otherCurrentAssets": 412256000, "totalCurrentAssets": 3722041000, "longTermInvestments": 3000000, "propertyPlantEquipment": 4052790000, "intangibleAssets": 181947000, "otherAssets": 2177984000, "totalAssets": 10137762000, "accountsPayable": 1502159000, "shortLongTermDebt": 108278000, "otherCurrentLiab": 220105000, "longTermDebt": 1566543000, "otherLiab": 774120000, "minorityInterest": 589750000, "totalCurrentLiabilities": 2798731000, "totalLiab": 5139394000, "commonStock": 14429000, "retainedEarnings": 3897143000, "treasuryStock": 12209000, "otherStockholderEquity": 12209000, "totalStockholderEquity": 3923781000, "netTangibleAssets": 3741834000}, {"maxAge": 1, "endDate": "2018-03-31", "cash": 244509000, "netReceivables": 2080257000, "inventory": 714394000, "otherCurrentAssets": 548289000, "totalCurrentAssets": 3618378000, "longTermInvestments": 49132000, "propertyPlantEquipment": 3299539000, "intangibleAssets": 25811000, "otherAssets": 2168446000, "totalAssets": 9161306000, "accountsPayable": 1601989000, "shortLongTermDebt": 126270000, "otherCurrentLiab": 133141000, "longTermDebt": 1960574000, "otherLiab": 435559000, "deferredLongTermLiab": 375000, "totalCurrentLiabilities": 2764884000, "totalLiab": 5161017000, "commonStock": 14429000, "retainedEarnings": 3984445000, "treasuryStock": 1415000, "otherStockholderEquity": 1415000, "totalStockholderEquity": 4000289000, "netTangibleAssets": 3974478000}, {"maxAge": 1, "endDate": "2017-03-31", "cash": 41880794, "netReceivables": 2227786580, "inventory": 599990436, "otherCurrentAssets": 434512899, "totalCurrentAssets": 3304170709, "longTermInvestments": 234187587, "propertyPlantEquipment": 4629186383, "intangibleAssets": 30530568, "otherAssets": 265851528, "totalAssets": 8463926775, "accountsPayable": 1269347942, "shortLongTermDebt": 119226915, "otherCurrentLiab": 99452252, "longTermDebt": 1248684385, "otherLiab": 579067793, "deferredLongTermLiab": 562069, "totalCurrentLiabilities": 2640235216, "totalLiab": 4467987394, "commonStock": 14428850, "retainedEarnings": 3983492959, "treasuryStock": -1982428, "otherStockholderEquity": -1982428, "totalStockholderEquity": 3995939381, "netTangibleAssets": 3965408813}], "maxAge": 86400}, "financialData": {"maxAge": 86400, "currentPrice": 3155.45, "recommendationKey": "none", "grossProfits": 1837250000, "financialCurrency": "INR"}}}