{"ICEMAKE.NS": {"assetProfile": {"address1": "226, Dantali Industrial Estate", "address2": "On Gota-Vadsar Road Near Ahmedabad City Dantali, Taluka Kalol", "city": "Gandhinagar", "zip": "382721", "country": "India", "phone": "91 98 7910 7881", "website": "http://www.icemakeindia.com", "industry": "Specialty Industrial Machinery", "sector": "Industrials", "longBusinessSummary": "Ice Make Refrigeration Limited operates as a refrigeration equipment manufacturer in India and internationally. The company offers its products under the categories of cold rooms and storage, commercial refrigeration, industrial refrigeration, and transport refrigeration products under the Ice Make, Bharat, and Trans Freez brand names. It provides cold room products, including cold room storages, solar cold rooms, glass door display chillers, refrigeration systems, ripening chambers, and blast freezers and chillers. The company also offers commercial refrigeration products, such as curd incubation chamber, ice cream plant, bulk milk chiller, batch pasteurizer, ageing vat, ice candy production machine, ice cream hardener, mini blast freezer and chiller, mortuary chamber, heat pump food dehydrator, and commercial freezer. In addition, it provides industrial refrigeration products comprising water chilling plants, air chillers, and ice building tanks; and transport refrigeration products consisting of refrigerated vehicles/reefer vans, eutectic mobile containers, and dry insulated container, as well as glycol and water chillers. The company offers cooling solutions and accessories to various industries, including dairy, ice cream, food processing, agriculture, pharmaceuticals, cold chains, logistics, hospitals, hospitality, retail, and others. Ice Make Refrigeration Limited was founded in 1989 and is headquartered in Gandhinagar, India.", "fullTimeEmployees": 291, "companyOfficers": [{"maxAge": 1, "name": "Mr. Chandrakant Popatbhai Patel", "age": 52, "title": "Chairman & MD", "yearBorn": 1968, "fiscalYear": 2020, "totalPay": 2700000, "exercisedValue": 0, "unexercisedValue": 0}, {"maxAge": 1, "name": "Mr. Rajendra Popatbhai Patel", "age": 50, "title": "Joint MD & Director", "yearBorn": 1970, "fiscalYear": 2020, "totalPay": 2700000, "exercisedValue": 0, "unexercisedValue": 0}, {"maxAge": 1, "name": "Mr. Vipulbhai Ishwarbhai Patel", "age": 45, "title": "Joint MD & Director", "yearBorn": 1975, "fiscalYear": 2020, "totalPay": 2700000, "exercisedValue": 0, "unexercisedValue": 0}, {"maxAge": 1, "name": "Mr. Ankit  Patel", "age": 32, "title": "Chief Financial Officer", "yearBorn": 1988, "fiscalYear": 2020, "totalPay": 806000, "exercisedValue": 0, "unexercisedValue": 0}, {"maxAge": 1, "name": "Mr. Mandar  Desai", "age": 28, "title": "Company Sec. & Compliance Officer", "yearBorn": 1992, "fiscalYear": 2020, "totalPay": 360000, "exercisedValue": 0, "unexercisedValue": 0}, {"maxAge": 1, "name": "Mr. Hiren  Limbachiya", "title": "HR Head", "exercisedValue": 0, "unexercisedValue": 0}, {"maxAge": 1, "name": "Mr. Prabhu  Vanol", "title": "QA & QC Head", "exercisedValue": 0, "unexercisedValue": 0}], "compensationAsOfEpochDate": "2020-12-31 05:30:00", "maxAge": 86400}, "cashflowStatementHistory": {"cashflowStatements": [{"maxAge": 1, "endDate": "2020-03-31", "netIncome": 56969000, "depreciation": 34536000, "changeToNetincome": 11887000, "changeToAccountReceivables": -43689000, "changeToLiabilities": 20060000, "changeToInventory": -86798000, "changeToOperatingActivities": -2381000, "totalCashFromOperatingActivities": -9105000, "capitalExpenditures": -76821000, "investments": -733000, "otherCashflowsFromInvestingActivities": 3178000, "totalCashflowsFromInvestingActivities": -73994000, "dividendsPaid": -22672000, "netBorrowings": 102099000, "otherCashflowsFromFinancingActivities": -18069000, "totalCashFromFinancingActivities": 61358000, "changeInCash": -21741000}, {"maxAge": 1, "endDate": "2019-03-31", "netIncome": 74802000, "depreciation": 23901000, "changeToNetincome": 7015000, "changeToAccountReceivables": 3565000, "changeToLiabilities": 26791000, "changeToInventory": -42873000, "changeToOperatingActivities": -12232000, "totalCashFromOperatingActivities": 82025000, "capitalExpenditures": -112403000, "investments": 592000, "otherCashflowsFromInvestingActivities": -3518000, "totalCashflowsFromInvestingActivities": -114960000, "dividendsPaid": -18893000, "netBorrowings": -66946000, "otherCashflowsFromFinancingActivities": -12501000, "totalCashFromFinancingActivities": -98340000, "changeInCash": -131275000}, {"maxAge": 1, "endDate": "2018-03-31", "netIncome": 66346000, "depreciation": 15937000, "changeToNetincome": 5960000, "changeToAccountReceivables": -60515000, "changeToLiabilities": 12996000, "changeToInventory": -73707000, "changeToOperatingActivities": 12032000, "totalCashFromOperatingActivities": -20290000, "capitalExpenditures": -49994000, "investments": 9283000, "otherCashflowsFromInvestingActivities": 2472000, "totalCashflowsFromInvestingActivities": -37424000, "dividendsPaid": -18893000, "netBorrowings": -44888000, "otherCashflowsFromFinancingActivities": -28986000, "totalCashFromFinancingActivities": 163246000, "changeInCash": 105532000, "issuanceOfStock": 237120000}, {"maxAge": 1, "endDate": "2017-03-31", "netIncome": 50001000, "depreciation": 15907000, "changeToNetincome": -1264000, "changeToAccountReceivables": -31703000, "changeToLiabilities": 72338000, "changeToInventory": -71620000, "changeToOperatingActivities": 40799000, "totalCashFromOperatingActivities": 74968000, "capitalExpenditures": -38474000, "investments": -1039000, "otherCashflowsFromInvestingActivities": 818000, "totalCashflowsFromInvestingActivities": -38505000, "dividendsPaid": -18893000, "netBorrowings": 8944000, "otherCashflowsFromFinancingActivities": -12746000, "totalCashFromFinancingActivities": -3802000, "changeInCash": 32661000, "issuanceOfStock": 237120000}], "maxAge": 86400}, "institutionOwnership": {"maxAge": 1, "ownershipList": []}, "majorHoldersBreakdown": {"maxAge": 1}, "balanceSheetHistoryQuarterly": {"balanceSheetStatements": [{"maxAge": 1, "endDate": "2020-12-31", "totalStockholderEquity": 534058000, "netTangibleAssets": 518643000}, {"maxAge": 1, "endDate": "2020-09-30", "cash": 13793000, "shortTermInvestments": 13136000, "netReceivables": 264539000, "inventory": 360331000, "otherCurrentAssets": 51316000, "totalCurrentAssets": 703115000, "longTermInvestments": 2972000, "propertyPlantEquipment": 266338000, "goodWill": 15162000, "intangibleAssets": 253000, "otherAssets": 46095000, "deferredLongTermAssetCharges": 11816000, "totalAssets": 1033935000, "accountsPayable": 191042000, "otherCurrentLiab": 139001000, "longTermDebt": 33252000, "otherLiab": 512000, "totalCurrentLiabilities": 447650000, "totalLiab": 499877000, "commonStock": 156720000, "treasuryStock": 377338000, "otherStockholderEquity": 377338000, "totalStockholderEquity": 534058000, "netTangibleAssets": 518643000}, {"maxAge": 1, "endDate": "2020-06-30", "totalStockholderEquity": 535558000, "netTangibleAssets": 520088000}, {"maxAge": 1, "endDate": "2019-12-31"}], "maxAge": 86400}, "indexTrend": {"maxAge": 1, "symbol": "SP5", "peRatio": 19.7411, "pegRatio": 1.34172, "estimates": [{"period": "0q", "growth": 0.549}, {"period": "+1q", "growth": 0.431}, {"period": "0y", "growth": 0.305}, {"period": "+1y", "growth": 0.109}, {"period": "+5y", "growth": 0.120865}, {"period": "-5y"}]}, "defaultKeyStatistics": {"maxAge": 1, "priceHint": 2, "enterpriseValue": 1221357696, "profitMargins": 0.03908, "floatShares": 3088080, "sharesOutstanding": 15672000, "beta": 0.87521, "category": null, "bookValue": 33.944, "priceToBook": 2.0165565, "fundFamily": null, "legalType": null, "lastFiscalYearEnd": "2020-03-31 05:30:00", "nextFiscalYearEnd": "2022-03-31 05:30:00", "mostRecentQuarter": "2020-12-31 05:30:00", "earningsQuarterlyGrowth": -0.839, "netIncomeToCommon": 48206000, "trailingEps": 3.063, "lastSplitFactor": null, "enterpriseToRevenue": 0.99, "enterpriseToEbitda": 10.115, "52WeekChange": 0.5361111, "SandP52WeekChange": 0.48148263, "lastDividendValue": 1.2, "lastDividendDate": 1600300800}, "summaryProfile": {"address1": "226, Dantali Industrial Estate", "address2": "On Gota-Vadsar Road Near Ahmedabad City Dantali, Taluka Kalol", "city": "Gandhinagar", "zip": "382721", "country": "India", "phone": "91 98 7910 7881", "website": "http://www.icemakeindia.com", "industry": "Specialty Industrial Machinery", "sector": "Industrials", "longBusinessSummary": "Ice Make Refrigeration Limited operates as a refrigeration equipment manufacturer in India and internationally. The company offers its products under the categories of cold rooms and storage, commercial refrigeration, industrial refrigeration, and transport refrigeration products under the Ice Make, Bharat, and Trans Freez brand names. It provides cold room products, including cold room storages, solar cold rooms, glass door display chillers, refrigeration systems, ripening chambers, and blast freezers and chillers. The company also offers commercial refrigeration products, such as curd incubation chamber, ice cream plant, bulk milk chiller, batch pasteurizer, ageing vat, ice candy production machine, ice cream hardener, mini blast freezer and chiller, mortuary chamber, heat pump food dehydrator, and commercial freezer. In addition, it provides industrial refrigeration products comprising water chilling plants, air chillers, and ice building tanks; and transport refrigeration products consisting of refrigerated vehicles/reefer vans, eutectic mobile containers, and dry insulated container, as well as glycol and water chillers. The company offers cooling solutions and accessories to various industries, including dairy, ice cream, food processing, agriculture, pharmaceuticals, cold chains, logistics, hospitals, hospitality, retail, and others. Ice Make Refrigeration Limited was founded in 1989 and is headquartered in Gandhinagar, India.", "fullTimeEmployees": 291, "companyOfficers": [], "maxAge": 86400}, "netSharePurchaseActivity": {"maxAge": 1, "period": "6m", "buyInfoCount": 0, "buyInfoShares": 0, "sellInfoCount": 0, "netInfoCount": 0, "netInfoShares": 0, "totalInsiderShares": 0}, "quoteType": {"exchange": "NSI", "quoteType": "EQUITY", "symbol": "ICEMAKE.NS", "underlyingSymbol": "ICEMAKE.NS", "shortName": "Ice Make Refrigerat Ltd", "longName": "Ice Make Refrigeration Limited", "firstTradeDateEpochUtc": "2017-12-08 09:15:00", "timeZoneFullName": "Asia/Kolkata", "timeZoneShortName": "IST", "uuid": "0ddb7919-9db2-3371-968b-84b70a53e336", "messageBoardId": "finmb_540751692", "gmtOffSetMilliseconds": 19800000, "maxAge": 1}, "incomeStatementHistory": {"incomeStatementHistory": [{"maxAge": 1, "endDate": "2020-03-31", "totalRevenue": 1376534000, "costOfRevenue": 880492000, "grossProfit": 496042000, "researchDevelopment": {}, "sellingGeneralAdministrative": 122237000, "nonRecurring": {}, "otherOperatingExpenses": 246860000, "totalOperatingExpenses": 1284436000, "operatingIncome": 92098000, "totalOtherIncomeExpenseNet": -14675000, "ebit": 92098000, "interestExpense": -17945000, "incomeBeforeTax": 77423000, "incomeTaxExpense": 20454000, "minorityInterest": {}, "netIncomeFromContinuingOps": 56969000, "discontinuedOperations": {}, "extraordinaryItems": {}, "effectOfAccountingCharges": {}, "otherItems": {}, "netIncome": 56969000, "netIncomeApplicableToCommonShares": 56969000}, {"maxAge": 1, "endDate": "2019-03-31", "totalRevenue": 1316322000, "costOfRevenue": 873028000, "grossProfit": 443294000, "researchDevelopment": {}, "sellingGeneralAdministrative": 109692000, "nonRecurring": {}, "otherOperatingExpenses": 194988000, "totalOperatingExpenses": 1202665000, "operatingIncome": 113657000, "totalOtherIncomeExpenseNet": -8158000, "ebit": 113657000, "interestExpense": -10532000, "incomeBeforeTax": 105499000, "incomeTaxExpense": 30697000, "minorityInterest": {}, "netIncomeFromContinuingOps": 74802000, "discontinuedOperations": {}, "extraordinaryItems": {}, "effectOfAccountingCharges": {}, "otherItems": {}, "netIncome": 74802000, "netIncomeApplicableToCommonShares": 74802000}, {"maxAge": 1, "endDate": "2018-03-31", "totalRevenue": 1027667000, "costOfRevenue": 665441000, "grossProfit": 362226000, "researchDevelopment": {}, "sellingGeneralAdministrative": 90068000, "nonRecurring": {}, "otherOperatingExpenses": 142606000, "totalOperatingExpenses": 914713000, "operatingIncome": 112954000, "totalOtherIncomeExpenseNet": -15450000, "ebit": 112954000, "interestExpense": -16231000, "incomeBeforeTax": 97504000, "incomeTaxExpense": 31158000, "minorityInterest": {}, "netIncomeFromContinuingOps": 66346000, "discontinuedOperations": {}, "extraordinaryItems": {}, "effectOfAccountingCharges": {}, "otherItems": {}, "netIncome": 66346000, "netIncomeApplicableToCommonShares": 66346000}, {"maxAge": 1, "endDate": "2017-03-31", "totalRevenue": 879117000, "costOfRevenue": 551296000, "grossProfit": 327821000, "researchDevelopment": {}, "sellingGeneralAdministrative": 72710000, "nonRecurring": {}, "otherOperatingExpenses": 152571000, "totalOperatingExpenses": 792994000, "operatingIncome": 86123000, "totalOtherIncomeExpenseNet": -12156000, "ebit": 86123000, "interestExpense": -11620000, "incomeBeforeTax": 73967000, "incomeTaxExpense": 23966000, "minorityInterest": {}, "netIncomeFromContinuingOps": 50001000, "discontinuedOperations": {}, "extraordinaryItems": {}, "effectOfAccountingCharges": {}, "otherItems": {}, "netIncome": 50001000, "netIncomeApplicableToCommonShares": 50001000}], "maxAge": 86400}, "fundOwnership": {"maxAge": 1, "ownershipList": []}, "summaryDetail": {"maxAge": 1, "priceHint": 2, "previousClose": 69.5, "open": 71.85, "dayLow": 66.25, "dayHigh": 71.85, "regularMarketPreviousClose": 69.5, "regularMarketOpen": 71.85, "regularMarketDayLow": 66.25, "regularMarketDayHigh": 71.85, "dividendRate": 1.2, "dividendYield": 0.0217, "exDividendDate": "2020-09-17 05:30:00", "payoutRatio": 0.3343, "beta": 0.87521, "trailingPE": 22.347372, "volume": 11412, "regularMarketVolume": 11412, "averageVolume": 0, "averageVolume10days": 0, "averageDailyVolume10Day": 0, "bid": 0.0, "ask": 0.0, "marketCap": 1072748352, "fiftyTwoWeekLow": 33.05, "fiftyTwoWeekHigh": 71.85, "priceToSalesTrailing12Months": 0.8696207, "fiftyDayAverage": 55.3, "twoHundredDayAverage": 55.3, "trailingAnnualDividendRate": 1.2, "trailingAnnualDividendYield": 0.017266188, "currency": "INR", "fromCurrency": null, "toCurrency": null, "lastMarket": null, "algorithm": null, "tradeable": false}, "incomeStatementHistoryQuarterly": {"incomeStatementHistory": [{"maxAge": 1, "endDate": "2020-12-31", "totalRevenue": 333596000, "costOfRevenue": 225559000, "grossProfit": 108037000, "researchDevelopment": {}, "sellingGeneralAdministrative": 27283000, "nonRecurring": {}, "otherOperatingExpenses": 62027000, "totalOperatingExpenses": 325720000, "operatingIncome": 7876000, "totalOtherIncomeExpenseNet": -3163000, "ebit": 7876000, "interestExpense": -6158000, "incomeBeforeTax": 4713000, "incomeTaxExpense": 3166000, "minorityInterest": {}, "netIncomeFromContinuingOps": 1547000, "discontinuedOperations": {}, "extraordinaryItems": {}, "effectOfAccountingCharges": {}, "otherItems": {}, "netIncome": 1547000, "netIncomeApplicableToCommonShares": 1547000}, {"maxAge": 1, "endDate": "2020-09-30", "totalRevenue": 305990000, "costOfRevenue": 199111000, "grossProfit": 106879000, "researchDevelopment": {}, "sellingGeneralAdministrative": 29089000, "nonRecurring": {}, "otherOperatingExpenses": 42490000, "totalOperatingExpenses": 281270000, "operatingIncome": 24720000, "totalOtherIncomeExpenseNet": -4146000, "ebit": 24720000, "interestExpense": -5059000, "incomeBeforeTax": 20574000, "incomeTaxExpense": 2166000, "minorityInterest": {}, "netIncomeFromContinuingOps": 18408000, "discontinuedOperations": {}, "extraordinaryItems": {}, "effectOfAccountingCharges": {}, "otherItems": {}, "netIncome": 18408000, "netIncomeApplicableToCommonShares": 18408000}, {"maxAge": 1, "endDate": "2020-06-30", "totalRevenue": 237458500, "costOfRevenue": 160784500, "grossProfit": 76674000, "researchDevelopment": {}, "sellingGeneralAdministrative": 24310000, "nonRecurring": {}, "otherOperatingExpenses": 35125000, "totalOperatingExpenses": 230787000, "operatingIncome": 6671500, "totalOtherIncomeExpenseNet": -3614500, "ebit": 6671500, "interestExpense": -4861000, "incomeBeforeTax": 3057000, "incomeTaxExpense": 671500, "minorityInterest": {}, "netIncomeFromContinuingOps": 2385500, "discontinuedOperations": {}, "extraordinaryItems": {}, "effectOfAccountingCharges": {}, "otherItems": {}, "netIncome": 2385500, "netIncomeApplicableToCommonShares": 2385500}, {"maxAge": 1, "endDate": "2019-12-31", "totalRevenue": 376941000, "costOfRevenue": 251672000, "grossProfit": 125269000, "researchDevelopment": {}, "sellingGeneralAdministrative": 29362000, "nonRecurring": {}, "otherOperatingExpenses": 65993000, "totalOperatingExpenses": 359288000, "operatingIncome": 17653000, "totalOtherIncomeExpenseNet": -5253000, "ebit": 17653000, "interestExpense": -6531000, "incomeBeforeTax": 12400000, "incomeTaxExpense": 2776000, "minorityInterest": {}, "netIncomeFromContinuingOps": 9624000, "discontinuedOperations": {}, "extraordinaryItems": {}, "effectOfAccountingCharges": {}, "otherItems": {}, "netIncome": 9624000, "netIncomeApplicableToCommonShares": 9624000}], "maxAge": 86400}, "cashflowStatementHistoryQuarterly": {"cashflowStatements": [{"maxAge": 1, "endDate": "2020-12-31", "netIncome": 1547000, "changeToLiabilities": 0}, {"maxAge": 1, "endDate": "2020-09-30", "netIncome": 18408000, "depreciation": 10567500, "changeToNetincome": 4750000, "changeToAccountReceivables": -13149000, "changeToLiabilities": -8304000, "changeToInventory": 7309500, "totalCashFromOperatingActivities": 3559500, "capitalExpenditures": -359500, "otherCashflowsFromInvestingActivities": 838000, "totalCashflowsFromInvestingActivities": 478500, "dividendsPaid": -6000, "netBorrowings": -699000, "otherCashflowsFromFinancingActivities": -4861000, "totalCashFromFinancingActivities": -5566000, "changeInCash": -1528500}, {"maxAge": 1, "endDate": "2020-06-30", "netIncome": 2385500, "depreciation": 10567500, "changeToNetincome": 4750000, "changeToAccountReceivables": -13149000, "changeToLiabilities": -8304000, "changeToInventory": 7309500, "totalCashFromOperatingActivities": 3559500, "capitalExpenditures": -359500, "otherCashflowsFromInvestingActivities": 838000, "totalCashflowsFromInvestingActivities": 478500, "dividendsPaid": -6000, "netBorrowings": -699000, "otherCashflowsFromFinancingActivities": -4861000, "totalCashFromFinancingActivities": -5566000, "changeInCash": -1528500}, {"maxAge": 1, "endDate": "2019-12-31", "netIncome": 9624000, "depreciation": 10567500, "changeToNetincome": 4750000, "changeToAccountReceivables": -13149000, "changeToLiabilities": 0, "changeToInventory": 7309500, "totalCashFromOperatingActivities": 3559500, "capitalExpenditures": -359500, "otherCashflowsFromInvestingActivities": 838000, "totalCashflowsFromInvestingActivities": 478500, "dividendsPaid": -6000, "netBorrowings": -699000, "otherCashflowsFromFinancingActivities": -4861000, "totalCashFromFinancingActivities": -5566000, "changeInCash": -1528500}], "maxAge": 86400}, "insiderHolders": {"holders": [], "maxAge": 1}, "calendarEvents": {"maxAge": 1, "earnings": {"earningsDate": []}, "exDividendDate": "2020-09-17 05:30:00"}, "price": {"maxAge": 1, "regularMarketChangePercent": -0.015107957, "regularMarketChange": -1.050003, "regularMarketTime": "2021-04-30 15:29:57", "priceHint": 2, "regularMarketPrice": 68.45, "regularMarketDayHigh": 71.85, "regularMarketDayLow": 66.25, "regularMarketVolume": 11412, "averageDailyVolume10Day": 0, "averageDailyVolume3Month": 0, "regularMarketPreviousClose": 69.5, "regularMarketSource": "FREE_REALTIME", "regularMarketOpen": 71.85, "exchange": "NSI", "exchangeName": "NSE", "exchangeDataDelayedBy": 15, "marketState": "CLOSED", "quoteType": "EQUITY", "symbol": "ICEMAKE.NS", "underlyingSymbol": null, "shortName": "Ice Make Refrigerat Ltd", "longName": "Ice Make Refrigeration Limited", "currency": "INR", "quoteSourceName": "Delayed Quote", "currencySymbol": "\u20b9", "fromCurrency": null, "toCurrency": null, "lastMarket": null, "marketCap": 1072748352}, "balanceSheetHistory": {"balanceSheetStatements": [{"maxAge": 1, "endDate": "2020-03-31", "cash": 18313000, "shortTermInvestments": 1203000, "netReceivables": 271692000, "inventory": 374951000, "otherCurrentAssets": 28641000, "totalCurrentAssets": 696371000, "propertyPlantEquipment": 252747000, "goodWill": 15162000, "intangibleAssets": 308000, "otherAssets": 48727000, "deferredLongTermAssetCharges": 9179000, "totalAssets": 1013315000, "accountsPayable": 222099000, "shortLongTermDebt": 4722000, "otherCurrentLiab": 115287000, "longTermDebt": 35001000, "otherLiab": 511000, "totalCurrentLiabilities": 442245000, "totalLiab": 477757000, "commonStock": 156720000, "retainedEarnings": 195047000, "treasuryStock": 599000, "capitalSurplus": 183192000, "otherStockholderEquity": 599000, "totalStockholderEquity": 535558000, "netTangibleAssets": 520088000}, {"maxAge": 1, "endDate": "2019-03-31", "cash": 40054000, "shortTermInvestments": 487000, "netReceivables": 224806000, "inventory": 288153000, "otherCurrentAssets": 32690000, "totalCurrentAssets": 587452000, "propertyPlantEquipment": 210667000, "goodWill": 15162000, "intangibleAssets": 599000, "otherAssets": 13842000, "deferredLongTermAssetCharges": 3604000, "totalAssets": 827722000, "accountsPayable": 200589000, "shortLongTermDebt": 398000, "otherCurrentLiab": 89954000, "longTermDebt": 12189000, "otherLiab": 553000, "totalCurrentLiabilities": 314268000, "totalLiab": 327010000, "commonStock": 156720000, "retainedEarnings": 160751000, "treasuryStock": 49000, "capitalSurplus": 183192000, "otherStockholderEquity": 49000, "totalStockholderEquity": 500712000, "netTangibleAssets": 484951000}, {"maxAge": 1, "endDate": "2018-03-31", "cash": 172426000, "netReceivables": 227318000, "inventory": 245279000, "otherCurrentAssets": 19559000, "totalCurrentAssets": 665181000, "propertyPlantEquipment": 122729000, "goodWill": 15162000, "intangibleAssets": 1025000, "otherAssets": 10511000, "deferredLongTermAssetCharges": 3421000, "totalAssets": 814608000, "accountsPayable": 169811000, "shortLongTermDebt": 559000, "otherCurrentLiab": 95282000, "longTermDebt": 22838000, "otherLiab": 402000, "deferredLongTermLiab": 403000, "totalCurrentLiabilities": 345411000, "totalLiab": 368651000, "commonStock": 156720000, "retainedEarnings": 104842000, "capitalSurplus": 184395000, "totalStockholderEquity": 445957000, "netTangibleAssets": 429770000}, {"maxAge": 1, "endDate": "2017-03-31", "cash": 76177000, "netReceivables": 166050000, "inventory": 171573000, "otherCurrentAssets": 23829000, "totalCurrentAssets": 437995000, "propertyPlantEquipment": 92663000, "goodWill": 15162000, "intangibleAssets": 340000, "otherAssets": 5793000, "deferredLongTermAssetCharges": 1494000, "totalAssets": 551953000, "accountsPayable": 164454000, "shortLongTermDebt": 6701000, "otherCurrentLiab": 76101000, "longTermDebt": 56280000, "otherLiab": 50000, "deferredLongTermLiab": 806000, "totalCurrentLiabilities": 339888000, "totalLiab": 396218000, "commonStock": 71950000, "retainedEarnings": 83785000, "totalStockholderEquity": 155735000, "netTangibleAssets": 140233000}], "maxAge": 86400}, "financialData": {"maxAge": 86400, "currentPrice": 68.45, "recommendationKey": "none", "totalCash": 26929000, "totalCashPerShare": 1.705, "ebitda": 120750496, "totalDebt": 167119008, "totalRevenue": 1233581952, "debtToEquity": 31.292, "revenuePerShare": 78.391, "grossProfits": 496042000, "earningsGrowth": -0.839, "revenueGrowth": -0.115, "grossMargins": 0.35074002, "ebitdaMargins": 0.09789, "operatingMargins": 0.06455, "profitMargins": 0.03908, "financialCurrency": "INR"}}}