{"ICIL.BO": {"recommendationTrend": {"trend": [{"period": "0m", "strongBuy": 0, "buy": 0, "hold": 0, "sell": 0, "strongSell": 0}, {"period": "-1m", "strongBuy": 0, "buy": 0, "hold": 0, "sell": 0, "strongSell": 0}, {"period": "-2m", "strongBuy": 0, "buy": 0, "hold": 0, "sell": 0, "strongSell": 0}, {"period": "-3m", "strongBuy": 0, "buy": 0, "hold": 0, "sell": 0, "strongSell": 0}], "maxAge": 86400}, "cashflowStatementHistory": {"cashflowStatements": [{"maxAge": 1, "endDate": "2020-03-31", "netIncome": 737800000, "depreciation": 428642000, "changeToNetincome": -698243000, "changeToAccountReceivables": 129681000, "changeToLiabilities": -147466000, "changeToInventory": 69905000, "changeToOperatingActivities": 871328000, "totalCashFromOperatingActivities": 1397627000, "capitalExpenditures": -331232000, "investments": 459899000, "otherCashflowsFromInvestingActivities": 31867000, "totalCashflowsFromInvestingActivities": 160589000, "dividendsPaid": -118439000, "netBorrowings": 144643000, "otherCashflowsFromFinancingActivities": -422045000, "totalCashFromFinancingActivities": -395841000, "changeInCash": 1162375000}, {"maxAge": 1, "endDate": "2019-03-31", "netIncome": 602409000, "depreciation": 352720000, "changeToNetincome": -152334000, "changeToAccountReceivables": 319086000, "changeToLiabilities": -476184000, "changeToInventory": 598298000, "changeToOperatingActivities": 901065000, "totalCashFromOperatingActivities": 2145060000, "capitalExpenditures": -597256000, "investments": -461274000, "otherCashflowsFromInvestingActivities": 37686000, "totalCashflowsFromInvestingActivities": -1012937000, "dividendsPaid": -78961000, "netBorrowings": -567340000, "otherCashflowsFromFinancingActivities": -410290000, "totalCashFromFinancingActivities": -1056591000, "changeInCash": 75532000}, {"maxAge": 1, "endDate": "2018-03-31", "netIncome": 1260389000, "depreciation": 330562000, "changeToNetincome": 465198000, "changeToAccountReceivables": 240188000, "changeToLiabilities": 572886000, "changeToInventory": -1186245000, "changeToOperatingActivities": -1259805000, "totalCashFromOperatingActivities": 423173000, "capitalExpenditures": -561629000, "investments": -997000, "otherCashflowsFromInvestingActivities": 33278000, "totalCashflowsFromInvestingActivities": -523333000, "dividendsPaid": -157922000, "netBorrowings": 675793000, "otherCashflowsFromFinancingActivities": -351163000, "totalCashFromFinancingActivities": 166708000, "changeInCash": 66548000}, {"maxAge": 1, "endDate": "2017-03-31", "netIncome": 2322388000, "depreciation": 331294000, "changeToNetincome": 700795000, "changeToAccountReceivables": -681530000, "changeToLiabilities": 41359000, "changeToInventory": -155132000, "changeToOperatingActivities": -399936000, "totalCashFromOperatingActivities": 2159238000, "capitalExpenditures": -874218000, "investments": -17000, "otherCashflowsFromInvestingActivities": 69459000, "totalCashflowsFromInvestingActivities": -781926000, "dividendsPaid": -118440000, "netBorrowings": -901181000, "otherCashflowsFromFinancingActivities": -457105000, "totalCashFromFinancingActivities": -1476726000, "changeInCash": -99414000}], "maxAge": 86400}, "institutionOwnership": {"ownershipList": [], "maxAge": 1}, "balanceSheetHistoryQuarterly": {"balanceSheetStatements": [{"maxAge": 1, "endDate": "2020-06-30", "totalStockholderEquity": 9860180000, "netTangibleAssets": 9833918000}, {"maxAge": 1, "endDate": "2020-03-31", "cash": 1393590000, "shortTermInvestments": 43293000, "netReceivables": 3294187000, "inventory": 5237162000, "otherCurrentAssets": 1079476000, "totalCurrentAssets": 11048662000, "propertyPlantEquipment": 5778347000, "intangibleAssets": 26262000, "otherAssets": 103949000, "totalAssets": 16957220000, "accountsPayable": 1291982000, "shortLongTermDebt": 199096000, "otherCurrentLiab": 1417067000, "longTermDebt": 360972000, "otherLiab": 719165000, "minorityInterest": 69440000, "totalCurrentLiabilities": 5888591000, "totalLiab": 7027600000, "commonStock": 394799000, "retainedEarnings": 9260773000, "treasuryStock": 39236000, "capitalSurplus": 165372000, "otherStockholderEquity": 39236000, "totalStockholderEquity": 9860180000, "netTangibleAssets": 9833918000}, {"maxAge": 1, "endDate": "2019-12-31", "totalStockholderEquity": 9864900000, "netTangibleAssets": 9703300000}, {"maxAge": 1, "endDate": "2019-09-30", "cash": 1210500000, "shortTermInvestments": 202400000, "netReceivables": 2832500000, "inventory": 6019900000, "otherCurrentAssets": 2070600000, "totalCurrentAssets": 12335900000, "propertyPlantEquipment": 5779400000, "intangibleAssets": 161600000, "otherAssets": 114100000, "totalAssets": 18391000000, "accountsPayable": 1485100000, "otherCurrentLiab": 875100000, "longTermDebt": 443100000, "otherLiab": 907800000, "minorityInterest": 66400000, "totalCurrentLiabilities": 7108800000, "totalLiab": 8459700000, "commonStock": 394800000, "treasuryStock": 9470100000, "otherStockholderEquity": 9470100000, "totalStockholderEquity": 9864900000, "netTangibleAssets": 9703300000}], "maxAge": 86400}, "earningsHistory": {"history": [{"maxAge": 1, "epsActual": 1.84, "epsEstimate": 2.3, "epsDifference": -0.46, "surprisePercent": -0.2, "quarter": "2017-12-31", "period": "-4q"}, {"maxAge": 1, "epsActual": 1.36, "epsEstimate": 1.9, "epsDifference": -0.54, "surprisePercent": -0.284, "quarter": "2018-03-31", "period": "-3q"}, {"maxAge": 1, "epsActual": 1.46, "epsEstimate": 1.9, "epsDifference": -0.44, "surprisePercent": -0.23200001, "quarter": "2018-06-30", "period": "-2q"}, {"maxAge": 1, "epsActual": 1.1, "epsEstimate": 1.7, "epsDifference": -0.6, "surprisePercent": -0.353, "quarter": "2018-09-30", "period": "-1q"}], "maxAge": 86400}, "indexTrend": {"maxAge": 1, "symbol": "SP5", "peRatio": 19.7411, "pegRatio": 1.34172, "estimates": [{"period": "0q", "growth": 0.549}, {"period": "+1q", "growth": 0.431}, {"period": "0y", "growth": 0.305}, {"period": "+1y", "growth": 0.109}, {"period": "+5y", "growth": 0.120865}, {"period": "-5y"}]}, "industryTrend": {"maxAge": 1, "symbol": null, "estimates": []}, "insiderTransactions": {"transactions": [{"maxAge": 1, "shares": 7245460, "filerUrl": "", "transactionText": "", "filerName": "ELM Park Fund Ltd", "filerRelation": "Institution- Corporation", "moneyText": "", "startDate": "2020-10-05", "ownership": "D"}, {"maxAge": 1, "shares": 10000, "value": 8562, "filerUrl": "", "transactionText": "Acquisition at price 0.86 per share.", "filerName": "Garg (Radha Devendra Pal)", "filerRelation": "UNREPORTED", "moneyText": "", "startDate": "2020-08-17", "ownership": "D"}, {"maxAge": 1, "shares": 10000, "value": 8701, "filerUrl": "", "transactionText": "Acquisition at price 0.87 per share.", "filerName": "Garg (Radha Devendra Pal)", "filerRelation": "UNREPORTED", "moneyText": "", "startDate": "2020-08-13", "ownership": "D"}, {"maxAge": 1, "shares": 308325, "filerUrl": "", "transactionText": "", "filerName": "Slab Properties Pvt Ltd", "filerRelation": "Promoter", "moneyText": "", "startDate": "2017-03-31", "ownership": "D"}, {"maxAge": 1, "shares": 3000, "filerUrl": "", "transactionText": "", "filerName": "Indocount Finance Ltd", "filerRelation": "Promoter", "moneyText": "", "startDate": "2016-09-27", "ownership": "D"}, {"maxAge": 1, "shares": 937500, "filerUrl": "", "transactionText": "", "filerName": "Indocount Securities Ltd", "filerRelation": "Promoter", "moneyText": "", "startDate": "2014-04-12", "ownership": "D"}, {"maxAge": 1, "shares": 861159, "filerUrl": "", "transactionText": "", "filerName": "ELM Park Fund Ltd", "filerRelation": "Investment Management Company", "moneyText": "", "startDate": "2012-10-05", "ownership": "D"}, {"maxAge": 1, "shares": 200000, "filerUrl": "", "transactionText": "", "filerName": "ELM Park Fund Ltd", "filerRelation": "Investment Management Company", "moneyText": "", "startDate": "2012-08-30", "ownership": "D"}, {"maxAge": 1, "shares": 107400, "filerUrl": "", "transactionText": "", "filerName": "Daivi Ventures", "filerRelation": "Institution- Corporation", "moneyText": "", "startDate": "2010-07-06", "ownership": "D"}, {"maxAge": 1, "shares": 2260, "filerUrl": "", "transactionText": "", "filerName": "Daivi Ventures", "filerRelation": "Institution- Corporation", "moneyText": "", "startDate": "2010-07-06", "ownership": "D"}, {"maxAge": 1, "shares": 130000, "filerUrl": "", "transactionText": "", "filerName": "Daivi Ventures", "filerRelation": "Institution- Corporation", "moneyText": "", "startDate": "2010-07-05", "ownership": "D"}, {"maxAge": 1, "shares": 135000, "filerUrl": "", "transactionText": "", "filerName": "Daivi Ventures", "filerRelation": "Institution- Corporation", "moneyText": "", "startDate": "2010-07-05", "ownership": "D"}, {"maxAge": 1, "shares": 130000, "filerUrl": "", "transactionText": "", "filerName": "Daivi Ventures", "filerRelation": "Institution- Corporation", "moneyText": "", "startDate": "2010-07-02", "ownership": "D"}, {"maxAge": 1, "shares": 77396, "filerUrl": "", "transactionText": "", "filerName": "Daivi Ventures", "filerRelation": "Institution- Corporation", "moneyText": "", "startDate": "2010-07-01", "ownership": "D"}, {"maxAge": 1, "shares": 120000, "filerUrl": "", "transactionText": "", "filerName": "Daivi Ventures", "filerRelation": "Institution- Corporation", "moneyText": "", "startDate": "2010-06-30", "ownership": "D"}, {"maxAge": 1, "shares": 100000, "filerUrl": "", "transactionText": "", "filerName": "Daivi Ventures", "filerRelation": "Institution- Corporation", "moneyText": "", "startDate": "2010-06-29", "ownership": "D"}, {"maxAge": 1, "shares": 50000, "filerUrl": "", "transactionText": "", "filerName": "Daivi Ventures", "filerRelation": "Institution- Corporation", "moneyText": "", "startDate": "2010-06-28", "ownership": "D"}, {"maxAge": 1, "shares": 50000, "filerUrl": "", "transactionText": "", "filerName": "Daivi Ventures", "filerRelation": "Institution- Corporation", "moneyText": "", "startDate": "2010-06-25", "ownership": "D"}, {"maxAge": 1, "shares": 100000, "filerUrl": "", "transactionText": "", "filerName": "Daivi Ventures", "filerRelation": "Institution- Corporation", "moneyText": "", "startDate": "2010-06-24", "ownership": "D"}, {"maxAge": 1, "shares": 44231, "filerUrl": "", "transactionText": "", "filerName": "Daivi Ventures", "filerRelation": "Institution- Corporation", "moneyText": "", "startDate": "2010-06-23", "ownership": "D"}, {"maxAge": 1, "shares": 20000, "filerUrl": "", "transactionText": "", "filerName": "Daivi Ventures", "filerRelation": "Institution- Corporation", "moneyText": "", "startDate": "2010-06-22", "ownership": "D"}, {"maxAge": 1, "shares": 9304, "filerUrl": "", "transactionText": "", "filerName": "Daivi Ventures", "filerRelation": "Institution- Corporation", "moneyText": "", "startDate": "2010-06-21", "ownership": "D"}], "maxAge": 1}, "quoteType": {"exchange": "BSE", "quoteType": "EQUITY", "symbol": "ICIL.BO", "underlyingSymbol": "ICIL.BO", "shortName": "INDO COUNT INDUSTRIES LTD.", "longName": "Indo Count Industries Limited", "firstTradeDateEpochUtc": "2000-07-11 09:15:00", "timeZoneFullName": "Asia/Kolkata", "timeZoneShortName": "IST", "uuid": "4b6aa04a-eee5-3ceb-80ae-b13a03445597", "gmtOffSetMilliseconds": 19800000, "maxAge": 1}, "incomeStatementHistory": {"incomeStatementHistory": [{"maxAge": 1, "endDate": "2020-03-31", "totalRevenue": 20801274000, "costOfRevenue": 11454179000, "grossProfit": 9347095000, "researchDevelopment": {}, "sellingGeneralAdministrative": 1530738000, "nonRecurring": {}, "otherOperatingExpenses": 5978386000, "totalOperatingExpenses": 19397925000, "operatingIncome": 1403349000, "totalOtherIncomeExpenseNet": -836574000, "ebit": 1403349000, "interestExpense": -317819000, "incomeBeforeTax": 566775000, "incomeTaxExpense": -164194000, "minorityInterest": 69440000, "netIncomeFromContinuingOps": 730969000, "discontinuedOperations": {}, "extraordinaryItems": {}, "effectOfAccountingCharges": {}, "otherItems": {}, "netIncome": 737800000, "netIncomeApplicableToCommonShares": 737800000}, {"maxAge": 1, "endDate": "2019-03-31", "totalRevenue": 19342062000, "costOfRevenue": 10363977000, "grossProfit": 8978085000, "researchDevelopment": {}, "sellingGeneralAdministrative": 1512070000, "nonRecurring": {}, "otherOperatingExpenses": 5599795000, "totalOperatingExpenses": 17828562000, "operatingIncome": 1513500000, "totalOtherIncomeExpenseNet": -559933000, "ebit": 1513500000, "interestExpense": -280984000, "incomeBeforeTax": 953567000, "incomeTaxExpense": 355178000, "minorityInterest": 70146000, "netIncomeFromContinuingOps": 598389000, "discontinuedOperations": {}, "extraordinaryItems": {}, "effectOfAccountingCharges": {}, "otherItems": {}, "netIncome": 602409000, "netIncomeApplicableToCommonShares": 602409000}, {"maxAge": 1, "endDate": "2018-03-31", "totalRevenue": 18585160000, "costOfRevenue": 10502079000, "grossProfit": 8083081000, "researchDevelopment": {}, "sellingGeneralAdministrative": 1330905000, "nonRecurring": {}, "otherOperatingExpenses": 5122954000, "totalOperatingExpenses": 17286500000, "operatingIncome": 1298660000, "totalOtherIncomeExpenseNet": 644900000, "ebit": 1298660000, "interestExpense": -227824000, "incomeBeforeTax": 1943560000, "incomeTaxExpense": 690800000, "minorityInterest": 74036000, "netIncomeFromContinuingOps": 1252760000, "discontinuedOperations": {}, "extraordinaryItems": {}, "effectOfAccountingCharges": {}, "otherItems": {}, "netIncome": 1260389000, "netIncomeApplicableToCommonShares": 1260389000}, {"maxAge": 1, "endDate": "2017-03-31", "totalRevenue": 21528183000, "costOfRevenue": 11797717000, "grossProfit": 9730466000, "researchDevelopment": {}, "sellingGeneralAdministrative": 1310435000, "nonRecurring": {}, "otherOperatingExpenses": 5168157000, "totalOperatingExpenses": 18607603000, "operatingIncome": 2920580000, "totalOtherIncomeExpenseNet": 611365000, "ebit": 2920580000, "interestExpense": -305578000, "incomeBeforeTax": 3531945000, "incomeTaxExpense": 1211430000, "minorityInterest": 81494000, "netIncomeFromContinuingOps": 2320515000, "discontinuedOperations": {}, "extraordinaryItems": {}, "effectOfAccountingCharges": {}, "otherItems": {}, "netIncome": 2322388000, "netIncomeApplicableToCommonShares": 2322388000}], "maxAge": 86400}, "fundOwnership": {"ownershipList": [{"maxAge": 1, "reportDate": "2020-07-31", "organization": "DFA Emerging Markets Core Equity Portfolio", "pctHeld": 0.0028, "position": 552748, "value": 35845707}, {"maxAge": 1, "reportDate": "2020-07-31", "organization": "DFA Investment Dimensions-DFA Emerging Mkts Value", "pctHeld": 0.0013, "position": 248595, "value": 16121385}, {"maxAge": 1, "reportDate": "2020-07-31", "organization": "DFA Emerging Markets Small Cap Series", "pctHeld": 0.00059999997, "position": 118915, "value": 7711637}, {"maxAge": 1, "reportDate": "2020-07-31", "organization": "DFA Investment Dimensions-Emerging Markets Social Core Equity", "pctHeld": 0.0002, "position": 32201, "value": 2088234}, {"maxAge": 1, "reportDate": "2020-07-31", "organization": "DFA Investment Dimensions-World Ex U.S. Core Equity Port", "pctHeld": 0.0002, "position": 29913, "value": 1939858}, {"maxAge": 1, "reportDate": "2020-07-31", "organization": "DFA T.A. World Ex U.S. Core Equity Portfolio", "pctHeld": 0.0001, "position": 24075, "value": 1561263}, {"maxAge": 1, "reportDate": "2020-07-31", "organization": "DFA Emerging Markets Sustainability Core 1 Portfolio", "pctHeld": 0.0001, "position": 12042, "value": 780923}], "maxAge": 1}, "summaryDetail": {"maxAge": 1, "priceHint": 2, "previousClose": 130.6, "open": 128.9, "dayLow": 128.05, "dayHigh": 133.1, "regularMarketPreviousClose": 130.6, "regularMarketOpen": 128.9, "regularMarketDayLow": 128.05, "regularMarketDayHigh": 133.1, "trailingPE": 45.635605, "forwardPE": 7.1447935, "volume": 77710, "regularMarketVolume": 77710, "averageVolume": 27516, "averageVolume10days": 34944, "averageDailyVolume10Day": 34944, "bid": 130.0, "ask": 131.6, "bidSize": 0, "askSize": 0, "marketCap": 26007449600, "fiftyTwoWeekLow": 21.85, "fiftyTwoWeekHigh": 171.75, "fiftyDayAverage": 145.65454, "twoHundredDayAverage": 118.61287, "trailingAnnualDividendRate": 0.6, "trailingAnnualDividendYield": 0.0045941807, "currency": "INR", "fromCurrency": null, "lastMarket": null, "algorithm": null, "tradeable": false}, "sectorTrend": {"maxAge": 1, "symbol": null, "estimates": []}, "incomeStatementHistoryQuarterly": {"incomeStatementHistory": [{"maxAge": 1, "endDate": "2020-06-30", "totalRevenue": 3317500000, "costOfRevenue": 1646200000, "grossProfit": 1671300000, "researchDevelopment": {}, "sellingGeneralAdministrative": 332900000, "nonRecurring": {}, "otherOperatingExpenses": 991900000, "totalOperatingExpenses": 3078600000, "operatingIncome": 238900000, "totalOtherIncomeExpenseNet": -10300000, "ebit": 238900000, "interestExpense": -52500000, "incomeBeforeTax": 228600000, "incomeTaxExpense": 51600000, "minorityInterest": {}, "netIncomeFromContinuingOps": 177000000, "discontinuedOperations": {}, "extraordinaryItems": {}, "effectOfAccountingCharges": {}, "otherItems": {}, "netIncome": 180000000, "netIncomeApplicableToCommonShares": 180000000}, {"maxAge": 1, "endDate": "2020-03-31", "totalRevenue": 3678474000, "costOfRevenue": 2087579000, "grossProfit": 1590895000, "researchDevelopment": {}, "sellingGeneralAdministrative": 434338000, "nonRecurring": {}, "otherOperatingExpenses": 1368186000, "totalOperatingExpenses": 4000725000, "operatingIncome": -322251000, "totalOtherIncomeExpenseNet": 482226000, "ebit": -322251000, "interestExpense": -8519000, "incomeBeforeTax": 159975000, "incomeTaxExpense": 77406000, "minorityInterest": 69440000, "netIncomeFromContinuingOps": 82569000, "discontinuedOperations": {}, "extraordinaryItems": {}, "effectOfAccountingCharges": {}, "otherItems": {}, "netIncome": 79500000, "netIncomeApplicableToCommonShares": 79500000}, {"maxAge": 1, "endDate": "2019-12-31", "totalRevenue": 6368600000, "costOfRevenue": 3529100000, "grossProfit": 2839500000, "researchDevelopment": {}, "sellingGeneralAdministrative": 382900000, "nonRecurring": {}, "otherOperatingExpenses": 1642000000, "totalOperatingExpenses": 5664200000, "operatingIncome": 704400000, "totalOtherIncomeExpenseNet": -474400000, "ebit": 704400000, "interestExpense": -105400000, "incomeBeforeTax": 230000000, "incomeTaxExpense": 34400000, "minorityInterest": 69440000, "netIncomeFromContinuingOps": 195600000, "discontinuedOperations": {}, "extraordinaryItems": {}, "effectOfAccountingCharges": {}, "otherItems": {}, "netIncome": 201700000, "netIncomeApplicableToCommonShares": 201700000}, {"maxAge": 1, "endDate": "2019-09-30", "totalRevenue": 5681400000, "costOfRevenue": 3206200000, "grossProfit": 2475200000, "researchDevelopment": {}, "sellingGeneralAdministrative": 369500000, "nonRecurring": {}, "otherOperatingExpenses": 1472600000, "totalOperatingExpenses": 5157700000, "operatingIncome": 523700000, "totalOtherIncomeExpenseNet": -866800000, "ebit": 523700000, "interestExpense": -114500000, "incomeBeforeTax": -343100000, "incomeTaxExpense": -449200000, "minorityInterest": 66400000, "netIncomeFromContinuingOps": 106100000, "discontinuedOperations": {}, "extraordinaryItems": {}, "effectOfAccountingCharges": {}, "otherItems": {}, "netIncome": 108900000, "netIncomeApplicableToCommonShares": 108900000}], "maxAge": 86400}, "cashflowStatementHistoryQuarterly": {"cashflowStatements": [{"maxAge": 1, "endDate": "2020-06-30", "netIncome": 180000000, "changeToLiabilities": 0}, {"maxAge": 1, "endDate": "2020-03-31", "netIncome": 79500000, "changeToLiabilities": 0}, {"maxAge": 1, "endDate": "2019-12-31", "netIncome": 201700000, "changeToLiabilities": 0}, {"maxAge": 1, "endDate": "2019-09-30", "netIncome": 108900000, "changeToLiabilities": 0}], "maxAge": 86400}, "insiderHolders": {"holders": [{"maxAge": 1, "name": "Daivi Ventures", "relation": "Institution- Corporation", "url": "", "transactionDescription": "Sale", "latestTransDate": "2010-07-06", "positionDirect": 1576669, "positionDirectDate": "2010-07-06"}, {"maxAge": 1, "name": "ELM Park Fund Ltd", "relation": "Institution- Corporation", "url": "", "transactionDescription": "Acquisition", "latestTransDate": "2020-10-05", "positionDirect": 9962621, "positionDirectDate": "2020-10-05"}, {"maxAge": 1, "name": "Garg (Radha Devendra Pal)", "relation": "UNREPORTED", "url": "", "transactionDescription": "Acquisition", "latestTransDate": "2020-08-17", "positionDirect": 21500, "positionDirectDate": "2020-08-17"}, {"maxAge": 1, "name": "Indocount Finance Ltd", "relation": "Promoter", "url": "", "transactionDescription": "Sale", "latestTransDate": "2016-09-27", "positionDirect": 304004, "positionDirectDate": "2016-09-27"}, {"maxAge": 1, "name": "Indocount Securities Ltd", "relation": "Promoter", "url": "", "transactionDescription": "Other", "latestTransDate": "2014-04-12", "positionDirect": 6208277, "positionDirectDate": "2014-04-12"}, {"maxAge": 1, "name": "Slab Properties Pvt Ltd", "relation": "Promoter", "url": "", "transactionDescription": "Sale", "latestTransDate": "2017-03-31", "positionDirectDate": "2017-03-31"}], "maxAge": 1}, "earnings": {"maxAge": 86400, "earningsChart": {"quarterly": [{"date": "4Q2017", "actual": 1.84, "estimate": 2.3}, {"date": "1Q2018", "actual": 1.36, "estimate": 1.9}, {"date": "2Q2018", "actual": 1.46, "estimate": 1.9}, {"date": "3Q2018", "actual": 1.1, "estimate": 1.7}], "currentQuarterEstimateDate": "4Q", "currentQuarterEstimateYear": 2018, "earningsDate": ["2020-08-18 05:30:S"]}, "financialsChart": {"yearly": [{"date": 2017, "revenue": 21528183000, "earnings": 2322388000}, {"date": 2018, "revenue": 18585160000, "earnings": 1260389000}, {"date": 2019, "revenue": 19342062000, "earnings": 602409000}, {"date": 2020, "revenue": 20801274000, "earnings": 737800000}], "quarterly": [{"date": "3Q2019", "revenue": 5681400000, "earnings": 108900000}, {"date": "4Q2019", "revenue": 6368600000, "earnings": 201700000}, {"date": "1Q2020", "revenue": 3678474000, "earnings": 79500000}, {"date": "2Q2020", "revenue": 3317500000, "earnings": 180000000}]}, "financialCurrency": "INR"}, "calendarEvents": {"maxAge": 1, "earnings": {"earningsDate": ["2020-08-18 05:30:S"], "revenueAverage": 4968000000, "revenueLow": 4968000000, "revenueHigh": 4968000000}}, "upgradeDowngradeHistory": {"history": [], "maxAge": 86400}, "price": {"maxAge": 1, "regularMarketChangePercent": 0.008805466, "regularMarketChange": 1.1499939, "regularMarketTime": "2021-04-30 15:26:20", "priceHint": 2, "regularMarketPrice": 131.75, "regularMarketDayHigh": 133.1, "regularMarketDayLow": 128.05, "regularMarketVolume": 77710, "averageDailyVolume10Day": 34944, "averageDailyVolume3Month": 27516, "regularMarketPreviousClose": 130.6, "regularMarketSource": "FREE_REALTIME", "regularMarketOpen": 128.9, "exchange": "BSE", "exchangeName": "BSE", "exchangeDataDelayedBy": 0, "marketState": "CLOSED", "quoteType": "EQUITY", "symbol": "ICIL.BO", "underlyingSymbol": null, "shortName": "INDO COUNT INDUSTRIES LTD.", "longName": "Indo Count Industries Limited", "currency": "INR", "quoteSourceName": "Delayed Quote", "currencySymbol": "\u20b9", "fromCurrency": null, "lastMarket": null, "marketCap": 26007449600}, "balanceSheetHistory": {"balanceSheetStatements": [{"maxAge": 1, "endDate": "2020-03-31", "cash": 1393590000, "shortTermInvestments": 43293000, "netReceivables": 3294187000, "inventory": 5237162000, "otherCurrentAssets": 1079476000, "totalCurrentAssets": 11048662000, "propertyPlantEquipment": 5778347000, "intangibleAssets": 26262000, "otherAssets": 103949000, "totalAssets": 16957220000, "accountsPayable": 1291982000, "shortLongTermDebt": 199096000, "otherCurrentLiab": 1417067000, "longTermDebt": 360972000, "otherLiab": 719165000, "minorityInterest": 69440000, "totalCurrentLiabilities": 5888591000, "totalLiab": 7027600000, "commonStock": 394799000, "retainedEarnings": 9260773000, "treasuryStock": 39236000, "capitalSurplus": 165372000, "otherStockholderEquity": 39236000, "totalStockholderEquity": 9860180000, "netTangibleAssets": 9833918000}, {"maxAge": 1, "endDate": "2019-03-31", "cash": 231215000, "shortTermInvestments": 43148000, "netReceivables": 3202448000, "inventory": 5307068000, "otherCurrentAssets": 997435000, "totalCurrentAssets": 10244769000, "propertyPlantEquipment": 5882182000, "intangibleAssets": 26036000, "otherAssets": 93858000, "totalAssets": 16246845000, "accountsPayable": 1439448000, "shortLongTermDebt": 229209000, "otherCurrentLiab": 385150000, "longTermDebt": 574353000, "otherLiab": 1226389000, "minorityInterest": 70146000, "totalCurrentLiabilities": 4628487000, "totalLiab": 6429229000, "commonStock": 394799000, "retainedEarnings": 9157861000, "treasuryStock": 29438000, "capitalSurplus": 165372000, "otherStockholderEquity": 29438000, "totalStockholderEquity": 9747470000, "netTangibleAssets": 9721434000}, {"maxAge": 1, "endDate": "2018-03-31", "cash": 155683000, "shortTermInvestments": 27130000, "netReceivables": 3519418000, "inventory": 5905365000, "otherCurrentAssets": 1668697000, "totalCurrentAssets": 11277310000, "longTermInvestments": 16000, "propertyPlantEquipment": 5643771000, "intangibleAssets": 27575000, "otherAssets": 43208000, "totalAssets": 16991880000, "accountsPayable": 1915633000, "shortLongTermDebt": 128808000, "otherCurrentLiab": 358770000, "longTermDebt": 488406000, "otherLiab": 1239010000, "minorityInterest": 74036000, "totalCurrentLiabilities": 5626751000, "totalLiab": 7354167000, "commonStock": 394799000, "retainedEarnings": 8951810000, "treasuryStock": 51696000, "capitalSurplus": 165372000, "otherStockholderEquity": 51696000, "totalStockholderEquity": 9563677000, "netTangibleAssets": 9536102000}, {"maxAge": 1, "endDate": "2017-03-31", "cash": 89135000, "shortTermInvestments": 45381000, "netReceivables": 3736673000, "inventory": 4719120000, "otherCurrentAssets": 1163625000, "totalCurrentAssets": 9753934000, "longTermInvestments": 36000, "propertyPlantEquipment": 5430119000, "intangibleAssets": 19657000, "otherAssets": 35440000, "totalAssets": 15239186000, "accountsPayable": 1342746000, "shortLongTermDebt": 73387000, "otherCurrentLiab": 1027558000, "longTermDebt": 213864000, "otherLiab": 1199676000, "minorityInterest": 81494000, "totalCurrentLiabilities": 5282305000, "totalLiab": 6695845000, "commonStock": 394799000, "retainedEarnings": 7882338000, "treasuryStock": 19338000, "capitalSurplus": 165372000, "otherStockholderEquity": 19338000, "totalStockholderEquity": 8461847000, "netTangibleAssets": 8442190000}], "maxAge": 86400}, "earningsTrend": {"trend": [{"maxAge": 1, "period": "0q", "endDate": "2018-12-31", "growth": {}, "earningsEstimate": {"avg": 0.0, "low": 0.0, "high": 0.0, "yearAgoEps": 1.84, "numberOfAnalysts": 0, "growth": {}}, "revenueEstimate": {"avg": 4968000000, "low": 4968000000, "high": 4968000000, "numberOfAnalysts": 1, "yearAgoRevenue": {}, "growth": {}}, "epsTrend": {"current": 0.0, "7daysAgo": 0.0, "30daysAgo": 0.0, "60daysAgo": 0.0, "90daysAgo": 0.0}, "epsRevisions": {"upLast7days": 0, "upLast30days": 0, "downLast30days": 0, "downLast90days": {}}}, {"maxAge": 1, "period": "+1q", "endDate": "2019-03-31", "growth": {}, "earningsEstimate": {"avg": 0.0, "low": 0.0, "high": 0.0, "yearAgoEps": 1.36, "numberOfAnalysts": 0, "growth": {}}, "revenueEstimate": {"avg": 4831000000, "low": 4831000000, "high": 4831000000, "numberOfAnalysts": 1, "yearAgoRevenue": {}, "growth": {}}, "epsTrend": {"current": 0.0, "7daysAgo": 0.0, "30daysAgo": 0.0, "60daysAgo": 0.0, "90daysAgo": 0.0}, "epsRevisions": {"upLast7days": 0, "upLast30days": 0, "downLast30days": 0, "downLast90days": {}}}, {"maxAge": 1, "period": "0y", "endDate": "2019-03-31", "growth": {}, "earningsEstimate": {"avg": 0.0, "low": 0.0, "high": 0.0, "yearAgoEps": {}, "numberOfAnalysts": 0, "growth": {}}, "revenueEstimate": {"avg": 19228000000, "low": 19228000000, "high": 19228000000, "numberOfAnalysts": 1, "yearAgoRevenue": 18585200000, "growth": 0.035}, "epsTrend": {"current": 0.0, "7daysAgo": 5.9, "30daysAgo": 5.9, "60daysAgo": 5.9, "90daysAgo": 5.9}, "epsRevisions": {"upLast7days": 0, "upLast30days": 0, "downLast30days": 0, "downLast90days": {}}}, {"maxAge": 1, "period": "+1y", "endDate": "2020-03-31", "growth": {}, "earningsEstimate": {"avg": 0.0, "low": 0.0, "high": 0.0, "yearAgoEps": {}, "numberOfAnalysts": 0, "growth": {}}, "revenueEstimate": {"avg": 22768000000, "low": 22768000000, "high": 22768000000, "numberOfAnalysts": 1, "yearAgoRevenue": 19228000000, "growth": 0.184}, "epsTrend": {"current": 0.0, "7daysAgo": 7.4, "30daysAgo": 7.4, "60daysAgo": 7.4, "90daysAgo": 7.4}, "epsRevisions": {"upLast7days": 0, "upLast30days": 0, "downLast30days": 0, "downLast90days": {}}}, {"maxAge": 1, "period": "+5y", "endDate": null, "growth": 0.2, "earningsEstimate": {"avg": {}, "low": {}, "high": {}, "yearAgoEps": {}, "numberOfAnalysts": {}, "growth": {}}, "revenueEstimate": {"avg": {}, "low": {}, "high": {}, "numberOfAnalysts": {}, "yearAgoRevenue": {}, "growth": {}}, "epsTrend": {"current": {}, "7daysAgo": {}, "30daysAgo": {}, "60daysAgo": {}, "90daysAgo": {}}, "epsRevisions": {"upLast7days": {}, "upLast30days": {}, "downLast30days": {}, "downLast90days": {}}}, {"maxAge": 1, "period": "-5y", "endDate": null, "growth": {}, "earningsEstimate": {"avg": {}, "low": {}, "high": {}, "yearAgoEps": {}, "numberOfAnalysts": {}, "growth": {}}, "revenueEstimate": {"avg": {}, "low": {}, "high": {}, "numberOfAnalysts": {}, "yearAgoRevenue": {}, "growth": {}}, "epsTrend": {"current": {}, "7daysAgo": {}, "30daysAgo": {}, "60daysAgo": {}, "90daysAgo": {}}, "epsRevisions": {"upLast7days": {}, "upLast30days": {}, "downLast30days": {}, "downLast90days": {}}}], "maxAge": 1}, "financialData": {"maxAge": 86400, "currentPrice": 131.75, "targetHighPrice": 107.0, "targetLowPrice": 72.0, "targetMeanPrice": 83.0, "targetMedianPrice": 78.0, "recommendationKey": "none", "numberOfAnalystOpinions": 5, "grossProfits": 9347095000, "financialCurrency": "INR"}}}