{"ICSL.BO": {"cashflowStatementHistory": {"cashflowStatements": [{"maxAge": 1, "endDate": "2020-03-31", "netIncome": -1625564, "depreciation": 2002019, "changeToNetincome": 5924408, "changeToAccountReceivables": 388355, "changeToLiabilities": 0, "changeToOperatingActivities": -377802, "totalCashFromOperatingActivities": 6311416, "capitalExpenditures": -272989, "otherCashflowsFromInvestingActivities": 244388, "totalCashflowsFromInvestingActivities": -36032, "dividendsPaid": -1818794, "netBorrowings": -4611874, "otherCashflowsFromFinancingActivities": -15242, "totalCashFromFinancingActivities": -6445910, "changeInCash": -170526}, {"maxAge": 1, "endDate": "2019-03-31", "netIncome": -6767242, "depreciation": 1981286, "changeToNetincome": -273399, "changeToAccountReceivables": 2217735, "changeToLiabilities": 0, "changeToOperatingActivities": -1770669, "totalCashFromOperatingActivities": -4612289, "capitalExpenditures": -529321, "investments": -4844177, "otherCashflowsFromInvestingActivities": 6764196, "totalCashflowsFromInvestingActivities": 1380880, "dividendsPaid": -1369240, "netBorrowings": 736347, "otherCashflowsFromFinancingActivities": -342363, "totalCashFromFinancingActivities": -975256, "changeInCash": -4206666}, {"maxAge": 1, "endDate": "2018-03-31", "netIncome": 4925506, "depreciation": 2008505, "changeToNetincome": -470024, "changeToAccountReceivables": 400734, "changeToLiabilities": 0, "changeToOperatingActivities": -1627614, "totalCashFromOperatingActivities": 5237107, "capitalExpenditures": -3072674, "investments": -90000, "otherCashflowsFromInvestingActivities": 88032, "totalCashflowsFromInvestingActivities": -3095843, "dividendsPaid": -1887583, "netBorrowings": -934156, "otherCashflowsFromFinancingActivities": -243686, "totalCashFromFinancingActivities": -3065425, "changeInCash": -924160}, {"maxAge": 1, "endDate": "2017-03-31", "netIncome": 11843843, "depreciation": 1843398, "changeToNetincome": 979730, "changeToAccountReceivables": -1392968, "changeToLiabilities": 0, "changeToOperatingActivities": 1646326, "totalCashFromOperatingActivities": 14920329, "capitalExpenditures": -2770251, "investments": -1, "otherCashflowsFromInvestingActivities": 108580, "totalCashflowsFromInvestingActivities": -77388, "dividendsPaid": -1887583, "netBorrowings": -8944654, "otherCashflowsFromFinancingActivities": -252545, "totalCashFromFinancingActivities": -9197199, "changeInCash": 5645742}], "maxAge": 86400}, "institutionOwnership": {"ownershipList": [], "maxAge": 1}, "balanceSheetHistoryQuarterly": {"balanceSheetStatements": [{"maxAge": 1, "endDate": "2020-09-30", "cash": 347000, "shortTermInvestments": 473000, "netReceivables": 923000, "otherCurrentAssets": 647000, "totalCurrentAssets": 2390000, "longTermInvestments": 31135000, "propertyPlantEquipment": 78195000, "otherAssets": 378000, "totalAssets": 112098000, "otherCurrentLiab": 12785000, "longTermDebt": 46320000, "otherLiab": 521000, "totalCurrentLiabilities": 12795000, "totalLiab": 59636000, "commonStock": 35584000, "treasuryStock": 16878000, "otherStockholderEquity": 16878000, "totalStockholderEquity": 52462000, "netTangibleAssets": 52462000}, {"maxAge": 1, "endDate": "2020-06-30", "totalStockholderEquity": 55284000, "netTangibleAssets": 55284000}, {"maxAge": 1, "endDate": "2020-03-31", "cash": 609999, "shortTermInvestments": 43300, "netReceivables": 1643481, "otherCurrentAssets": 950400, "totalCurrentAssets": 3311377, "longTermInvestments": 31181904, "propertyPlantEquipment": 79005799, "otherAssets": 113500, "totalAssets": 113612580, "otherCurrentLiab": 11300581, "longTermDebt": 44742130, "otherLiab": 661549, "totalCurrentLiabilities": 12925045, "totalLiab": 58328724, "commonStock": 35584000, "retainedEarnings": -27326044, "treasuryStock": 39500000, "capitalSurplus": 7525900, "otherStockholderEquity": 39500000, "totalStockholderEquity": 55283856, "netTangibleAssets": 55283856}, {"maxAge": 1, "endDate": "2019-12-31"}], "maxAge": 86400}, "indexTrend": {"maxAge": 1, "symbol": "SP5", "peRatio": 19.7411, "pegRatio": 1.34172, "estimates": [{"period": "0q", "growth": 0.549}, {"period": "+1q", "growth": 0.431}, {"period": "0y", "growth": 0.305}, {"period": "+1y", "growth": 0.109}, {"period": "+5y", "growth": 0.120859005}, {"period": "-5y"}]}, "insiderTransactions": {"transactions": [{"maxAge": 1, "shares": 2000000, "filerUrl": "", "transactionText": "", "filerName": "Deora (Arun)", "filerRelation": "Promoter", "moneyText": "", "startDate": "2020-01-20", "ownership": "D"}, {"maxAge": 1, "shares": 2000000, "filerUrl": "", "transactionText": "", "filerName": "Deora (Jai Rani)", "filerRelation": "Promoter", "moneyText": "", "startDate": "2020-01-20", "ownership": "D"}, {"maxAge": 1, "shares": 4000000, "filerUrl": "", "transactionText": "", "filerName": "Deora (Sajeve)", "filerRelation": "Promoter", "moneyText": "", "startDate": "2020-01-20", "ownership": "D"}, {"maxAge": 1, "shares": 2000000, "filerUrl": "", "transactionText": "", "filerName": "Deora (Sajeve)", "filerRelation": "Promoter", "moneyText": "", "startDate": "2020-01-20", "ownership": "D"}, {"maxAge": 1, "shares": 2000000, "filerUrl": "", "transactionText": "", "filerName": "Deora (Brijinder Bhushan)", "filerRelation": "Promoter", "moneyText": "", "startDate": "2019-12-18", "ownership": "D"}, {"maxAge": 1, "shares": 2000000, "filerUrl": "", "transactionText": "", "filerName": "Deora (Sajeve)", "filerRelation": "Promoter", "moneyText": "", "startDate": "2019-12-18", "ownership": "D"}, {"maxAge": 1, "shares": 800000, "filerUrl": "", "transactionText": "", "filerName": "Deora (Sajeve)", "filerRelation": "Director", "moneyText": "", "startDate": "2019-08-09", "ownership": "D"}, {"maxAge": 1, "shares": 800000, "filerUrl": "", "transactionText": "", "filerName": "Deora (Sajeve)", "filerRelation": "UNREPORTED", "moneyText": "", "startDate": "2019-06-28", "ownership": "D"}], "maxAge": 1}, "quoteType": {"exchange": "BSE", "quoteType": "EQUITY", "symbol": "ICSL.BO", "underlyingSymbol": "ICSL.BO", "shortName": "Integrated Capital Services Lt", "longName": "Integrated Capital Services Limited", "firstTradeDateEpochUtc": "2015-07-14 09:15:00", "timeZoneFullName": "Asia/Kolkata", "timeZoneShortName": "IST", "uuid": "b5c72f5e-9938-3df8-bb8f-239d682e092a", "gmtOffSetMilliseconds": 19800000, "maxAge": 1}, "incomeStatementHistory": {"incomeStatementHistory": [{"maxAge": 1, "endDate": "2020-03-31", "totalRevenue": 9246570, "costOfRevenue": 2634934, "grossProfit": 6611636, "researchDevelopment": {}, "sellingGeneralAdministrative": {}, "nonRecurring": {}, "otherOperatingExpenses": 4660879, "totalOperatingExpenses": 9297832, "operatingIncome": -51262, "totalOtherIncomeExpenseNet": -1581147, "ebit": -51262, "interestExpense": -1834035, "incomeBeforeTax": -1632409, "incomeTaxExpense": -6845, "minorityInterest": {}, "netIncomeFromContinuingOps": -1625564, "discontinuedOperations": {}, "extraordinaryItems": {}, "effectOfAccountingCharges": {}, "otherItems": {}, "netIncome": -1625564, "netIncomeApplicableToCommonShares": -1625564}, {"maxAge": 1, "endDate": "2019-03-31", "totalRevenue": 15769827, "costOfRevenue": 6105214, "grossProfit": 9664613, "researchDevelopment": {}, "sellingGeneralAdministrative": 443000, "nonRecurring": {}, "otherOperatingExpenses": 4899828, "totalOperatingExpenses": 13720718, "operatingIncome": 2049109, "totalOtherIncomeExpenseNet": -7980156, "ebit": 2049109, "interestExpense": -1711603, "incomeBeforeTax": -5931047, "incomeTaxExpense": 836195, "minorityInterest": {}, "netIncomeFromContinuingOps": -6767242, "discontinuedOperations": {}, "extraordinaryItems": {}, "effectOfAccountingCharges": {}, "otherItems": {}, "netIncome": -6767242, "netIncomeApplicableToCommonShares": -6767242}, {"maxAge": 1, "endDate": "2018-03-31", "totalRevenue": 24772156, "costOfRevenue": 5593814, "grossProfit": 19178342, "researchDevelopment": {}, "sellingGeneralAdministrative": 2563845, "nonRecurring": {}, "otherOperatingExpenses": 4883823, "totalOperatingExpenses": 15282297, "operatingIncome": 9489859, "totalOtherIncomeExpenseNet": -1569198, "ebit": 9489859, "interestExpense": -2131269, "incomeBeforeTax": 7920661, "incomeTaxExpense": 2995155, "minorityInterest": {}, "netIncomeFromContinuingOps": 4925506, "discontinuedOperations": {}, "extraordinaryItems": {}, "effectOfAccountingCharges": {}, "otherItems": {}, "netIncome": 4925506, "netIncomeApplicableToCommonShares": 4925506}, {"maxAge": 1, "endDate": "2017-03-31", "totalRevenue": 25554219, "costOfRevenue": 5916332, "grossProfit": 19637887, "researchDevelopment": {}, "sellingGeneralAdministrative": 4179227, "nonRecurring": {}, "otherOperatingExpenses": 8410815, "totalOperatingExpenses": 20349772, "operatingIncome": 5204447, "totalOtherIncomeExpenseNet": 10963226, "ebit": 5204447, "interestExpense": -252545, "incomeBeforeTax": 16167673, "incomeTaxExpense": 4323830, "minorityInterest": {}, "netIncomeFromContinuingOps": 11843843, "discontinuedOperations": {}, "extraordinaryItems": {}, "effectOfAccountingCharges": {}, "otherItems": {}, "netIncome": 11843843, "netIncomeApplicableToCommonShares": 11843843}], "maxAge": 86400}, "fundOwnership": {"ownershipList": [], "maxAge": 1}, "summaryDetail": {"maxAge": 1, "priceHint": 4, "previousClose": 2.0, "open": 2.1, "dayLow": 1.9, "dayHigh": 2.1, "regularMarketPreviousClose": 2.0, "regularMarketOpen": 2.1, "regularMarketDayLow": 1.9, "regularMarketDayHigh": 2.1, "volume": 1010, "regularMarketVolume": 1010, "averageVolume": 1046, "averageVolume10days": 3966, "averageDailyVolume10Day": 3966, "bid": 1.9, "ask": 2.1, "bidSize": 0, "askSize": 0, "marketCap": 71523840, "fiftyTwoWeekLow": 1.0, "fiftyTwoWeekHigh": 2.1, "fiftyDayAverage": 1.3015151, "twoHundredDayAverage": 1.3113235, "currency": "INR", "fromCurrency": null, "lastMarket": null, "algorithm": null, "tradeable": false}, "incomeStatementHistoryQuarterly": {"incomeStatementHistory": [{"maxAge": 1, "endDate": "2020-09-30", "totalRevenue": 410000, "costOfRevenue": 640000, "grossProfit": -230000, "researchDevelopment": {}, "sellingGeneralAdministrative": {}, "nonRecurring": {}, "otherOperatingExpenses": 861000, "totalOperatingExpenses": 2001000, "operatingIncome": -1591000, "totalOtherIncomeExpenseNet": -133000, "ebit": -1591000, "interestExpense": -454000, "incomeBeforeTax": -1724000, "incomeTaxExpense": -102000, "minorityInterest": {}, "netIncomeFromContinuingOps": -1622000, "discontinuedOperations": {}, "extraordinaryItems": {}, "effectOfAccountingCharges": {}, "otherItems": {}, "netIncome": -1622000, "netIncomeApplicableToCommonShares": -1622000}, {"maxAge": 1, "endDate": "2020-06-30", "totalRevenue": 842000, "costOfRevenue": 540000, "grossProfit": 302000, "researchDevelopment": {}, "sellingGeneralAdministrative": {}, "nonRecurring": {}, "otherOperatingExpenses": 451000, "totalOperatingExpenses": 1490000, "operatingIncome": -648000, "totalOtherIncomeExpenseNet": -631000, "ebit": -648000, "interestExpense": -455000, "incomeBeforeTax": -1279000, "incomeTaxExpense": -78000, "minorityInterest": {}, "netIncomeFromContinuingOps": -1201000, "discontinuedOperations": {}, "extraordinaryItems": {}, "effectOfAccountingCharges": {}, "otherItems": {}, "netIncome": -1201000, "netIncomeApplicableToCommonShares": -1201000}, {"maxAge": 1, "endDate": "2020-03-31", "totalRevenue": 1332570, "costOfRevenue": 613934, "grossProfit": 718636, "researchDevelopment": {}, "sellingGeneralAdministrative": {}, "nonRecurring": {}, "otherOperatingExpenses": 1058879, "totalOperatingExpenses": 2170832, "operatingIncome": -838262, "totalOtherIncomeExpenseNet": -341147, "ebit": -838262, "interestExpense": -455035, "incomeBeforeTax": -1179409, "incomeTaxExpense": 214155, "minorityInterest": {}, "netIncomeFromContinuingOps": -1393564, "discontinuedOperations": {}, "extraordinaryItems": {}, "effectOfAccountingCharges": {}, "otherItems": {}, "netIncome": -1393564, "netIncomeApplicableToCommonShares": -1393564}, {"maxAge": 1, "endDate": "2019-12-31", "totalRevenue": 1322000, "costOfRevenue": 612000, "grossProfit": 710000, "researchDevelopment": {}, "sellingGeneralAdministrative": {}, "nonRecurring": {}, "otherOperatingExpenses": 1318000, "totalOperatingExpenses": 2433000, "operatingIncome": -1111000, "totalOtherIncomeExpenseNet": -820000, "ebit": -1111000, "interestExpense": -456000, "incomeBeforeTax": -1931000, "incomeTaxExpense": -553000, "minorityInterest": {}, "netIncomeFromContinuingOps": -1378000, "discontinuedOperations": {}, "extraordinaryItems": {}, "effectOfAccountingCharges": {}, "otherItems": {}, "netIncome": -1378000, "netIncomeApplicableToCommonShares": -1378000}], "maxAge": 86400}, "cashflowStatementHistoryQuarterly": {"cashflowStatements": [{"maxAge": 1, "endDate": "2020-09-30", "netIncome": -1622000, "changeToLiabilities": 0}, {"maxAge": 1, "endDate": "2020-06-30", "netIncome": -1201000, "changeToLiabilities": 0}, {"maxAge": 1, "endDate": "2020-03-31", "netIncome": -1393564, "changeToLiabilities": 0}, {"maxAge": 1, "endDate": "2019-12-31", "netIncome": -1378000, "changeToLiabilities": 0}], "maxAge": 86400}, "insiderHolders": {"holders": [{"maxAge": 1, "name": "Deora (Arun)", "relation": "Promoter", "url": "", "transactionDescription": "Gift", "latestTransDate": "2020-01-20", "positionDirect": 398550, "positionDirectDate": "2020-01-20"}, {"maxAge": 1, "name": "Deora (Brijinder Bhushan)", "relation": "Promoter", "url": "", "transactionDescription": "Gift", "latestTransDate": "2019-12-18", "positionDirect": 349600, "positionDirectDate": "2019-12-18"}, {"maxAge": 1, "name": "Deora (Jai Rani)", "relation": "Promoter", "url": "", "transactionDescription": "Gift", "latestTransDate": "2020-01-20", "positionDirect": 408340, "positionDirectDate": "2020-01-20"}, {"maxAge": 1, "name": "Deora (Sajeve)", "relation": "Promoter", "url": "", "transactionDescription": "Gift", "latestTransDate": "2020-01-20", "positionDirect": 17830550, "positionDirectDate": "2020-01-20"}], "maxAge": 1}, "calendarEvents": {"maxAge": 1, "earnings": {"earningsDate": []}}, "upgradeDowngradeHistory": {"history": [], "maxAge": 86400}, "price": {"maxAge": 1, "regularMarketChangePercent": 0.004999995, "regularMarketChange": 0.00999999, "regularMarketTime": "2021-04-30 15:21:52", "priceHint": 4, "regularMarketPrice": 2.01, "regularMarketDayHigh": 2.1, "regularMarketDayLow": 1.9, "regularMarketVolume": 1010, "averageDailyVolume10Day": 3966, "averageDailyVolume3Month": 1046, "regularMarketPreviousClose": 2.0, "regularMarketSource": "FREE_REALTIME", "regularMarketOpen": 2.1, "exchange": "BSE", "exchangeName": "BSE", "exchangeDataDelayedBy": 0, "marketState": "CLOSED", "quoteType": "EQUITY", "symbol": "ICSL.BO", "underlyingSymbol": null, "shortName": "Integrated Capital Services Lt", "longName": "Integrated Capital Services Limited", "currency": "INR", "quoteSourceName": "Delayed Quote", "currencySymbol": "\u20b9", "fromCurrency": null, "lastMarket": null, "marketCap": 71523840}, "balanceSheetHistory": {"balanceSheetStatements": [{"maxAge": 1, "endDate": "2020-03-31", "cash": 609999, "shortTermInvestments": 43300, "netReceivables": 1643481, "otherCurrentAssets": 950400, "totalCurrentAssets": 3311377, "longTermInvestments": 31181904, "propertyPlantEquipment": 79005799, "otherAssets": 113500, "totalAssets": 113612580, "otherCurrentLiab": 11300581, "longTermDebt": 44742130, "otherLiab": 661549, "totalCurrentLiabilities": 12925045, "totalLiab": 58328724, "commonStock": 35584000, "retainedEarnings": -27326044, "treasuryStock": 39500000, "capitalSurplus": 7525900, "otherStockholderEquity": 39500000, "totalStockholderEquity": 55283856, "netTangibleAssets": 55283856}, {"maxAge": 1, "endDate": "2019-03-31", "cash": 780525, "shortTermInvestments": 40459, "netReceivables": 2427911, "otherCurrentAssets": 704849, "totalCurrentAssets": 3995012, "longTermInvestments": 43132036, "propertyPlantEquipment": 80734829, "otherAssets": 106069, "totalAssets": 127967946, "otherCurrentLiab": 11609996, "longTermDebt": 49354004, "otherLiab": 1019686, "totalCurrentLiabilities": 13195473, "totalLiab": 63569163, "commonStock": 35584000, "retainedEarnings": -18211117, "treasuryStock": 39500000, "capitalSurplus": 7525900, "otherStockholderEquity": 39500000, "totalStockholderEquity": 64398783, "netTangibleAssets": 64398783}, {"maxAge": 1, "endDate": "2018-03-31", "cash": 4987191, "shortTermInvestments": 38000, "netReceivables": 4258895, "otherCurrentAssets": 30353, "totalCurrentAssets": 9499095, "longTermInvestments": 71818983, "propertyPlantEquipment": 82186794, "goodWill": 6624850, "otherAssets": 96251, "totalAssets": 170225973, "otherCurrentLiab": 12789409, "longTermDebt": 48617657, "otherLiab": 1149404, "totalCurrentLiabilities": 15744463, "totalLiab": 65511524, "commonStock": 35584000, "retainedEarnings": 22104549, "treasuryStock": 39500000, "capitalSurplus": 7525900, "otherStockholderEquity": 39500000, "totalStockholderEquity": 104714449, "netTangibleAssets": 98089599}, {"maxAge": 1, "endDate": "2017-03-31", "cash": 5905980, "shortTermInvestments": 34549, "netReceivables": 4114712, "otherCurrentAssets": 251018, "totalCurrentAssets": 10392997, "longTermInvestments": 71654425, "propertyPlantEquipment": 81107766, "otherAssets": 250835, "totalAssets": 163406023, "otherCurrentLiab": 15519741, "longTermDebt": 46272846, "otherLiab": 1187988, "totalCurrentLiabilities": 17901419, "totalLiab": 65362253, "commonStock": 36150000, "retainedEarnings": 19367870, "treasuryStock": 35000000, "capitalSurplus": 7525900, "otherStockholderEquity": 35000000, "totalStockholderEquity": 98043770, "netTangibleAssets": 98043770}], "maxAge": 86400}, "financialData": {"maxAge": 86400, "currentPrice": 2.01, "recommendationKey": "none", "grossProfits": 6611636, "financialCurrency": "INR"}}}