{"IDBI.BO": {"recommendationTrend": {"trend": [{"period": "0m", "strongBuy": 0, "buy": 0, "hold": 0, "sell": 0, "strongSell": 0}, {"period": "-1m", "strongBuy": 0, "buy": 0, "hold": 0, "sell": 0, "strongSell": 0}, {"period": "-2m", "strongBuy": 0, "buy": 0, "hold": 0, "sell": 0, "strongSell": 0}, {"period": "-3m", "strongBuy": 0, "buy": 0, "hold": 0, "sell": 0, "strongSell": 0}], "maxAge": 86400}, "cashflowStatementHistory": {"cashflowStatements": [{"maxAge": 1, "endDate": "2020-03-31", "netIncome": -128352369000, "depreciation": 3943792000, "changeToNetincome": 176392263000, "changeToLiabilities": 0, "changeToOperatingActivities": 9302553000, "totalCashFromOperatingActivities": 51847373000, "capitalExpenditures": -2959732000, "totalCashflowsFromInvestingActivities": -2959732000, "dividendsPaid": -214660000, "otherCashflowsFromFinancingActivities": -49762554000, "totalCashFromFinancingActivities": 43022786000, "changeInCash": 91910426000, "issuanceOfStock": 93000000000}, {"maxAge": 1, "endDate": "2019-03-31", "netIncome": -149867554000, "depreciation": 3699464000, "changeToNetincome": 188912017000, "changeToLiabilities": 0, "changeToOperatingActivities": -169326131000, "totalCashFromOperatingActivities": -136283366000, "capitalExpenditures": -2959732000, "totalCashflowsFromInvestingActivities": 1155274000, "dividendsPaid": -20280000, "otherCashflowsFromFinancingActivities": -205864602000, "totalCashFromFinancingActivities": 10356573000, "changeInCash": -124771519000, "issuanceOfStock": 216241455000}, {"maxAge": 1, "endDate": "2018-03-31", "netIncome": -81323999000, "depreciation": 3768073000, "changeToNetincome": 156405352000, "changeToLiabilities": 0, "changeToOperatingActivities": 10266731000, "totalCashFromOperatingActivities": 79248155000, "capitalExpenditures": -2959732000, "totalCashflowsFromInvestingActivities": 7201707000, "dividendsPaid": -221108000, "otherCashflowsFromFinancingActivities": -204391114000, "totalCashFromFinancingActivities": -75962222000, "changeInCash": 10487640000, "issuanceOfStock": 128650000000}, {"maxAge": 1, "endDate": "2017-03-31", "netIncome": -50159048000, "depreciation": 3622292000, "changeToNetincome": 99552378000, "changeToLiabilities": 0, "changeToOperatingActivities": 2682192000, "totalCashFromOperatingActivities": 48716098000, "capitalExpenditures": -4641396000, "totalCashflowsFromInvestingActivities": -4641396000, "dividendsPaid": -114320000, "otherCashflowsFromFinancingActivities": 31282854000, "totalCashFromFinancingActivities": 50168534000, "changeInCash": 94243236000, "issuanceOfStock": 19000000000}], "maxAge": 86400}, "institutionOwnership": {"ownershipList": [], "maxAge": 1}, "balanceSheetHistoryQuarterly": {"balanceSheetStatements": [{"maxAge": 1, "endDate": "2020-06-30", "cash": 90285200000, "netReceivables": 217305900000, "totalCurrentAssets": 307591100000, "longTermInvestments": 843584000000, "propertyPlantEquipment": 80994200000, "otherAssets": 1773174400000, "totalAssets": 3005343700000, "accountsPayable": 2191934000000, "longTermDebt": 362064100000, "otherLiab": 100060300000, "minorityInterest": 1089300000, "totalCurrentLiabilities": 2191934000000, "totalLiab": 2654058400000, "commonStock": 103805900000, "treasuryStock": 246390100000, "otherStockholderEquity": 246390100000, "totalStockholderEquity": 350196000000, "netTangibleAssets": 350196000000}, {"maxAge": 1, "endDate": "2020-03-31", "cash": 220959820000, "netReceivables": 3348382000, "inventory": 7919893000, "otherCurrentAssets": 168549477000, "totalCurrentAssets": 400777572000, "longTermInvestments": 1058272936000, "propertyPlantEquipment": 82067595000, "otherAssets": 1466015222000, "deferredLongTermAssetCharges": 157595428000, "totalAssets": 3007133325000, "accountsPayable": 2224054689000, "shortLongTermDebt": 109888560000, "otherCurrentLiab": 9560910000, "longTermDebt": 257600000000, "otherLiab": 48480844000, "minorityInterest": 1035793000, "totalCurrentLiabilities": 2351659440000, "totalLiab": 2657740284000, "commonStock": 103805940000, "retainedEarnings": -347523970000, "treasuryStock": 95386308000, "capitalSurplus": 496688970000, "otherStockholderEquity": 95386308000, "totalStockholderEquity": 348357248000, "netTangibleAssets": 348357248000}, {"maxAge": 1, "endDate": "2019-12-31", "cash": 120125900000, "netReceivables": 149469700000, "totalCurrentAssets": 269595600000, "longTermInvestments": 849876700000, "propertyPlantEquipment": 82229100000, "otherAssets": 1786381200000, "totalAssets": 2988082600000, "accountsPayable": 2180471400000, "longTermDebt": 358220800000, "otherLiab": 101552200000, "minorityInterest": 1065300000, "totalCurrentLiabilities": 2180471400000, "totalLiab": 2640244400000, "commonStock": 103805900000, "treasuryStock": 242967000000, "otherStockholderEquity": 242967000000, "totalStockholderEquity": 346772900000, "netTangibleAssets": 346772900000}, {"maxAge": 1, "endDate": "2019-09-30", "cash": 303409500000, "totalCurrentAssets": 303409500000, "longTermInvestments": 890275600000, "propertyPlantEquipment": 82710800000, "otherAssets": 1868174800000, "totalAssets": 3144570700000, "accountsPayable": 2316972600000, "longTermDebt": 302056700000, "otherLiab": 213616900000, "minorityInterest": 1020300000, "totalCurrentLiabilities": 2316972600000, "totalLiab": 2832646200000, "commonStock": 77362900000, "treasuryStock": 233541300000, "otherStockholderEquity": 233541300000, "totalStockholderEquity": 310904200000, "netTangibleAssets": 310904200000}], "maxAge": 86400}, "earningsHistory": {"history": [{"maxAge": 1, "epsActual": {}, "epsEstimate": {}, "epsDifference": {}, "surprisePercent": {}, "quarter": {}, "period": "-4q"}, {"maxAge": 1, "epsActual": {}, "epsEstimate": {}, "epsDifference": {}, "surprisePercent": {}, "quarter": {}, "period": "-3q"}, {"maxAge": 1, "epsActual": {}, "epsEstimate": {}, "epsDifference": {}, "surprisePercent": {}, "quarter": {}, "period": "-2q"}, {"maxAge": 1, "epsActual": {}, "epsEstimate": {}, "epsDifference": {}, "surprisePercent": {}, "quarter": {}, "period": "-1q"}], "maxAge": 86400}, "indexTrend": {"maxAge": 1, "symbol": "SP5", "peRatio": 19.7411, "pegRatio": 1.34172, "estimates": [{"period": "0q", "growth": 0.549}, {"period": "+1q", "growth": 0.431}, {"period": "0y", "growth": 0.305}, {"period": "+1y", "growth": 0.109}, {"period": "+5y", "growth": 0.120865}, {"period": "-5y"}]}, "industryTrend": {"maxAge": 1, "symbol": null, "estimates": []}, "insiderTransactions": {"transactions": [{"maxAge": 1, "shares": 0, "filerUrl": "", "transactionText": "", "filerName": "LIC of India Market Plus", "filerRelation": "Promoter", "moneyText": "", "startDate": "2019-10-23", "ownership": "I"}, {"maxAge": 1, "shares": 50403230, "filerUrl": "", "transactionText": "", "filerName": "Government of India", "filerRelation": "Promoter", "moneyText": "", "startDate": "2019-10-23", "ownership": "D"}, {"maxAge": 1, "shares": 884273067, "filerUrl": "", "transactionText": "", "filerName": "LIC of India Market Plus", "filerRelation": "Promoter", "moneyText": "", "startDate": "2019-01-21", "ownership": "D"}, {"maxAge": 1, "shares": 1097326649, "filerUrl": "", "transactionText": "", "filerName": "Government of India", "filerRelation": "Promoter", "moneyText": "", "startDate": "2018-05-25", "ownership": "D"}, {"maxAge": 1, "shares": 441371502, "filerUrl": "", "transactionText": "", "filerName": "Government of India", "filerRelation": "Promoter", "moneyText": "", "startDate": "2018-03-28", "ownership": "D"}, {"maxAge": 1, "shares": 284861472, "filerUrl": "", "transactionText": "", "filerName": "Government of India", "filerRelation": "Promoter", "moneyText": "", "startDate": "2017-10-06", "ownership": "D"}, {"maxAge": 1, "shares": 940762093, "filerUrl": "", "transactionText": "", "filerName": "Government of India", "filerRelation": "Promoter", "moneyText": "", "startDate": "2017-08-14", "ownership": "D"}, {"maxAge": 1, "shares": 1800, "filerUrl": "", "transactionText": "", "filerName": "Acharya (Vipul B)", "filerRelation": "UNREPORTED", "moneyText": "", "startDate": "2014-09-03", "ownership": "D"}, {"maxAge": 1, "shares": 20200, "filerUrl": "", "transactionText": "", "filerName": "Acharya (Vipul B)", "filerRelation": "UNREPORTED", "moneyText": "", "startDate": "2014-09-01", "ownership": "D"}, {"maxAge": 1, "shares": 188556509, "filerUrl": "", "transactionText": "", "filerName": "Government of India", "filerRelation": "Promoter", "moneyText": "", "startDate": "2012-03-28", "ownership": "D"}], "maxAge": 1}, "quoteType": {"exchange": "BSE", "quoteType": "EQUITY", "symbol": "IDBI.BO", "underlyingSymbol": "IDBI.BO", "shortName": "IDBI BANK LTD.", "longName": "IDBI Bank Limited", "firstTradeDateEpochUtc": "1995-09-20 09:15:00", "timeZoneFullName": "Asia/Kolkata", "timeZoneShortName": "IST", "uuid": "7a3939fa-137f-3128-af96-db1eb6a6f70f", "gmtOffSetMilliseconds": 19800000, "maxAge": 1}, "incomeStatementHistory": {"incomeStatementHistory": [{"maxAge": 1, "endDate": "2020-03-31", "totalRevenue": -64002334000, "costOfRevenue": 0, "grossProfit": -64002334000, "researchDevelopment": {}, "sellingGeneralAdministrative": 54129714000, "nonRecurring": {}, "otherOperatingExpenses": 10341977000, "totalOperatingExpenses": 64471691000, "operatingIncome": -128474025000, "totalOtherIncomeExpenseNet": 281008000, "ebit": 0, "interestExpense": {}, "incomeBeforeTax": -128193017000, "incomeTaxExpense": 0, "minorityInterest": 1035793000, "netIncomeFromContinuingOps": -128193017000, "discontinuedOperations": {}, "extraordinaryItems": {}, "effectOfAccountingCharges": {}, "otherItems": {}, "netIncome": -128352369000, "netIncomeApplicableToCommonShares": -128352369000}, {"maxAge": 1, "endDate": "2019-03-31", "totalRevenue": -97545098000, "costOfRevenue": 0, "grossProfit": -97545098000, "researchDevelopment": {}, "sellingGeneralAdministrative": 43642664000, "nonRecurring": {}, "otherOperatingExpenses": 8941949000, "totalOperatingExpenses": 52584613000, "operatingIncome": -150129711000, "totalOtherIncomeExpenseNet": 432093000, "ebit": 0, "interestExpense": {}, "incomeBeforeTax": -149697618000, "incomeTaxExpense": 0, "minorityInterest": 969788000, "netIncomeFromContinuingOps": -149697618000, "discontinuedOperations": {}, "extraordinaryItems": {}, "effectOfAccountingCharges": {}, "otherItems": {}, "netIncome": -149867554000, "netIncomeApplicableToCommonShares": -149867554000}, {"maxAge": 1, "endDate": "2018-03-31", "totalRevenue": -32651014000, "costOfRevenue": 0, "grossProfit": -32651014000, "researchDevelopment": {}, "sellingGeneralAdministrative": 40278659000, "nonRecurring": {}, "otherOperatingExpenses": 8641388000, "totalOperatingExpenses": 48920047000, "operatingIncome": -81571061000, "totalOtherIncomeExpenseNet": 412173000, "ebit": 0, "interestExpense": {}, "incomeBeforeTax": -81158888000, "incomeTaxExpense": 0, "minorityInterest": 859569000, "netIncomeFromContinuingOps": -81158888000, "discontinuedOperations": {}, "extraordinaryItems": {}, "effectOfAccountingCharges": {}, "otherItems": {}, "netIncome": -81323999000, "netIncomeApplicableToCommonShares": -81323999000}, {"maxAge": 1, "endDate": "2017-03-31", "totalRevenue": 1737009000, "costOfRevenue": 0, "grossProfit": 1737009000, "researchDevelopment": {}, "sellingGeneralAdministrative": 44231570000, "nonRecurring": {}, "otherOperatingExpenses": 8199925000, "totalOperatingExpenses": 52431495000, "operatingIncome": -50694486000, "totalOtherIncomeExpenseNet": 725537000, "ebit": 0, "interestExpense": {}, "incomeBeforeTax": -49968949000, "incomeTaxExpense": 0, "minorityInterest": 705677000, "netIncomeFromContinuingOps": -49968949000, "discontinuedOperations": {}, "extraordinaryItems": {}, "effectOfAccountingCharges": {}, "otherItems": {}, "netIncome": -50159048000, "netIncomeApplicableToCommonShares": -50159048000}], "maxAge": 86400}, "fundOwnership": {"ownershipList": [], "maxAge": 1}, "summaryDetail": {"maxAge": 1, "priceHint": 2, "previousClose": 35.4, "open": 34.95, "dayLow": 34.55, "dayHigh": 36.0, "regularMarketPreviousClose": 35.4, "regularMarketOpen": 34.95, "regularMarketDayLow": 34.55, "regularMarketDayHigh": 36.0, "forwardPE": 6.453382, "volume": 679681, "regularMarketVolume": 679681, "averageVolume": 1239620, "averageVolume10days": 2151599, "averageDailyVolume10Day": 2151599, "bid": 0.0, "ask": 35.45, "bidSize": 0, "askSize": 0, "marketCap": 273091379200, "fiftyTwoWeekLow": 17.5, "fiftyTwoWeekHigh": 55.75, "fiftyDayAverage": 32.11212, "twoHundredDayAverage": 36.583824, "trailingAnnualDividendRate": 0.75, "trailingAnnualDividendYield": 0.02118644, "currency": "INR", "fromCurrency": null, "lastMarket": null, "algorithm": null, "tradeable": false}, "sectorTrend": {"maxAge": 1, "symbol": null, "estimates": []}, "incomeStatementHistoryQuarterly": {"incomeStatementHistory": [{"maxAge": 1, "endDate": "2020-06-30", "totalRevenue": 19441900000, "costOfRevenue": 0, "grossProfit": 19441900000, "researchDevelopment": {}, "sellingGeneralAdministrative": 8045000000, "nonRecurring": {}, "otherOperatingExpenses": 6757600000, "totalOperatingExpenses": 14802600000, "operatingIncome": 4639300000, "totalOtherIncomeExpenseNet": 0, "ebit": 0, "interestExpense": {}, "incomeBeforeTax": 4639300000, "incomeTaxExpense": 2994400000, "minorityInterest": 1089300000, "netIncomeFromContinuingOps": 1644900000, "discontinuedOperations": {}, "extraordinaryItems": {}, "effectOfAccountingCharges": {}, "otherItems": {}, "netIncome": 1591400000, "netIncomeApplicableToCommonShares": 1591400000}, {"maxAge": 1, "endDate": "2020-03-31", "totalRevenue": -17748734000, "costOfRevenue": 0, "grossProfit": -17748734000, "researchDevelopment": {}, "sellingGeneralAdministrative": 29932414000, "nonRecurring": {}, "otherOperatingExpenses": -11561823000, "totalOperatingExpenses": 18370591000, "operatingIncome": -36119325000, "totalOtherIncomeExpenseNet": 2008000, "ebit": 0, "interestExpense": {}, "incomeBeforeTax": -36117317000, "incomeTaxExpense": -37776200000, "minorityInterest": 1035793000, "netIncomeFromContinuingOps": 1658883000, "discontinuedOperations": {}, "extraordinaryItems": {}, "effectOfAccountingCharges": {}, "otherItems": {}, "netIncome": 1636031000, "netIncomeApplicableToCommonShares": 1636031000}, {"maxAge": 1, "endDate": "2019-12-31", "totalRevenue": 23402200000, "costOfRevenue": 0, "grossProfit": 23402200000, "researchDevelopment": {}, "sellingGeneralAdministrative": 8053100000, "nonRecurring": {}, "otherOperatingExpenses": 7564800000, "totalOperatingExpenses": 15617900000, "operatingIncome": 7784300000, "totalOtherIncomeExpenseNet": 207200000, "ebit": 0, "interestExpense": {}, "incomeBeforeTax": 7991500000, "incomeTaxExpense": 65233500000, "minorityInterest": 1065300000, "netIncomeFromContinuingOps": -57242000000, "discontinuedOperations": {}, "extraordinaryItems": {}, "effectOfAccountingCharges": {}, "otherItems": {}, "netIncome": -57287000000, "netIncomeApplicableToCommonShares": -57287000000}, {"maxAge": 1, "endDate": "2019-09-30", "totalRevenue": -29300000000, "costOfRevenue": 0, "grossProfit": -29300000000, "researchDevelopment": {}, "sellingGeneralAdministrative": 9718800000, "nonRecurring": {}, "otherOperatingExpenses": 7112400000, "totalOperatingExpenses": 16831200000, "operatingIncome": -46131200000, "totalOtherIncomeExpenseNet": -200000, "ebit": 0, "interestExpense": {}, "incomeBeforeTax": -46131400000, "incomeTaxExpense": -11695200000, "minorityInterest": 1020300000, "netIncomeFromContinuingOps": -34436200000, "discontinuedOperations": {}, "extraordinaryItems": {}, "effectOfAccountingCharges": {}, "otherItems": {}, "netIncome": -34488800000, "netIncomeApplicableToCommonShares": -34488800000}], "maxAge": 86400}, "cashflowStatementHistoryQuarterly": {"cashflowStatements": [{"maxAge": 1, "endDate": "2020-06-30", "netIncome": 1591400000, "changeToLiabilities": 0}, {"maxAge": 1, "endDate": "2020-03-31", "netIncome": 1636031000, "changeToLiabilities": 0}, {"maxAge": 1, "endDate": "2019-12-31", "netIncome": -57287000000, "changeToLiabilities": 0}, {"maxAge": 1, "endDate": "2019-09-30", "netIncome": -34488800000, "changeToLiabilities": 0}], "maxAge": 86400}, "insiderHolders": {"holders": [{"maxAge": 1, "name": "Acharya (Vipul B)", "relation": "UNREPORTED", "url": "", "transactionDescription": "Sale", "latestTransDate": "2014-09-03", "positionDirect": 0, "positionDirectDate": "2014-09-03"}, {"maxAge": 1, "name": "Government of India", "relation": "Promoter", "url": "", "transactionDescription": "Other", "latestTransDate": "2019-10-23", "positionDirect": 3644568565, "positionDirectDate": "2019-10-23"}, {"maxAge": 1, "name": "LIC of India Market Plus", "relation": "Promoter", "url": "", "transactionDescription": "Other", "latestTransDate": "2019-10-23", "positionIndirect": 3945510389, "positionIndirectDate": 1571788800}], "maxAge": 1}, "earnings": {"maxAge": 86400, "earningsChart": {"quarterly": [], "earningsDate": ["2020-07-28 05:30:S"]}, "financialsChart": {"yearly": [{"date": 2017, "revenue": 1737009000, "earnings": -50159048000}, {"date": 2018, "revenue": -32651014000, "earnings": -81323999000}, {"date": 2019, "revenue": -97545098000, "earnings": -149867554000}, {"date": 2020, "revenue": -64002334000, "earnings": -128352369000}], "quarterly": [{"date": "3Q2019", "revenue": -29300000000, "earnings": -34488800000}, {"date": "4Q2019", "revenue": 23402200000, "earnings": -57287000000}, {"date": "1Q2020", "revenue": -17748734000, "earnings": 1636031000}, {"date": "2Q2020", "revenue": 19441900000, "earnings": 1591400000}]}, "financialCurrency": "INR"}, "calendarEvents": {"maxAge": 1, "earnings": {"earningsDate": ["2020-07-28 05:30:S"]}}, "upgradeDowngradeHistory": {"history": [], "maxAge": 86400}, "price": {"maxAge": 1, "regularMarketChangePercent": -0.0028249235, "regularMarketChange": -0.10000229, "regularMarketTime": "2021-04-30 15:50:32", "priceHint": 2, "regularMarketPrice": 35.3, "regularMarketDayHigh": 36.0, "regularMarketDayLow": 34.55, "regularMarketVolume": 679681, "averageDailyVolume10Day": 2151599, "averageDailyVolume3Month": 1239620, "regularMarketPreviousClose": 35.4, "regularMarketSource": "FREE_REALTIME", "regularMarketOpen": 34.95, "exchange": "BSE", "exchangeName": "BSE", "exchangeDataDelayedBy": 0, "marketState": "CLOSED", "quoteType": "EQUITY", "symbol": "IDBI.BO", "underlyingSymbol": null, "shortName": "IDBI BANK LTD.", "longName": "IDBI Bank Limited", "currency": "INR", "quoteSourceName": "Delayed Quote", "currencySymbol": "\u20b9", "fromCurrency": null, "lastMarket": null, "marketCap": 273091379200}, "balanceSheetHistory": {"balanceSheetStatements": [{"maxAge": 1, "endDate": "2020-03-31", "cash": 220959820000, "netReceivables": 3348382000, "inventory": 7919893000, "otherCurrentAssets": 168549477000, "totalCurrentAssets": 400777572000, "longTermInvestments": 1058272936000, "propertyPlantEquipment": 82067595000, "otherAssets": 1466015222000, "deferredLongTermAssetCharges": 157595428000, "totalAssets": 3007133325000, "accountsPayable": 2224054689000, "shortLongTermDebt": 109888560000, "otherCurrentLiab": 9560910000, "longTermDebt": 257600000000, "otherLiab": 48480844000, "minorityInterest": 1035793000, "totalCurrentLiabilities": 2351659440000, "totalLiab": 2657740284000, "commonStock": 103805940000, "retainedEarnings": -347523970000, "treasuryStock": 95386308000, "capitalSurplus": 496688970000, "otherStockholderEquity": 95386308000, "totalStockholderEquity": 348357248000, "netTangibleAssets": 348357248000}, {"maxAge": 1, "endDate": "2019-03-31", "cash": 106317180000, "netReceivables": 4313143000, "inventory": 7919893000, "otherCurrentAssets": 182398583000, "totalCurrentAssets": 300948799000, "longTermInvestments": 1148655629000, "propertyPlantEquipment": 83099081000, "otherAssets": 1678410471000, "deferredLongTermAssetCharges": 196886118000, "totalAssets": 3211113980000, "accountsPayable": 2273764106000, "otherCurrentLiab": 16765265000, "longTermDebt": 452877239000, "otherLiab": 72893228000, "minorityInterest": 969788000, "totalCurrentLiabilities": 2300906639000, "totalLiab": 2826677106000, "commonStock": 77362949000, "retainedEarnings": -220053503000, "treasuryStock": 96025677000, "capitalSurplus": 430131963000, "otherStockholderEquity": 96025677000, "totalStockholderEquity": 383467086000, "netTangibleAssets": 383467086000}, {"maxAge": 1, "endDate": "2018-03-31", "cash": 221101361000, "netReceivables": 13375332000, "inventory": 7919893000, "otherCurrentAssets": 186805666000, "totalCurrentAssets": 429202252000, "longTermInvestments": 1163730594000, "propertyPlantEquipment": 68529278000, "otherAssets": 1847626510000, "deferredLongTermAssetCharges": 119891239000, "totalAssets": 3509088634000, "accountsPayable": 2481738748000, "otherCurrentLiab": 15578390000, "longTermDebt": 631855272000, "otherLiab": 147352670000, "minorityInterest": 859569000, "totalCurrentLiabilities": 2509941561000, "totalLiab": 3289149503000, "commonStock": 30838627000, "retainedEarnings": -71235770000, "treasuryStock": 77871877000, "capitalSurplus": 181604828000, "otherStockholderEquity": 77871877000, "totalStockholderEquity": 219079562000, "netTangibleAssets": 219079562000}, {"maxAge": 1, "endDate": "2017-03-31", "cash": 215229667000, "netReceivables": 4880962000, "inventory": 7919893000, "otherCurrentAssets": 170267112000, "totalCurrentAssets": 398297634000, "longTermInvestments": 1154803170000, "propertyPlantEquipment": 74332261000, "otherAssets": 1997446517000, "deferredLongTermAssetCharges": 76242112000, "totalAssets": 3624879582000, "accountsPayable": 2685838599000, "otherCurrentLiab": 14418284000, "longTermDebt": 563639773000, "otherLiab": 112807139000, "minorityInterest": 705677000, "totalCurrentLiabilities": 2715103883000, "totalLiab": 3391550795000, "commonStock": 20588151000, "retainedEarnings": 16438493000, "treasuryStock": 72581162000, "capitalSurplus": 123015304000, "otherStockholderEquity": 72581162000, "totalStockholderEquity": 232623110000, "netTangibleAssets": 232623110000}], "maxAge": 86400}, "earningsTrend": {"trend": [{"maxAge": 1, "period": "0q", "endDate": null, "growth": {}, "earningsEstimate": {"avg": 0.0, "low": 0.0, "high": 0.0, "yearAgoEps": {}, "numberOfAnalysts": 0, "growth": {}}, "revenueEstimate": {"avg": 0, "low": 0, "high": 0, "numberOfAnalysts": 0, "yearAgoRevenue": {}, "growth": {}}, "epsTrend": {"current": 0.0, "7daysAgo": 0.0, "30daysAgo": 0.0, "60daysAgo": 0.0, "90daysAgo": 0.0}, "epsRevisions": {"upLast7days": 0, "upLast30days": 0, "downLast30days": 0, "downLast90days": {}}}, {"maxAge": 1, "period": "+1q", "endDate": null, "growth": {}, "earningsEstimate": {"avg": 0.0, "low": 0.0, "high": 0.0, "yearAgoEps": {}, "numberOfAnalysts": 0, "growth": {}}, "revenueEstimate": {"avg": 0, "low": 0, "high": 0, "numberOfAnalysts": 0, "yearAgoRevenue": {}, "growth": {}}, "epsTrend": {"current": 0.0, "7daysAgo": 0.0, "30daysAgo": 0.0, "60daysAgo": 0.0, "90daysAgo": 0.0}, "epsRevisions": {"upLast7days": 0, "upLast30days": 0, "downLast30days": 0, "downLast90days": {}}}, {"maxAge": 1, "period": "0y", "endDate": null, "growth": {}, "earningsEstimate": {"avg": 0.0, "low": 0.0, "high": 0.0, "yearAgoEps": {}, "numberOfAnalysts": 0, "growth": {}}, "revenueEstimate": {"avg": 0, "low": 0, "high": 0, "numberOfAnalysts": 0, "yearAgoRevenue": {}, "growth": {}}, "epsTrend": {"current": 0.0, "7daysAgo": 0.0, "30daysAgo": 0.0, "60daysAgo": 0.0, "90daysAgo": 0.0}, "epsRevisions": {"upLast7days": 0, "upLast30days": 0, "downLast30days": 0, "downLast90days": {}}}, {"maxAge": 1, "period": "+1y", "endDate": null, "growth": {}, "earningsEstimate": {"avg": 0.0, "low": 0.0, "high": 0.0, "yearAgoEps": {}, "numberOfAnalysts": 0, "growth": {}}, "revenueEstimate": {"avg": 0, "low": 0, "high": 0, "numberOfAnalysts": 0, "yearAgoRevenue": {}, "growth": {}}, "epsTrend": {"current": 0.0, "7daysAgo": 0.0, "30daysAgo": 0.0, "60daysAgo": 0.0, "90daysAgo": 0.0}, "epsRevisions": {"upLast7days": 0, "upLast30days": 0, "downLast30days": 0, "downLast90days": {}}}, {"maxAge": 1, "period": "+5y", "endDate": null, "growth": 0.2, "earningsEstimate": {"avg": {}, "low": {}, "high": {}, "yearAgoEps": {}, "numberOfAnalysts": {}, "growth": {}}, "revenueEstimate": {"avg": {}, "low": {}, "high": {}, "numberOfAnalysts": {}, "yearAgoRevenue": {}, "growth": {}}, "epsTrend": {"current": {}, "7daysAgo": {}, "30daysAgo": {}, "60daysAgo": {}, "90daysAgo": {}}, "epsRevisions": {"upLast7days": {}, "upLast30days": {}, "downLast30days": {}, "downLast90days": {}}}, {"maxAge": 1, "period": "-5y", "endDate": null, "growth": {}, "earningsEstimate": {"avg": {}, "low": {}, "high": {}, "yearAgoEps": {}, "numberOfAnalysts": {}, "growth": {}}, "revenueEstimate": {"avg": {}, "low": {}, "high": {}, "numberOfAnalysts": {}, "yearAgoRevenue": {}, "growth": {}}, "epsTrend": {"current": {}, "7daysAgo": {}, "30daysAgo": {}, "60daysAgo": {}, "90daysAgo": {}}, "epsRevisions": {"upLast7days": {}, "upLast30days": {}, "downLast30days": {}, "downLast90days": {}}}], "maxAge": 1}, "financialData": {"maxAge": 86400, "currentPrice": 35.3, "targetHighPrice": 41.0, "targetLowPrice": 41.0, "targetMeanPrice": 41.0, "targetMedianPrice": 41.0, "recommendationKey": "none", "numberOfAnalystOpinions": 1, "grossProfits": -64002334000, "financialCurrency": "INR"}}}