{"IDEA.BO": {"recommendationTrend": {"trend": [{"period": "0m", "strongBuy": 0, "buy": 0, "hold": 0, "sell": 0, "strongSell": 0}, {"period": "-1m", "strongBuy": 0, "buy": 0, "hold": 0, "sell": 0, "strongSell": 0}, {"period": "-2m", "strongBuy": 0, "buy": 0, "hold": 0, "sell": 0, "strongSell": 0}, {"period": "-3m", "strongBuy": 0, "buy": 0, "hold": 0, "sell": 0, "strongSell": 0}], "maxAge": 86400}, "cashflowStatementHistory": {"cashflowStatements": [{"maxAge": 1, "endDate": "2020-03-31", "netIncome": -738781000000, "depreciation": 239932000000, "changeToNetincome": 660947000000, "changeToAccountReceivables": -807000000, "changeToLiabilities": -11012000000, "changeToInventory": 17000000, "changeToOperatingActivities": -80653000000, "totalCashFromOperatingActivities": 73275000000, "capitalExpenditures": -79662000000, "investments": 48919000000, "otherCashflowsFromInvestingActivities": 1194000000, "totalCashflowsFromInvestingActivities": -27898000000, "netBorrowings": -146766000000, "otherCashflowsFromFinancingActivities": -153419000000, "totalCashFromFinancingActivities": -50187000000, "changeInCash": -3889000000, "issuanceOfStock": 249998000000}, {"maxAge": 1, "endDate": "2019-03-31", "netIncome": -146039000000, "depreciation": 142461000000, "changeToNetincome": 26131000000, "changeToAccountReceivables": 3506000000, "changeToLiabilities": 40872000000, "changeToInventory": 361000000, "changeToOperatingActivities": -16709000000, "totalCashFromOperatingActivities": 53478000000, "capitalExpenditures": -76519000000, "investments": -4302000000, "otherCashflowsFromInvestingActivities": 3334000000, "totalCashflowsFromInvestingActivities": -73788000000, "netBorrowings": 21299000000, "otherCashflowsFromFinancingActivities": -50794000000, "totalCashFromFinancingActivities": -29494000000, "changeInCash": 7582000000, "issuanceOfStock": 1000000}, {"maxAge": 1, "endDate": "2018-03-31", "netIncome": -41682000000, "depreciation": 82686000000, "changeToNetincome": 15119000000, "changeToAccountReceivables": 1996000000, "changeToLiabilities": -4558000000, "changeToInventory": 221000000, "changeToOperatingActivities": -1863000000, "totalCashFromOperatingActivities": 53324000000, "capitalExpenditures": -86508000000, "investments": -9376000000, "otherCashflowsFromInvestingActivities": 2674000000, "totalCashflowsFromInvestingActivities": -92717000000, "netBorrowings": 26935000000, "otherCashflowsFromFinancingActivities": -55244000000, "totalCashFromFinancingActivities": 39249000000, "changeInCash": -459000000, "issuanceOfStock": 67558000000}, {"maxAge": 1, "endDate": "2017-03-31", "netIncome": -3996960000, "depreciation": 77160530000, "changeToNetincome": 23463880000, "changeToAccountReceivables": -3614160000, "changeToLiabilities": 8456650000, "changeToInventory": 477440000, "changeToOperatingActivities": 1697850000, "totalCashFromOperatingActivities": 104756740000, "capitalExpenditures": -53312810000, "investments": -33471910000, "otherCashflowsFromInvestingActivities": -2947620000, "totalCashflowsFromInvestingActivities": -155556920000, "dividendsPaid": -2598890000, "netBorrowings": 84296750000, "otherCashflowsFromFinancingActivities": -36733420000, "totalCashFromFinancingActivities": 45061290000, "changeInCash": -5738890000, "issuanceOfStock": 96850000}], "maxAge": 86400}, "indexTrend": {"maxAge": 1, "symbol": "SP5", "peRatio": 19.7411, "pegRatio": 1.34172, "estimates": [{"period": "0q", "growth": 0.549}, {"period": "+1q", "growth": 0.431}, {"period": "0y", "growth": 0.305}, {"period": "+1y", "growth": 0.109}, {"period": "+5y", "growth": 0.120865}, {"period": "-5y"}]}, "industryTrend": {"maxAge": 1, "symbol": null, "estimates": []}, "quoteType": {"exchange": "BSE", "quoteType": "EQUITY", "symbol": "IDEA.BO", "underlyingSymbol": "IDEA.BO", "shortName": "VODAFONE IDEA  LIMITED", "longName": "Vodafone Idea Limited", "firstTradeDateEpochUtc": "2007-03-09 09:15:00", "timeZoneFullName": "Asia/Kolkata", "timeZoneShortName": "IST", "uuid": "4fc6dc89-d642-37c6-bc85-4366dea7ab43", "gmtOffSetMilliseconds": 19800000, "maxAge": 1}, "incomeStatementHistory": {"incomeStatementHistory": [{"maxAge": 1, "endDate": "2020-03-31", "totalRevenue": 449167000000, "costOfRevenue": 272583000000, "grossProfit": 176584000000, "researchDevelopment": {}, "sellingGeneralAdministrative": 11692000000, "nonRecurring": {}, "otherOperatingExpenses": 15970000000, "totalOperatingExpenses": 543809000000, "operatingIncome": -94642000000, "totalOtherIncomeExpenseNet": -523328000000, "ebit": -94642000000, "interestExpense": -147116000000, "incomeBeforeTax": -617970000000, "incomeTaxExpense": 120811000000, "minorityInterest": {}, "netIncomeFromContinuingOps": -738781000000, "discontinuedOperations": {}, "extraordinaryItems": {}, "effectOfAccountingCharges": {}, "otherItems": {}, "netIncome": -738781000000, "netIncomeApplicableToCommonShares": -739049000000}, {"maxAge": 1, "endDate": "2019-03-31", "totalRevenue": 370056000000, "costOfRevenue": 302817000000, "grossProfit": 67239000000, "researchDevelopment": {}, "sellingGeneralAdministrative": 14824000000, "nonRecurring": {}, "otherOperatingExpenses": 11931000000, "totalOperatingExpenses": 474928000000, "operatingIncome": -104872000000, "totalOtherIncomeExpenseNet": -76882000000, "ebit": -104872000000, "interestExpense": -92184000000, "incomeBeforeTax": -181754000000, "incomeTaxExpense": -35715000000, "minorityInterest": {}, "netIncomeFromContinuingOps": -146039000000, "discontinuedOperations": {}, "extraordinaryItems": {}, "effectOfAccountingCharges": {}, "otherItems": {}, "netIncome": -146039000000, "netIncomeApplicableToCommonShares": -146286000000}, {"maxAge": 1, "endDate": "2018-03-31", "totalRevenue": 282471000000, "costOfRevenue": 203997000000, "grossProfit": 78474000000, "researchDevelopment": {}, "sellingGeneralAdministrative": 11682000000, "nonRecurring": {}, "otherOperatingExpenses": 6814000000, "totalOperatingExpenses": 306584000000, "operatingIncome": -24113000000, "totalOtherIncomeExpenseNet": -40879000000, "ebit": -24113000000, "interestExpense": -48309000000, "incomeBeforeTax": -64992000000, "incomeTaxExpense": -23310000000, "minorityInterest": {}, "netIncomeFromContinuingOps": -41682000000, "discontinuedOperations": {}, "extraordinaryItems": {}, "effectOfAccountingCharges": {}, "otherItems": {}, "netIncome": -41682000000, "netIncomeApplicableToCommonShares": -41966000000}, {"maxAge": 1, "endDate": "2017-03-31", "totalRevenue": 355526550000, "costOfRevenue": 232911610000, "grossProfit": 122614940000, "researchDevelopment": {}, "sellingGeneralAdministrative": 12560900000, "nonRecurring": {}, "otherOperatingExpenses": 7944890000, "totalOperatingExpenses": 331689440000, "operatingIncome": 23837110000, "totalOtherIncomeExpenseNet": -32469460000, "ebit": 23837110000, "interestExpense": -39021060000, "incomeBeforeTax": -8632350000, "incomeTaxExpense": -4635390000, "minorityInterest": {}, "netIncomeFromContinuingOps": -3996960000, "discontinuedOperations": {}, "extraordinaryItems": {}, "effectOfAccountingCharges": {}, "otherItems": {}, "netIncome": -3996960000, "netIncomeApplicableToCommonShares": -4420130000}], "maxAge": 86400}, "fundOwnership": {"ownershipList": [{"maxAge": 1, "reportDate": "2020-07-31", "organization": "Vanguard International Stock Index-Total Intl Stock Indx", "pctHeld": 0.0047999998, "position": 138761866, "value": 1165599674}, {"maxAge": 1, "reportDate": "2020-07-31", "organization": "Vanguard International Stock Index-Emerging Markets Stk", "pctHeld": 0.0038, "position": 109051398, "value": 916031743}, {"maxAge": 1, "reportDate": "2020-07-31", "organization": "DFA Investment Dimensions-DFA Emerging Mkts Value", "pctHeld": 0.0023999999, "position": 69135814, "value": 580740837}, {"maxAge": 1, "reportDate": "2020-07-31", "organization": "iShares Core MSCI Emerging Markets ETF", "pctHeld": 0.0023, "position": 66042564, "value": 554757537}, {"maxAge": 1, "reportDate": "2020-07-31", "organization": "DFA Emerging Markets Core Equity Portfolio", "pctHeld": 0.0019, "position": 55670170, "value": 467629428}, {"maxAge": 1, "reportDate": "2020-06-30", "organization": "PIMCO Equity Series-PIMCO RAE Emerging Markets Fd", "pctHeld": 0.0011, "position": 32538946, "value": 345563606}, {"maxAge": 1, "reportDate": "2020-07-31", "organization": "Harbor International Fund", "pctHeld": 0.0011, "position": 31023436, "value": 260596862}, {"maxAge": 1, "reportDate": "2020-07-31", "organization": "DFA Emerging Markets Small Cap Series", "pctHeld": 0.00090000004, "position": 26426231, "value": 221980340}, {"maxAge": 1, "reportDate": "2020-08-31", "organization": "iShares MSCI India Small Cap ETF", "pctHeld": 0.0007, "position": 19074160, "value": 194365690}, {"maxAge": 1, "reportDate": "2020-06-30", "organization": "Vanguard Horizon Fund-Global Equity Portfolio", "pctHeld": 0.00059999997, "position": 16596898, "value": 176259056}], "maxAge": 1}, "summaryDetail": {"maxAge": 1, "priceHint": 2, "previousClose": 8.4, "open": 8.36, "dayLow": 8.31, "dayHigh": 8.59, "regularMarketPreviousClose": 8.4, "regularMarketOpen": 8.36, "regularMarketDayLow": 8.31, "regularMarketDayHigh": 8.59, "forwardPE": -0.5241379, "volume": 24655971, "regularMarketVolume": 24655971, "averageVolume": 91524633, "averageVolume10days": 92575532, "averageDailyVolume10Day": 92575532, "bid": 8.32, "ask": 8.34, "bidSize": 0, "askSize": 0, "marketCap": 241085677568, "fiftyTwoWeekLow": 2.83, "fiftyTwoWeekHigh": 13.8, "fiftyDayAverage": 11.4042425, "twoHundredDayAverage": 9.841177, "trailingAnnualDividendRate": 0.6, "trailingAnnualDividendYield": 0.071428575, "currency": "INR", "fromCurrency": null, "lastMarket": null, "algorithm": null, "tradeable": false}, "insiderHolders": {"holders": [{"maxAge": 1, "name": "Balaji (P)", "relation": "UNREPORTED", "url": "", "transactionDescription": "Acquisition", "latestTransDate": "2019-12-06", "positionDirect": 700000, "positionDirectDate": "2019-12-06"}, {"maxAge": 1, "name": "Birla TMT Holdings Pvt. Ltd.", "relation": "UNREPORTED", "url": "", "transactionDescription": "Purchase", "latestTransDate": "2018-08-31", "positionDirect": 353798538, "positionDirectDate": "2018-08-31"}, {"maxAge": 1, "name": "IGH Holdings Pvt Ltd", "relation": "Promoter", "url": "", "transactionDescription": "Acquisition", "latestTransDate": "2019-09-04", "positionDirect": 407528454, "positionDirectDate": "2019-09-04"}, {"maxAge": 1, "name": "Kapania (Himanshu)", "relation": "Managing Director", "url": "", "transactionDescription": "Sale", "latestTransDate": "2018-08-06", "positionDirect": 822708, "positionDirectDate": "2018-08-06"}, {"maxAge": 1, "name": "Moondra (Akshaya)", "relation": "Wholetime Director", "url": "", "transactionDescription": "Sale", "latestTransDate": "2019-03-28", "positionDirect": 262444, "positionDirectDate": "2019-03-28"}, {"maxAge": 1, "name": "Pilani Investment & Industries Corporation, Ltd.", "relation": "Promoter", "url": "", "transactionDescription": "Acquisition", "latestTransDate": "2019-08-29", "positionDirect": 109028530, "positionDirectDate": "2019-08-29"}, {"maxAge": 1, "name": "Shankar (Sashi)", "relation": "UNREPORTED", "url": "", "transactionDescription": "Sale", "latestTransDate": "2019-03-28", "positionDirect": 0, "positionDirectDate": "2019-03-28"}, {"maxAge": 1, "name": "Sharma (Kamal)", "relation": "UNREPORTED", "url": "", "transactionDescription": "Sale", "latestTransDate": "2019-03-28", "positionDirect": 37500, "positionDirectDate": "2019-03-28"}, {"maxAge": 1, "name": "Verghese (Vinu)", "relation": "UNREPORTED", "url": "", "transactionDescription": "Sale", "latestTransDate": "2019-03-29", "positionDirect": 73667, "positionDirectDate": "2019-03-29"}, {"maxAge": 1, "name": "Vodafone International Holdings BV", "relation": "UNREPORTED", "url": "", "transactionDescription": "Sale", "latestTransDate": "2018-08-31", "positionDirect": 792754922, "positionDirectDate": "2018-08-31"}], "maxAge": 1}, "calendarEvents": {"maxAge": 1, "earnings": {"earningsDate": ["2019-07-29 05:30:S", "2019-08-02 05:30:S"], "earningsAverage": -5.7, "earningsLow": -6.75, "earningsHigh": -4.65, "revenueAverage": 125895000000, "revenueLow": 118752000000, "revenueHigh": 130280000000}}, "upgradeDowngradeHistory": {"history": [], "maxAge": 86400}, "price": {"maxAge": 1, "regularMarketChangePercent": -0.0047619003, "regularMarketChange": -0.03999996, "regularMarketTime": "2021-04-30 15:59:53", "priceHint": 2, "regularMarketPrice": 8.36, "regularMarketDayHigh": 8.59, "regularMarketDayLow": 8.31, "regularMarketVolume": 24655971, "averageDailyVolume10Day": 92575532, "averageDailyVolume3Month": 91524633, "regularMarketPreviousClose": 8.4, "regularMarketSource": "FREE_REALTIME", "regularMarketOpen": 8.36, "exchange": "BSE", "exchangeName": "BSE", "exchangeDataDelayedBy": 0, "marketState": "CLOSED", "quoteType": "EQUITY", "symbol": "IDEA.BO", "underlyingSymbol": null, "shortName": "VODAFONE IDEA  LIMITED", "longName": "Vodafone Idea Limited", "currency": "INR", "quoteSourceName": "Delayed Quote", "currencySymbol": "\u20b9", "fromCurrency": null, "lastMarket": null, "marketCap": 241085677568}, "balanceSheetHistory": {"balanceSheetStatements": [{"maxAge": 1, "endDate": "2020-03-31", "cash": 3708000000, "shortTermInvestments": 21052000000, "netReceivables": 110761000000, "inventory": 25000000, "otherCurrentAssets": 28534000000, "totalCurrentAssets": 166861000000, "longTermInvestments": 15244000000, "propertyPlantEquipment": 673528000000, "intangibleAssets": 1195558000000, "otherAssets": 218005000000, "deferredLongTermAssetCharges": 20000000, "totalAssets": 2269196000000, "accountsPayable": 117634000000, "shortLongTermDebt": 186829000000, "otherCurrentLiab": 542403000000, "longTermDebt": 962804000000, "otherLiab": 124525000000, "totalCurrentLiabilities": 957790000000, "totalLiab": 2209397000000, "commonStock": 287354000000, "retainedEarnings": -1018200000000, "treasuryStock": -294053000000, "capitalSurplus": 1084698000000, "otherStockholderEquity": -294053000000, "totalStockholderEquity": 59799000000, "netTangibleAssets": -1135759000000}, {"maxAge": 1, "endDate": "2019-03-31", "cash": 8428000000, "shortTermInvestments": 67088000000, "netReceivables": 100840000000, "inventory": 42000000, "otherCurrentAssets": 4596000000, "totalCurrentAssets": 183812000000, "longTermInvestments": 15298000000, "propertyPlantEquipment": 526113000000, "goodWill": 36000000, "intangibleAssets": 1302210000000, "otherAssets": 269526000000, "deferredLongTermAssetCharges": 103385000000, "totalAssets": 2296995000000, "accountsPayable": 126486000000, "shortLongTermDebt": 174163000000, "otherCurrentLiab": 136027000000, "longTermDebt": 1044029000000, "otherLiab": 114234000000, "totalCurrentLiabilities": 542384000000, "totalLiab": 1700647000000, "commonStock": 87356000000, "retainedEarnings": -232672000000, "treasuryStock": -293868000000, "capitalSurplus": 1035532000000, "otherStockholderEquity": -293868000000, "totalStockholderEquity": 596348000000, "netTangibleAssets": -705898000000}, {"maxAge": 1, "endDate": "2018-03-31", "cash": 193000000, "shortTermInvestments": 56304000000, "netReceivables": 32920000000, "inventory": 367000000, "otherCurrentAssets": 11515000000, "totalCurrentAssets": 102346000000, "longTermInvestments": 16601000000, "propertyPlantEquipment": 251062000000, "goodWill": 61000000, "intangibleAssets": 581649000000, "otherAssets": 34053000000, "deferredLongTermAssetCharges": 12052000000, "totalAssets": 985772000000, "accountsPayable": 35479000000, "shortLongTermDebt": 10226000000, "otherCurrentLiab": 60410000000, "longTermDebt": 569408000000, "otherLiab": 35430000000, "totalCurrentLiabilities": 108309000000, "totalLiab": 713147000000, "commonStock": 43593000000, "retainedEarnings": 30468000000, "treasuryStock": 5210000000, "capitalSurplus": 193354000000, "otherStockholderEquity": 5210000000, "totalStockholderEquity": 272625000000, "netTangibleAssets": -309085000000}, {"maxAge": 1, "endDate": "2017-03-31", "cash": 782460000, "shortTermInvestments": 48997520000, "netReceivables": 23661760000, "inventory": 587970000, "otherCurrentAssets": 1411030000, "totalCurrentAssets": 76325250000, "longTermInvestments": 14784750000, "propertyPlantEquipment": 241745950000, "goodWill": 61200000, "intangibleAssets": 601176250000, "otherAssets": 32953540000, "deferredLongTermAssetCharges": 368970000, "totalAssets": 967046940000, "accountsPayable": 40776670000, "shortLongTermDebt": 33820180000, "otherCurrentLiab": 64425550000, "longTermDebt": 516378280000, "otherLiab": 32731660000, "totalCurrentLiabilities": 170614560000, "totalLiab": 719724500000, "commonStock": 36053280000, "retainedEarnings": 75241640000, "treasuryStock": 2658250000, "capitalSurplus": 133369270000, "otherStockholderEquity": 2658250000, "totalStockholderEquity": 247322440000, "netTangibleAssets": -353915010000}], "maxAge": 86400}, "earningsTrend": {"trend": [{"maxAge": 1, "period": "0q", "endDate": "2018-12-31", "growth": -0.592, "earningsEstimate": {"avg": -5.7, "low": -6.75, "high": -4.65, "yearAgoEps": -3.58, "numberOfAnalysts": 2, "growth": -0.592}, "revenueEstimate": {"avg": 125895000000, "low": 118752000000, "high": 130280000000, "numberOfAnalysts": 3, "yearAgoRevenue": 65096000000, "growth": 0.934}, "epsTrend": {"current": -5.7, "7daysAgo": -3.52, "30daysAgo": -3.52, "60daysAgo": -3.54, "90daysAgo": -3.54}, "epsRevisions": {"upLast7days": 0, "upLast30days": 0, "downLast30days": 1, "downLast90days": {}}}, {"maxAge": 1, "period": "+1q", "endDate": "2019-03-31", "growth": 0.759, "earningsEstimate": {"avg": -0.59, "low": -3.04, "high": 1.86, "yearAgoEps": -2.45, "numberOfAnalysts": 2, "growth": 0.759}, "revenueEstimate": {"avg": 127674000000, "low": 119226000000, "high": 135037000000, "numberOfAnalysts": 3, "yearAgoRevenue": 61373000000, "growth": 1.08}, "epsTrend": {"current": -0.59, "7daysAgo": -3.33, "30daysAgo": -3.33, "60daysAgo": -5.53, "90daysAgo": -5.53}, "epsRevisions": {"upLast7days": 1, "upLast30days": 1, "downLast30days": 0, "downLast90days": {}}}, {"maxAge": 1, "period": "0y", "endDate": "2019-03-31", "growth": -0.65800005, "earningsEstimate": {"avg": -18.83, "low": -71.5, "high": -8.3, "yearAgoEps": -11.36, "numberOfAnalysts": 17, "growth": -0.65800005}, "revenueEstimate": {"avg": 409308000000, "low": 361046000000, "high": 542344000000, "numberOfAnalysts": 17, "yearAgoRevenue": 282789000000, "growth": 0.447}, "epsTrend": {"current": -18.83, "7daysAgo": -16.09, "30daysAgo": -16.27, "60daysAgo": -16.3, "90daysAgo": -16.18}, "epsRevisions": {"upLast7days": 1, "upLast30days": 4, "downLast30days": 4, "downLast90days": {}}}, {"maxAge": 1, "period": "+1y", "endDate": "2020-03-31", "growth": 0.153, "earningsEstimate": {"avg": -15.95, "low": -51.2, "high": -7.9, "yearAgoEps": -18.83, "numberOfAnalysts": 18, "growth": 0.153}, "revenueEstimate": {"avg": 482159000000, "low": 399693000000, "high": 570898000000, "numberOfAnalysts": 18, "yearAgoRevenue": 409308000000, "growth": 0.17799999}, "epsTrend": {"current": -15.95, "7daysAgo": -14.38, "30daysAgo": -13.57, "60daysAgo": -13.42, "90daysAgo": -12.82}, "epsRevisions": {"upLast7days": 3, "upLast30days": 4, "downLast30days": 2, "downLast90days": {}}}, {"maxAge": 1, "period": "+5y", "endDate": null, "growth": 0.072, "earningsEstimate": {"avg": {}, "low": {}, "high": {}, "yearAgoEps": {}, "numberOfAnalysts": {}, "growth": {}}, "revenueEstimate": {"avg": {}, "low": {}, "high": {}, "numberOfAnalysts": {}, "yearAgoRevenue": {}, "growth": {}}, "epsTrend": {"current": {}, "7daysAgo": {}, "30daysAgo": {}, "60daysAgo": {}, "90daysAgo": {}}, "epsRevisions": {"upLast7days": {}, "upLast30days": {}, "downLast30days": {}, "downLast90days": {}}}, {"maxAge": 1, "period": "-5y", "endDate": null, "growth": -0.2665, "earningsEstimate": {"avg": {}, "low": {}, "high": {}, "yearAgoEps": {}, "numberOfAnalysts": {}, "growth": {}}, "revenueEstimate": {"avg": {}, "low": {}, "high": {}, "numberOfAnalysts": {}, "yearAgoRevenue": {}, "growth": {}}, "epsTrend": {"current": {}, "7daysAgo": {}, "30daysAgo": {}, "60daysAgo": {}, "90daysAgo": {}}, "epsRevisions": {"upLast7days": {}, "upLast30days": {}, "downLast30days": {}, "downLast90days": {}}}], "maxAge": 1}, "institutionOwnership": {"ownershipList": [], "maxAge": 1}, "balanceSheetHistoryQuarterly": {"balanceSheetStatements": [{"maxAge": 1, "endDate": "2020-06-30", "totalStockholderEquity": 59799000000, "netTangibleAssets": -1135759000000}, {"maxAge": 1, "endDate": "2020-03-31", "cash": 3708000000, "shortTermInvestments": 21052000000, "netReceivables": 110761000000, "inventory": 25000000, "otherCurrentAssets": 28534000000, "totalCurrentAssets": 166861000000, "longTermInvestments": 15244000000, "propertyPlantEquipment": 673528000000, "intangibleAssets": 1195558000000, "otherAssets": 218005000000, "deferredLongTermAssetCharges": 20000000, "totalAssets": 2269196000000, "accountsPayable": 117634000000, "shortLongTermDebt": 186829000000, "otherCurrentLiab": 542403000000, "longTermDebt": 962804000000, "otherLiab": 124525000000, "totalCurrentLiabilities": 957790000000, "totalLiab": 2209397000000, "commonStock": 287354000000, "retainedEarnings": -1018200000000, "treasuryStock": -294053000000, "capitalSurplus": 1084698000000, "otherStockholderEquity": -294053000000, "totalStockholderEquity": 59799000000, "netTangibleAssets": -1135759000000}, {"maxAge": 1, "endDate": "2019-12-31", "cash": 85101000000, "shortTermInvestments": 130224000000, "netReceivables": 31494000000, "inventory": 20000000, "otherCurrentAssets": 82999000000, "totalCurrentAssets": 329838000000, "longTermInvestments": 27423000000, "propertyPlantEquipment": 670108000000, "goodWill": 36000000, "intangibleAssets": 1237319000000, "otherAssets": 134895000000, "deferredLongTermAssetCharges": 22000000, "totalAssets": 2399619000000, "accountsPayable": 115685000000, "shortLongTermDebt": 148000000000, "otherCurrentLiab": 658277000000, "longTermDebt": 1010465000000, "otherLiab": 290962000000, "totalCurrentLiabilities": 921963000000, "totalLiab": 2223390000000, "commonStock": 287354000000, "treasuryStock": -111125000000, "otherStockholderEquity": -111125000000, "totalStockholderEquity": 176229000000, "netTangibleAssets": -1061126000000}, {"maxAge": 1, "endDate": "2019-09-30", "cash": 128274000000, "shortTermInvestments": 114252000000, "netReceivables": 31131000000, "inventory": 28000000, "otherCurrentAssets": 76916000000, "totalCurrentAssets": 350601000000, "longTermInvestments": 23840000000, "propertyPlantEquipment": 680870000000, "goodWill": 36000000, "intangibleAssets": 1258588000000, "otherAssets": 155533000000, "deferredLongTermAssetCharges": 22000000, "totalAssets": 2469468000000, "accountsPayable": 110207000000, "otherCurrentLiab": 864906000000, "longTermDebt": 994904000000, "otherLiab": 257067000000, "totalCurrentLiabilities": 976811000000, "totalLiab": 2228782000000, "commonStock": 287354000000, "treasuryStock": -46668000000, "otherStockholderEquity": -46668000000, "totalStockholderEquity": 240686000000, "netTangibleAssets": -1017938000000}], "maxAge": 86400}, "earningsHistory": {"history": [{"maxAge": 1, "epsActual": -3.58, "epsEstimate": -3.5, "epsDifference": -0.08, "surprisePercent": -0.023, "quarter": "2017-12-31", "period": "-4q"}, {"maxAge": 1, "epsActual": -2.45, "epsEstimate": -3.94, "epsDifference": 1.49, "surprisePercent": 0.378, "quarter": "2018-03-31", "period": "-3q"}, {"maxAge": 1, "epsActual": -3.97, "epsEstimate": -3.74, "epsDifference": -0.23, "surprisePercent": -0.061, "quarter": "2018-06-30", "period": "-2q"}, {"maxAge": 1, "epsActual": -7.57, "epsEstimate": -4.27, "epsDifference": -3.3, "surprisePercent": -0.773, "quarter": "2018-09-30", "period": "-1q"}], "maxAge": 86400}, "esgScores": {"maxAge": 86400, "totalEsg": 31.07, "environmentScore": 7.64, "socialScore": 14.46, "governanceScore": 8.98, "ratingYear": 2020, "ratingMonth": 10, "highestControversy": 3.0, "esgPerformance": "LEAD_PERF", "peerCount": 64, "peerGroup": "Telecommunication Services", "relatedControversy": ["Business Ethics Incidents"], "peerEsgScorePerformance": {"min": 13.18, "avg": 22.42796874999999, "max": 31.58}, "peerGovernancePerformance": {"min": 5.24, "avg": 7.469166666666665, "max": 9.34}, "peerSocialPerformance": {"min": 5.72, "avg": 10.535666666666666, "max": 16.81}, "peerEnvironmentPerformance": {"min": 1.22, "avg": 4.218333333333333, "max": 7.88}, "peerHighestControversyPerformance": {"min": 0.0, "avg": 1.8125, "max": 5.0}, "percentile": 60.31, "environmentPercentile": 0.0, "socialPercentile": 0.0, "governancePercentile": 0.0, "adult": false, "alcoholic": false, "animalTesting": false, "catholic": false, "controversialWeapons": false, "smallArms": false, "furLeather": false, "gambling": false, "gmo": false, "militaryContract": false, "nuclear": false, "pesticides": false, "palmOil": false, "coal": false, "tobacco": false}, "insiderTransactions": {"transactions": [{"maxAge": 1, "shares": 157331, "filerUrl": "", "transactionText": "", "filerName": "Balaji (P)", "filerRelation": "UNREPORTED", "moneyText": "", "startDate": "2019-12-06", "ownership": "D"}, {"maxAge": 1, "shares": 500000, "filerUrl": "", "transactionText": "", "filerName": "IGH Holdings Pvt Ltd", "filerRelation": "Promoter", "moneyText": "", "startDate": "2019-09-04", "ownership": "D"}, {"maxAge": 1, "shares": 1000000, "filerUrl": "", "transactionText": "", "filerName": "IGH Holdings Pvt Ltd", "filerRelation": "Promoter", "moneyText": "", "startDate": "2019-08-30", "ownership": "D"}, {"maxAge": 1, "shares": 2000000, "filerUrl": "", "transactionText": "", "filerName": "IGH Holdings Pvt Ltd", "filerRelation": "Promoter", "moneyText": "", "startDate": "2019-08-29", "ownership": "D"}, {"maxAge": 1, "shares": 1500000, "filerUrl": "", "transactionText": "", "filerName": "Pilani Investment & Industries Corporation, Ltd.", "filerRelation": "Promoter", "moneyText": "", "startDate": "2019-08-29", "ownership": "D"}, {"maxAge": 1, "shares": 3000000, "filerUrl": "", "transactionText": "", "filerName": "IGH Holdings Pvt Ltd", "filerRelation": "Promoter", "moneyText": "", "startDate": "2019-08-28", "ownership": "D"}, {"maxAge": 1, "shares": 3600000, "filerUrl": "", "transactionText": "", "filerName": "Pilani Investment & Industries Corporation, Ltd.", "filerRelation": "Promoter", "moneyText": "", "startDate": "2019-08-28", "ownership": "D"}, {"maxAge": 1, "shares": 900000, "filerUrl": "", "transactionText": "", "filerName": "IGH Holdings Pvt Ltd", "filerRelation": "Promoter", "moneyText": "", "startDate": "2019-08-22", "ownership": "D"}, {"maxAge": 1, "shares": 3500000, "filerUrl": "", "transactionText": "", "filerName": "Pilani Investment & Industries Corporation, Ltd.", "filerRelation": "Promoter", "moneyText": "", "startDate": "2019-08-22", "ownership": "D"}, {"maxAge": 1, "shares": 1000000, "filerUrl": "", "transactionText": "", "filerName": "IGH Holdings Pvt Ltd", "filerRelation": "Promoter", "moneyText": "", "startDate": "2019-08-21", "ownership": "D"}, {"maxAge": 1, "shares": 2000000, "filerUrl": "", "transactionText": "", "filerName": "IGH Holdings Pvt Ltd", "filerRelation": "Promoter", "moneyText": "", "startDate": "2019-08-20", "ownership": "D"}, {"maxAge": 1, "shares": 1000000, "filerUrl": "", "transactionText": "", "filerName": "IGH Holdings Pvt Ltd", "filerRelation": "Institution- Corporation", "moneyText": "", "startDate": "2019-08-13", "ownership": "D"}, {"maxAge": 1, "shares": 200000, "filerUrl": "", "transactionText": "", "filerName": "Balaji (P)", "filerRelation": "UNREPORTED", "moneyText": "", "startDate": "2019-08-07", "ownership": "D"}, {"maxAge": 1, "shares": 2000000, "filerUrl": "", "transactionText": "", "filerName": "IGH Holdings Pvt Ltd", "filerRelation": "Promoter", "moneyText": "", "startDate": "2019-08-07", "ownership": "D"}, {"maxAge": 1, "shares": 4200000, "filerUrl": "", "transactionText": "", "filerName": "Pilani Investment & Industries Corporation, Ltd.", "filerRelation": "Promoter", "moneyText": "", "startDate": "2019-08-07", "ownership": "D"}, {"maxAge": 1, "shares": 400000, "filerUrl": "", "transactionText": "", "filerName": "IGH Holdings Pvt Ltd", "filerRelation": "Promoter", "moneyText": "", "startDate": "2019-08-06", "ownership": "D"}, {"maxAge": 1, "shares": 1500000, "filerUrl": "", "transactionText": "", "filerName": "Pilani Investment & Industries Corporation, Ltd.", "filerRelation": "Promoter", "moneyText": "", "startDate": "2019-08-06", "ownership": "D"}, {"maxAge": 1, "shares": 5000000, "filerUrl": "", "transactionText": "", "filerName": "IGH Holdings Pvt Ltd", "filerRelation": "Promoter", "moneyText": "", "startDate": "2019-08-05", "ownership": "D"}, {"maxAge": 1, "shares": 4500000, "filerUrl": "", "transactionText": "", "filerName": "Pilani Investment & Industries Corporation, Ltd.", "filerRelation": "Promoter", "moneyText": "", "startDate": "2019-08-05", "ownership": "D"}, {"maxAge": 1, "shares": 3500000, "filerUrl": "", "transactionText": "", "filerName": "IGH Holdings Pvt Ltd", "filerRelation": "Promoter", "moneyText": "", "startDate": "2019-08-02", "ownership": "D"}, {"maxAge": 1, "shares": 7900000, "filerUrl": "", "transactionText": "", "filerName": "Pilani Investment & Industries Corporation, Ltd.", "filerRelation": "Promoter", "moneyText": "", "startDate": "2019-08-02", "ownership": "D"}, {"maxAge": 1, "shares": 9000000, "filerUrl": "", "transactionText": "", "filerName": "IGH Holdings Pvt Ltd", "filerRelation": "Promoter", "moneyText": "", "startDate": "2019-08-01", "ownership": "D"}, {"maxAge": 1, "shares": 12000000, "filerUrl": "", "transactionText": "", "filerName": "Pilani Investment & Industries Corporation, Ltd.", "filerRelation": "Promoter", "moneyText": "", "startDate": "2019-08-01", "ownership": "D"}, {"maxAge": 1, "shares": 3836500, "filerUrl": "", "transactionText": "", "filerName": "IGH Holdings Pvt Ltd", "filerRelation": "Institution- Corporation", "moneyText": "", "startDate": "2019-07-31", "ownership": "D"}, {"maxAge": 1, "shares": 5050000, "filerUrl": "", "transactionText": "", "filerName": "Pilani Investment & Industries Corporation, Ltd.", "filerRelation": "Promoter", "moneyText": "", "startDate": "2019-07-31", "ownership": "D"}, {"maxAge": 1, "shares": 22768945, "filerUrl": "", "transactionText": "", "filerName": "IGH Holdings Pvt Ltd", "filerRelation": "Institution- Corporation", "moneyText": "", "startDate": "2019-07-30", "ownership": "D"}, {"maxAge": 1, "shares": 57920977, "filerUrl": "", "transactionText": "", "filerName": "Pilani Investment & Industries Corporation, Ltd.", "filerRelation": "Promoter", "moneyText": "", "startDate": "2019-07-30", "ownership": "D"}, {"maxAge": 1, "shares": 250000, "filerUrl": "", "transactionText": "", "filerName": "Balaji (P)", "filerRelation": "UNREPORTED", "moneyText": "", "startDate": "2019-05-17", "ownership": "D"}, {"maxAge": 1, "shares": 57500, "filerUrl": "", "transactionText": "", "filerName": "Verghese (Vinu)", "filerRelation": "UNREPORTED", "moneyText": "", "startDate": "2019-03-29", "ownership": "D"}, {"maxAge": 1, "shares": 15000, "filerUrl": "", "transactionText": "", "filerName": "Moondra (Akshaya)", "filerRelation": "Wholetime Director", "moneyText": "", "startDate": "2019-03-28", "ownership": "D"}, {"maxAge": 1, "shares": 91169, "filerUrl": "", "transactionText": "", "filerName": "Shankar (Sashi)", "filerRelation": "UNREPORTED", "moneyText": "", "startDate": "2019-03-28", "ownership": "D"}, {"maxAge": 1, "shares": 41000, "filerUrl": "", "transactionText": "", "filerName": "Sharma (Kamal)", "filerRelation": "UNREPORTED", "moneyText": "", "startDate": "2019-03-28", "ownership": "D"}, {"maxAge": 1, "shares": 70000000, "filerUrl": "", "transactionText": "", "filerName": "Birla TMT Holdings Pvt. Ltd.", "filerRelation": "UNREPORTED", "moneyText": "", "startDate": "2018-08-31", "ownership": "D"}, {"maxAge": 1, "shares": 349623009, "filerUrl": "", "transactionText": "", "filerName": "IGH Holdings Pvt Ltd", "filerRelation": "UNREPORTED", "moneyText": "", "startDate": "2018-08-31", "ownership": "D"}, {"maxAge": 1, "shares": 419623009, "filerUrl": "", "transactionText": "", "filerName": "Vodafone International Holdings BV", "filerRelation": "UNREPORTED", "moneyText": "", "startDate": "2018-08-31", "ownership": "D"}, {"maxAge": 1, "shares": 10000, "filerUrl": "", "transactionText": "", "filerName": "Kapania (Himanshu)", "filerRelation": "Managing Director", "moneyText": "", "startDate": "2018-08-06", "ownership": "D"}, {"maxAge": 1, "shares": 166667, "filerUrl": "", "transactionText": "", "filerName": "Jain (Ambrish)", "filerRelation": "UNREPORTED", "moneyText": "", "startDate": "2018-05-29", "ownership": "D"}, {"maxAge": 1, "shares": 10000, "filerUrl": "", "transactionText": "", "filerName": "Kapania (Himanshu)", "filerRelation": "Managing Director", "moneyText": "", "startDate": "2018-05-25", "ownership": "D"}, {"maxAge": 1, "shares": 10000, "filerUrl": "", "transactionText": "", "filerName": "Kapania (Himanshu)", "filerRelation": "Managing Director", "moneyText": "", "startDate": "2018-03-28", "ownership": "D"}, {"maxAge": 1, "shares": 32000, "filerUrl": "", "transactionText": "", "filerName": "Kapdeo (Pankaj)", "filerRelation": "Chief Compliance Officer", "moneyText": "", "startDate": "2018-03-23", "ownership": "D"}, {"maxAge": 1, "shares": 100000, "filerUrl": "", "transactionText": "", "filerName": "Jain (Ambrish)", "filerRelation": "UNREPORTED", "moneyText": "", "startDate": "2018-02-27", "ownership": "D"}, {"maxAge": 1, "shares": 308333, "filerUrl": "", "transactionText": "", "filerName": "Kapania (Himanshu)", "filerRelation": "Managing Director", "moneyText": "", "startDate": "2018-02-27", "ownership": "D"}, {"maxAge": 1, "shares": 4500, "filerUrl": "", "transactionText": "", "filerName": "Pradhan (Sudhir Kumar)", "filerRelation": "UNREPORTED", "moneyText": "", "startDate": "2017-12-29", "ownership": "D"}, {"maxAge": 1, "shares": 19361, "filerUrl": "", "transactionText": "", "filerName": "Singh (Bhagwant)", "filerRelation": "UNREPORTED", "moneyText": "", "startDate": "2017-12-29", "ownership": "D"}, {"maxAge": 1, "shares": 23634, "filerUrl": "", "transactionText": "", "filerName": "Bhattacharya (Koushik)", "filerRelation": "UNREPORTED", "moneyText": "", "startDate": "2017-12-28", "ownership": "D"}, {"maxAge": 1, "shares": 17500, "filerUrl": "", "transactionText": "", "filerName": "Pradhan (Sudhir Kumar)", "filerRelation": "UNREPORTED", "moneyText": "", "startDate": "2017-11-21", "ownership": "D"}, {"maxAge": 1, "shares": 10000, "filerUrl": "", "transactionText": "", "filerName": "Rao (Someswar)", "filerRelation": "UNREPORTED", "moneyText": "", "startDate": "2017-11-21", "ownership": "D"}, {"maxAge": 1, "shares": 45000, "filerUrl": "", "transactionText": "", "filerName": "Kapania (Himanshu)", "filerRelation": "Managing Director", "moneyText": "", "startDate": "2017-11-20", "ownership": "D"}, {"maxAge": 1, "shares": 40000, "filerUrl": "", "transactionText": "", "filerName": "Bishnoi (Tejasvi)", "filerRelation": "UNREPORTED", "moneyText": "", "startDate": "2017-09-26", "ownership": "D"}, {"maxAge": 1, "shares": 25000, "filerUrl": "", "transactionText": "", "filerName": "Kapania (Himanshu)", "filerRelation": "Managing Director", "moneyText": "", "startDate": "2017-09-26", "ownership": "D"}, {"maxAge": 1, "shares": 21422, "filerUrl": "", "transactionText": "", "filerName": "Agrawal (Suresh Kumar)", "filerRelation": "UNREPORTED", "moneyText": "", "startDate": "2017-08-21", "ownership": "D"}, {"maxAge": 1, "shares": 15000, "filerUrl": "", "transactionText": "", "filerName": "Rao (Deepak)", "filerRelation": "UNREPORTED", "moneyText": "", "startDate": "2017-08-03", "ownership": "D"}, {"maxAge": 1, "shares": 5187, "filerUrl": "", "transactionText": "", "filerName": "Kapdeo (Pankaj)", "filerRelation": "Chief Compliance Officer", "moneyText": "", "startDate": "2017-07-27", "ownership": "D"}, {"maxAge": 1, "shares": 35000, "filerUrl": "", "transactionText": "", "filerName": "Arya (Anil Vasant)", "filerRelation": "UNREPORTED", "moneyText": "", "startDate": "2017-06-28", "ownership": "D"}, {"maxAge": 1, "shares": 40125, "filerUrl": "", "transactionText": "", "filerName": "Ganapathy (Siva)", "filerRelation": "UNREPORTED", "moneyText": "", "startDate": "2017-06-21", "ownership": "D"}, {"maxAge": 1, "shares": 30000, "filerUrl": "", "transactionText": "", "filerName": "Kapania (Himanshu)", "filerRelation": "Managing Director", "moneyText": "", "startDate": "2017-06-21", "ownership": "D"}, {"maxAge": 1, "shares": 24000, "filerUrl": "", "transactionText": "", "filerName": "Prasad (M D)", "filerRelation": "UNREPORTED", "moneyText": "", "startDate": "2017-06-21", "ownership": "D"}, {"maxAge": 1, "shares": 15000, "filerUrl": "", "transactionText": "", "filerName": "Shethia (Amit)", "filerRelation": "UNREPORTED", "moneyText": "", "startDate": "2017-06-20", "ownership": "D"}, {"maxAge": 1, "shares": 14334, "filerUrl": "", "transactionText": "", "filerName": "Arya (Anil Vasant)", "filerRelation": "UNREPORTED", "moneyText": "", "startDate": "2017-06-16", "ownership": "D"}, {"maxAge": 1, "shares": 18000, "filerUrl": "", "transactionText": "", "filerName": "Joshi (Rajashekhar)", "filerRelation": "UNREPORTED", "moneyText": "", "startDate": "2017-05-26", "ownership": "D"}, {"maxAge": 1, "shares": 100000, "filerUrl": "", "transactionText": "", "filerName": "Kapania (Himanshu)", "filerRelation": "Managing Director", "moneyText": "", "startDate": "2017-04-25", "ownership": "D"}, {"maxAge": 1, "shares": 14625, "filerUrl": "", "transactionText": "", "filerName": "Singh (Anila)", "filerRelation": "UNREPORTED", "moneyText": "", "startDate": "2017-04-25", "ownership": "D"}, {"maxAge": 1, "shares": 19405, "filerUrl": "", "transactionText": "", "filerName": "Chaudhari (Sudeepta)", "filerRelation": "UNREPORTED", "moneyText": "", "startDate": "2017-03-31", "ownership": "D"}, {"maxAge": 1, "shares": 28361, "filerUrl": "", "transactionText": "", "filerName": "Robindranath (Raval)", "filerRelation": "UNREPORTED", "moneyText": "", "startDate": "2017-03-30", "ownership": "D"}, {"maxAge": 1, "shares": 23361, "filerUrl": "", "transactionText": "", "filerName": "Shah (Uday Kumar)", "filerRelation": "UNREPORTED", "moneyText": "", "startDate": "2017-03-30", "ownership": "D"}, {"maxAge": 1, "shares": 26750, "filerUrl": "", "transactionText": "", "filerName": "Aibara (Naozer Firoze)", "filerRelation": "UNREPORTED", "moneyText": "", "startDate": "2017-03-25", "ownership": "D"}, {"maxAge": 1, "shares": 70000, "filerUrl": "", "transactionText": "", "filerName": "Kapania (Himanshu)", "filerRelation": "Managing Director", "moneyText": "", "startDate": "2017-03-25", "ownership": "D"}, {"maxAge": 1, "shares": 146944, "filerUrl": "", "transactionText": "", "filerName": "Moondra (Akshaya)", "filerRelation": "Wholetime Director", "moneyText": "", "startDate": "2017-03-25", "ownership": "D"}, {"maxAge": 1, "shares": 146944, "filerUrl": "", "transactionText": "", "filerName": "Srivastava (Rajesh)", "filerRelation": "UNREPORTED", "moneyText": "", "startDate": "2017-03-25", "ownership": "D"}, {"maxAge": 1, "shares": 14000, "filerUrl": "", "transactionText": "", "filerName": "Sabharwal (Sanjay)", "filerRelation": "UNREPORTED", "moneyText": "", "startDate": "2017-03-23", "ownership": "D"}, {"maxAge": 1, "shares": 24900, "filerUrl": "", "transactionText": "", "filerName": "Sahay (Uttam)", "filerRelation": "UNREPORTED", "moneyText": "", "startDate": "2017-03-22", "ownership": "D"}, {"maxAge": 1, "shares": 43000, "filerUrl": "", "transactionText": "", "filerName": "Madhu (P R)", "filerRelation": "UNREPORTED", "moneyText": "", "startDate": "2016-12-30", "ownership": "D"}, {"maxAge": 1, "shares": 13375, "filerUrl": "", "transactionText": "", "filerName": "Chourasia (Rajendra)", "filerRelation": "UNREPORTED", "moneyText": "", "startDate": "2016-12-29", "ownership": "D"}, {"maxAge": 1, "shares": 41000, "filerUrl": "", "transactionText": "", "filerName": "Chourasia (Rajendra)", "filerRelation": "UNREPORTED", "moneyText": "", "startDate": "2016-12-27", "ownership": "D"}, {"maxAge": 1, "shares": 2954601, "filerUrl": "", "transactionText": "", "filerName": "Pilani Investment & Industries Corporation, Ltd.", "filerRelation": "Promoter", "moneyText": "", "startDate": "2016-11-24", "ownership": "D"}, {"maxAge": 1, "shares": 5188, "filerUrl": "", "transactionText": "", "filerName": "Kapdeo (Pankaj)", "filerRelation": "Chief Compliance Officer", "moneyText": "", "startDate": "2016-07-26", "ownership": "D"}, {"maxAge": 1, "shares": 22000, "filerUrl": "", "transactionText": "", "filerName": "Rastogi (Neeraj)", "filerRelation": "UNREPORTED", "moneyText": "", "startDate": "2016-06-29", "ownership": "D"}, {"maxAge": 1, "shares": 2313, "filerUrl": "", "transactionText": "", "filerName": "Kapdeo (Pankaj)", "filerRelation": "Compliance Officer", "moneyText": "", "startDate": "2016-05-26", "ownership": "D"}, {"maxAge": 1, "shares": 10000, "filerUrl": "", "transactionText": "", "filerName": "Kapania (Himanshu)", "filerRelation": "Managing Director", "moneyText": "", "startDate": "2015-12-23", "ownership": "D"}, {"maxAge": 1, "shares": 70000, "filerUrl": "", "transactionText": "", "filerName": "Kapania (Himanshu)", "filerRelation": "Managing Director", "moneyText": "", "startDate": "2015-11-24", "ownership": "D"}, {"maxAge": 1, "shares": 15000, "filerUrl": "", "transactionText": "", "filerName": "Kapdeo (Pankaj)", "filerRelation": "Chief Compliance Officer", "moneyText": "", "startDate": "2015-03-30", "ownership": "D"}, {"maxAge": 1, "shares": 20750, "filerUrl": "", "transactionText": "", "filerName": "Kapdeo (Pankaj)", "filerRelation": "Chief Compliance Officer", "moneyText": "", "startDate": "2014-12-29", "ownership": "D"}, {"maxAge": 1, "shares": 5000, "filerUrl": "", "transactionText": "", "filerName": "Aga (Sanjeev)", "filerRelation": "Director (Non-Executive)", "moneyText": "", "startDate": "2014-12-16", "ownership": "D"}, {"maxAge": 1, "shares": 5000, "filerUrl": "", "transactionText": "", "filerName": "Aga (Sanjeev)", "filerRelation": "Director (Non-Executive)", "moneyText": "", "startDate": "2014-12-05", "ownership": "D"}, {"maxAge": 1, "shares": 0, "filerUrl": "", "transactionText": "", "filerName": "Aga (Sanjeev)", "filerRelation": "Director (Non-Executive)", "moneyText": "", "startDate": "2014-11-25", "ownership": "I"}, {"maxAge": 1, "shares": 800, "filerUrl": "", "transactionText": "", "filerName": "Aga (Sanjeev)", "filerRelation": "Director (Non-Executive)", "moneyText": "", "startDate": "2014-09-18", "ownership": "D"}, {"maxAge": 1, "shares": 4200, "filerUrl": "", "transactionText": "", "filerName": "Aga (Sanjeev)", "filerRelation": "Director (Non-Executive)", "moneyText": "", "startDate": "2014-09-17", "ownership": "D"}, {"maxAge": 1, "shares": 12000, "filerUrl": "", "transactionText": "", "filerName": "Aga (Sanjeev)", "filerRelation": "Director (Non-Executive)", "moneyText": "", "startDate": "2014-09-16", "ownership": "D"}, {"maxAge": 1, "shares": 3000, "filerUrl": "", "transactionText": "", "filerName": "Aga (Sanjeev)", "filerRelation": "Director (Non-Executive)", "moneyText": "", "startDate": "2014-09-15", "ownership": "D"}, {"maxAge": 1, "shares": 85000000, "filerUrl": "", "transactionText": "", "filerName": "P5 Asia Investments Mauritius Ltd", "filerRelation": "Private Equity", "moneyText": "", "startDate": "2014-09-04", "ownership": "D"}, {"maxAge": 1, "shares": 30000, "filerUrl": "", "transactionText": "", "filerName": "Kapania (Himanshu)", "filerRelation": "Managing Director", "moneyText": "", "startDate": "2014-09-02", "ownership": "D"}, {"maxAge": 1, "shares": 5000, "filerUrl": "", "transactionText": "", "filerName": "Kapdeo (Pankaj)", "filerRelation": "Chief Compliance Officer", "moneyText": "", "startDate": "2014-07-31", "ownership": "D"}, {"maxAge": 1, "shares": 5188, "filerUrl": "", "transactionText": "", "filerName": "Kapdeo (Pankaj)", "filerRelation": "Chief Compliance Officer", "moneyText": "", "startDate": "2014-07-25", "ownership": "D"}, {"maxAge": 1, "shares": 5000, "filerUrl": "", "transactionText": "", "filerName": "Kapdeo (Pankaj)", "filerRelation": "Chief Compliance Officer", "moneyText": "", "startDate": "2014-07-25", "ownership": "D"}, {"maxAge": 1, "shares": 100000, "filerUrl": "", "transactionText": "", "filerName": "Aga (Sanjeev)", "filerRelation": "Director (Non-Executive)", "moneyText": "", "startDate": "2014-02-25", "ownership": "D"}, {"maxAge": 1, "shares": 36656, "filerUrl": "", "transactionText": "", "filerName": "Kapania (Himanshu)", "filerRelation": "Managing Director", "moneyText": "", "startDate": "2014-02-25", "ownership": "D"}, {"maxAge": 1, "shares": 15219, "filerUrl": "", "transactionText": "", "filerName": "Kapania (Himanshu)", "filerRelation": "Managing Director", "moneyText": "", "startDate": "2014-01-27", "ownership": "D"}, {"maxAge": 1, "shares": 15000, "filerUrl": "", "transactionText": "", "filerName": "Kapania (Himanshu)", "filerRelation": "Managing Director", "moneyText": "", "startDate": "2013-12-23", "ownership": "D"}, {"maxAge": 1, "shares": 750, "filerUrl": "", "transactionText": "", "filerName": "Kapdeo (Pankaj)", "filerRelation": "Chief Compliance Officer", "moneyText": "", "startDate": "2013-12-23", "ownership": "D"}, {"maxAge": 1, "shares": 5000, "filerUrl": "", "transactionText": "", "filerName": "Kapania (Himanshu)", "filerRelation": "Managing Director", "moneyText": "", "startDate": "2013-12-12", "ownership": "D"}, {"maxAge": 1, "shares": 5000, "filerUrl": "", "transactionText": "", "filerName": "Kapania (Himanshu)", "filerRelation": "Managing Director", "moneyText": "", "startDate": "2013-12-09", "ownership": "D"}, {"maxAge": 1, "shares": 5000, "filerUrl": "", "transactionText": "", "filerName": "Aga (Sanjeev)", "filerRelation": "Director (Non-Executive)", "moneyText": "", "startDate": "2013-11-29", "ownership": "D"}, {"maxAge": 1, "shares": 3000, "filerUrl": "", "transactionText": "", "filerName": "Aga (Sanjeev)", "filerRelation": "Director (Non-Executive)", "moneyText": "", "startDate": "2013-11-26", "ownership": "D"}, {"maxAge": 1, "shares": 50000, "filerUrl": "", "transactionText": "", "filerName": "Aga (Sanjeev)", "filerRelation": "Director (Non-Executive)", "moneyText": "", "startDate": "2013-11-23", "ownership": "D"}, {"maxAge": 1, "shares": 14300, "filerUrl": "", "transactionText": "", "filerName": "Kapania (Himanshu)", "filerRelation": "Managing Director", "moneyText": "", "startDate": "2013-11-23", "ownership": "D"}, {"maxAge": 1, "shares": 2000, "filerUrl": "", "transactionText": "", "filerName": "Aga (Sanjeev)", "filerRelation": "Director (Non-Executive)", "moneyText": "", "startDate": "2013-11-21", "ownership": "D"}, {"maxAge": 1, "shares": 5000, "filerUrl": "", "transactionText": "", "filerName": "Kapania (Himanshu)", "filerRelation": "Managing Director", "moneyText": "", "startDate": "2013-11-18", "ownership": "D"}, {"maxAge": 1, "shares": 10000, "filerUrl": "", "transactionText": "", "filerName": "Kapania (Himanshu)", "filerRelation": "Managing Director", "moneyText": "", "startDate": "2013-10-24", "ownership": "D"}, {"maxAge": 1, "shares": 20000, "filerUrl": "", "transactionText": "", "filerName": "Aga (Sanjeev)", "filerRelation": "Director (Non-Executive)", "moneyText": "", "startDate": "2013-09-26", "ownership": "D"}, {"maxAge": 1, "shares": 7500, "filerUrl": "", "transactionText": "", "filerName": "Kapania (Himanshu)", "filerRelation": "Managing Director", "moneyText": "", "startDate": "2013-09-24", "ownership": "D"}, {"maxAge": 1, "shares": 20000, "filerUrl": "", "transactionText": "", "filerName": "Kapdeo (Pankaj)", "filerRelation": "Chief Compliance Officer", "moneyText": "", "startDate": "2013-08-26", "ownership": "D"}, {"maxAge": 1, "shares": 10000, "filerUrl": "", "transactionText": "", "filerName": "Aga (Sanjeev)", "filerRelation": "Director (Non-Executive)", "moneyText": "", "startDate": "2013-08-16", "ownership": "D"}, {"maxAge": 1, "shares": 10000, "filerUrl": "", "transactionText": "", "filerName": "Aga (Sanjeev)", "filerRelation": "Director (Non-Executive)", "moneyText": "", "startDate": "2013-08-14", "ownership": "D"}, {"maxAge": 1, "shares": 100000, "filerUrl": "", "transactionText": "", "filerName": "Aga (Sanjeev)", "filerRelation": "Director (Non-Executive)", "moneyText": "", "startDate": "2013-07-24", "ownership": "D"}, {"maxAge": 1, "shares": 17500, "filerUrl": "", "transactionText": "", "filerName": "Kapania (Himanshu)", "filerRelation": "Managing Director", "moneyText": "", "startDate": "2013-07-24", "ownership": "D"}, {"maxAge": 1, "shares": 30000, "filerUrl": "", "transactionText": "", "filerName": "Aga (Sanjeev)", "filerRelation": "Director (Non-Executive)", "moneyText": "", "startDate": "2013-06-18", "ownership": "D"}, {"maxAge": 1, "shares": 50000, "filerUrl": "", "transactionText": "", "filerName": "Aga (Sanjeev)", "filerRelation": "Director (Non-Executive)", "moneyText": "", "startDate": "2013-05-28", "ownership": "D"}, {"maxAge": 1, "shares": 20000, "filerUrl": "", "transactionText": "", "filerName": "Aga (Sanjeev)", "filerRelation": "Director (Non-Executive)", "moneyText": "", "startDate": "2013-05-27", "ownership": "D"}, {"maxAge": 1, "shares": 100000, "filerUrl": "", "transactionText": "", "filerName": "Aga (Sanjeev)", "filerRelation": "Director (Non-Executive)", "moneyText": "", "startDate": "2013-05-23", "ownership": "D"}, {"maxAge": 1, "shares": 10000, "filerUrl": "", "transactionText": "", "filerName": "Kapania (Himanshu)", "filerRelation": "Managing Director", "moneyText": "", "startDate": "2013-05-17", "ownership": "D"}, {"maxAge": 1, "shares": 78000, "filerUrl": "", "transactionText": "", "filerName": "Aga (Sanjeev)", "filerRelation": "Director (Non-Executive)", "moneyText": "", "startDate": "2013-04-29", "ownership": "D"}, {"maxAge": 1, "shares": 78000, "filerUrl": "", "transactionText": "", "filerName": "Aga (Sanjeev)", "filerRelation": "Director (Non-Executive)", "moneyText": "", "startDate": "2013-04-25", "ownership": "D"}, {"maxAge": 1, "shares": 10000, "filerUrl": "", "transactionText": "", "filerName": "Kapania (Himanshu)", "filerRelation": "Managing Director", "moneyText": "", "startDate": "2013-04-25", "ownership": "D"}, {"maxAge": 1, "shares": 60000, "filerUrl": "", "transactionText": "", "filerName": "Aga (Sanjeev)", "filerRelation": "Director (Non-Executive)", "moneyText": "", "startDate": "2013-03-28", "ownership": "D"}, {"maxAge": 1, "shares": 60000, "filerUrl": "", "transactionText": "", "filerName": "Aga (Sanjeev)", "filerRelation": "Director (Non-Executive)", "moneyText": "", "startDate": "2013-03-21", "ownership": "D"}, {"maxAge": 1, "shares": 25000, "filerUrl": "", "transactionText": "", "filerName": "Kapania (Himanshu)", "filerRelation": "Managing Director", "moneyText": "", "startDate": "2013-03-21", "ownership": "D"}, {"maxAge": 1, "shares": 12000, "filerUrl": "", "transactionText": "", "filerName": "Aga (Sanjeev)", "filerRelation": "Director (Non-Executive)", "moneyText": "", "startDate": "2013-02-28", "ownership": "D"}, {"maxAge": 1, "shares": 108661, "filerUrl": "", "transactionText": "", "filerName": "Aga (Sanjeev)", "filerRelation": "Director (Non-Executive)", "moneyText": "", "startDate": "2013-02-26", "ownership": "D"}, {"maxAge": 1, "shares": 25000, "filerUrl": "", "transactionText": "", "filerName": "Kapania (Himanshu)", "filerRelation": "Managing Director", "moneyText": "", "startDate": "2013-02-26", "ownership": "D"}, {"maxAge": 1, "shares": 16339, "filerUrl": "", "transactionText": "", "filerName": "Aga (Sanjeev)", "filerRelation": "Director (Non-Executive)", "moneyText": "", "startDate": "2013-02-25", "ownership": "D"}, {"maxAge": 1, "shares": 30000, "filerUrl": "", "transactionText": "", "filerName": "Aga (Sanjeev)", "filerRelation": "Director (Non-Executive)", "moneyText": "", "startDate": "2013-02-22", "ownership": "D"}, {"maxAge": 1, "shares": 15000, "filerUrl": "", "transactionText": "", "filerName": "Aga (Sanjeev)", "filerRelation": "Director (Non-Executive)", "moneyText": "", "startDate": "2013-02-04", "ownership": "D"}, {"maxAge": 1, "shares": 30000, "filerUrl": "", "transactionText": "", "filerName": "Aga (Sanjeev)", "filerRelation": "Director (Non-Executive)", "moneyText": "", "startDate": "2013-01-31", "ownership": "D"}, {"maxAge": 1, "shares": 212000, "filerUrl": "", "transactionText": "", "filerName": "Aga (Sanjeev)", "filerRelation": "Director (Non-Executive)", "moneyText": "", "startDate": "2013-01-23", "ownership": "D"}, {"maxAge": 1, "shares": 20000, "filerUrl": "", "transactionText": "", "filerName": "Kapania (Himanshu)", "filerRelation": "Managing Director", "moneyText": "", "startDate": "2013-01-23", "ownership": "D"}, {"maxAge": 1, "shares": 90000, "filerUrl": "", "transactionText": "", "filerName": "Aga (Sanjeev)", "filerRelation": "Director (Non-Executive)", "moneyText": "", "startDate": "2012-12-27", "ownership": "D"}, {"maxAge": 1, "shares": 90000, "filerUrl": "", "transactionText": "", "filerName": "Aga (Sanjeev)", "filerRelation": "Director (Non-Executive)", "moneyText": "", "startDate": "2012-12-26", "ownership": "D"}, {"maxAge": 1, "shares": 180000, "filerUrl": "", "transactionText": "", "filerName": "Aga (Sanjeev)", "filerRelation": "Director (Non-Executive)", "moneyText": "", "startDate": "2012-12-21", "ownership": "D"}, {"maxAge": 1, "shares": 10000, "filerUrl": "", "transactionText": "", "filerName": "Kapania (Himanshu)", "filerRelation": "Managing Director", "moneyText": "", "startDate": "2012-12-21", "ownership": "D"}, {"maxAge": 1, "shares": 20000, "filerUrl": "", "transactionText": "", "filerName": "Kapania (Himanshu)", "filerRelation": "Managing Director", "moneyText": "", "startDate": "2012-11-23", "ownership": "D"}, {"maxAge": 1, "shares": 5000, "filerUrl": "", "transactionText": "", "filerName": "Kapania (Himanshu)", "filerRelation": "Managing Director", "moneyText": "", "startDate": "2012-10-26", "ownership": "D"}, {"maxAge": 1, "shares": 5000, "filerUrl": "", "transactionText": "", "filerName": "Kapania (Himanshu)", "filerRelation": "Managing Director", "moneyText": "", "startDate": "2012-09-21", "ownership": "D"}, {"maxAge": 1, "shares": 40000, "filerUrl": "", "transactionText": "", "filerName": "Aga (Sanjeev)", "filerRelation": "Director (Non-Executive)", "moneyText": "", "startDate": "2012-09-13", "ownership": "D"}, {"maxAge": 1, "shares": 40000, "filerUrl": "", "transactionText": "", "filerName": "Aga (Sanjeev)", "filerRelation": "Director (Non-Executive)", "moneyText": "", "startDate": "2012-09-10", "ownership": "D"}, {"maxAge": 1, "shares": 20000, "filerUrl": "", "transactionText": "", "filerName": "Aga (Sanjeev)", "filerRelation": "Director (Non-Executive)", "moneyText": "", "startDate": "2012-09-06", "ownership": "D"}, {"maxAge": 1, "shares": 20000, "filerUrl": "", "transactionText": "", "filerName": "Aga (Sanjeev)", "filerRelation": "Director (Non-Executive)", "moneyText": "", "startDate": "2012-09-04", "ownership": "D"}, {"maxAge": 1, "shares": 28394, "filerUrl": "", "transactionText": "", "filerName": "Aga (Sanjeev)", "filerRelation": "Director (Non-Executive)", "moneyText": "", "startDate": "2012-08-27", "ownership": "D"}, {"maxAge": 1, "shares": 15000, "filerUrl": "", "transactionText": "", "filerName": "Kapania (Himanshu)", "filerRelation": "Managing Director", "moneyText": "", "startDate": "2012-08-24", "ownership": "D"}, {"maxAge": 1, "shares": 21606, "filerUrl": "", "transactionText": "", "filerName": "Aga (Sanjeev)", "filerRelation": "Director (Non-Executive)", "moneyText": "", "startDate": "2012-08-06", "ownership": "D"}, {"maxAge": 1, "shares": 10000, "filerUrl": "", "transactionText": "", "filerName": "Kapania (Himanshu)", "filerRelation": "Managing Director", "moneyText": "", "startDate": "2012-07-23", "ownership": "D"}], "maxAge": 1}, "sectorTrend": {"maxAge": 1, "symbol": null, "estimates": []}, "incomeStatementHistoryQuarterly": {"incomeStatementHistory": [{"maxAge": 1, "endDate": "2020-06-30", "totalRevenue": 106557000000, "costOfRevenue": 61357000000, "grossProfit": 45200000000, "researchDevelopment": {}, "sellingGeneralAdministrative": {}, "nonRecurring": {}, "otherOperatingExpenses": 4252000000, "totalOperatingExpenses": 125366000000, "operatingIncome": -18809000000, "totalOtherIncomeExpenseNet": -235793000000, "ebit": -18809000000, "interestExpense": -38039000000, "incomeBeforeTax": -254602000000, "incomeTaxExpense": -2000000, "minorityInterest": {}, "netIncomeFromContinuingOps": -254600000000, "discontinuedOperations": {}, "extraordinaryItems": {}, "effectOfAccountingCharges": {}, "otherItems": {}, "netIncome": -254600000000, "netIncomeApplicableToCommonShares": -254600000000}, {"maxAge": 1, "endDate": "2020-03-31", "totalRevenue": 117356000000, "costOfRevenue": 60037000000, "grossProfit": 57319000000, "researchDevelopment": {}, "sellingGeneralAdministrative": 11692000000, "nonRecurring": {}, "otherOperatingExpenses": 1807000000, "totalOperatingExpenses": 133924000000, "operatingIncome": -16568000000, "totalOtherIncomeExpenseNet": -100858000000, "ebit": -16568000000, "interestExpense": -34966000000, "incomeBeforeTax": -117426000000, "incomeTaxExpense": -991000000, "minorityInterest": {}, "netIncomeFromContinuingOps": -116435000000, "discontinuedOperations": {}, "extraordinaryItems": {}, "effectOfAccountingCharges": {}, "otherItems": {}, "netIncome": -116435000000, "netIncomeApplicableToCommonShares": -116703000000}, {"maxAge": 1, "endDate": "2019-12-31", "totalRevenue": 110762000000, "costOfRevenue": 72092000000, "grossProfit": 38670000000, "researchDevelopment": {}, "sellingGeneralAdministrative": 11692000000, "nonRecurring": {}, "otherOperatingExpenses": 4597000000, "totalOperatingExpenses": 135463000000, "operatingIncome": -24701000000, "totalOtherIncomeExpenseNet": -39513000000, "ebit": -24701000000, "interestExpense": -37222000000, "incomeBeforeTax": -64214000000, "incomeTaxExpense": 174000000, "minorityInterest": {}, "netIncomeFromContinuingOps": -64388000000, "discontinuedOperations": {}, "extraordinaryItems": {}, "effectOfAccountingCharges": {}, "otherItems": {}, "netIncome": -64388000000, "netIncomeApplicableToCommonShares": -64388000000}, {"maxAge": 1, "endDate": "2019-09-30", "totalRevenue": 108402000000, "costOfRevenue": 69871000000, "grossProfit": 38531000000, "researchDevelopment": {}, "sellingGeneralAdministrative": 6479000000, "nonRecurring": {}, "otherOperatingExpenses": 5098000000, "totalOperatingExpenses": 138063000000, "operatingIncome": -29661000000, "totalOtherIncomeExpenseNet": -339931000000, "ebit": -29661000000, "interestExpense": -36543000000, "incomeBeforeTax": -369592000000, "incomeTaxExpense": 139627000000, "minorityInterest": {}, "netIncomeFromContinuingOps": -509219000000, "discontinuedOperations": {}, "extraordinaryItems": {}, "effectOfAccountingCharges": {}, "otherItems": {}, "netIncome": -509219000000, "netIncomeApplicableToCommonShares": -509219000000}], "maxAge": 86400}, "cashflowStatementHistoryQuarterly": {"cashflowStatements": [{"maxAge": 1, "endDate": "2020-06-30", "netIncome": -254600000000, "changeToLiabilities": 0}, {"maxAge": 1, "endDate": "2020-03-31", "netIncome": -116435000000, "changeToLiabilities": 0}, {"maxAge": 1, "endDate": "2019-12-31", "netIncome": -64388000000, "changeToLiabilities": 0}, {"maxAge": 1, "endDate": "2019-09-30", "netIncome": -509219000000, "changeToLiabilities": 0}], "maxAge": 86400}, "earnings": {"maxAge": 86400, "earningsChart": {"quarterly": [{"date": "4Q2017", "actual": -3.58, "estimate": -3.5}, {"date": "1Q2018", "actual": -2.45, "estimate": -3.94}, {"date": "2Q2018", "actual": -3.97, "estimate": -3.74}, {"date": "3Q2018", "actual": -7.57, "estimate": -4.27}], "currentQuarterEstimate": -5.7, "currentQuarterEstimateDate": "4Q", "currentQuarterEstimateYear": 2018, "earningsDate": ["2019-07-29 05:30:S", "2019-08-02 05:30:S"]}, "financialsChart": {"yearly": [{"date": 2017, "revenue": 355526550000, "earnings": -3996960000}, {"date": 2018, "revenue": 282471000000, "earnings": -41682000000}, {"date": 2019, "revenue": 370056000000, "earnings": -146039000000}, {"date": 2020, "revenue": 449167000000, "earnings": -738781000000}], "quarterly": [{"date": "3Q2019", "revenue": 108402000000, "earnings": -509219000000}, {"date": "4Q2019", "revenue": 110762000000, "earnings": -64388000000}, {"date": "1Q2020", "revenue": 117356000000, "earnings": -116435000000}, {"date": "2Q2020", "revenue": 106557000000, "earnings": -254600000000}]}, "financialCurrency": "INR"}, "financialData": {"maxAge": 86400, "currentPrice": 8.36, "targetHighPrice": 110.0, "targetLowPrice": 25.0, "targetMeanPrice": 50.63, "targetMedianPrice": 42.0, "recommendationMean": 3.2, "recommendationKey": "hold", "numberOfAnalystOpinions": 27, "grossProfits": 176584000000, "financialCurrency": "INR"}}}