{"IDEA.NS": {"assetProfile": {"address1": "Birla Centurion", "address2": "10th Floor Century Mills Compound Pandurang Budhkar Marg, Worli", "city": "Mumbai", "zip": "400030", "country": "India", "phone": "91 95 9400 4000", "fax": "91 22 2482 0093", "website": "http://www.vodafoneidea.com", "industry": "Telecom Services", "sector": "Communication Services", "longBusinessSummary": "Vodafone Idea Limited operates mobile telecommunications in India. The company offers 2G, 3G, and 4G services; prepaid, postpaid, and roaming services, as well as interconnect and long distance services; voice, data, and enterprise services, as well as various other value added services, including short messaging services, digital services, Internet of Things, etc. It also trades in handsets, data cards, and related accessories; and provides internet, mobile advertisement, toll free services, etc. Vodafone Idea Limited has approximately 293.7 million mobile subscribers. The company was formerly known as Idea Cellular Limited and changed its name to Vodafone Idea Limited in August 2018. Vodafone Idea Limited was incorporated in 1995 and is based in Mumbai, India.", "fullTimeEmployees": 11486, "companyOfficers": [{"maxAge": 1, "name": "Mr. Ravinder  Takkar", "age": 52, "title": "MD, CEO & Exec. Director", "yearBorn": 1968, "fiscalYear": 2020, "totalPay": 0, "exercisedValue": 0, "unexercisedValue": 0}, {"maxAge": 1, "name": "Mr. Akshaya  Moondra", "age": 57, "title": "Chief Financial Officer", "yearBorn": 1963, "fiscalYear": 2020, "totalPay": 52410000, "exercisedValue": 0, "unexercisedValue": 0}, {"maxAge": 1, "name": "Mr. Pankaj  Kapdeo", "age": 54, "title": "Company Sec., Pres of Legal, Head of BR & Compliance Officer", "yearBorn": 1966, "fiscalYear": 2020, "totalPay": 17040000, "exercisedValue": 0, "unexercisedValue": 0}, {"maxAge": 1, "name": "Mr. Ambrish P. Jain", "age": 64, "title": "Chief Operations Officer", "yearBorn": 1956, "exercisedValue": 0, "unexercisedValue": 0}, {"maxAge": 1, "name": "G.V.A.S.  Murthy", "title": "Pres of Fin. & Accounts", "exercisedValue": 0, "unexercisedValue": 0}, {"maxAge": 1, "name": "Mr. Jagbir  Singh", "age": 55, "title": "Chief Technology Officer", "yearBorn": 1965, "exercisedValue": 0, "unexercisedValue": 0}, {"maxAge": 1, "name": "Mr. Manish  Sansi", "title": "Chief Legal Officer", "exercisedValue": 0, "unexercisedValue": 0}, {"maxAge": 1, "name": "Dr. Pragnya  Ram", "age": 75, "title": "Group Exec. Pres of Corp. Communications & CSR", "yearBorn": 1945, "exercisedValue": 0, "unexercisedValue": 0}, {"maxAge": 1, "name": "Mr. Avneesh  Khosla", "title": "Chief Marketing Officer", "exercisedValue": 0, "unexercisedValue": 0}, {"maxAge": 1, "name": "Mr. Suvamoy Roy Choudhury", "title": "Chief HR Officer", "exercisedValue": 0, "unexercisedValue": 0}], "auditRisk": 10, "boardRisk": 6, "compensationRisk": 10, "shareHolderRightsRisk": 1, "overallRisk": 8, "governanceEpochDate": "2021-04-01 05:30:00", "compensationAsOfEpochDate": "2020-12-31 05:30:00", "maxAge": 86400}, "recommendationTrend": {"trend": [{"period": "0m", "strongBuy": 0, "buy": 0, "hold": 0, "sell": 0, "strongSell": 0}, {"period": "-1m", "strongBuy": 3, "buy": 4, "hold": 6, "sell": 10, "strongSell": 4}, {"period": "-2m", "strongBuy": 3, "buy": 4, "hold": 6, "sell": 9, "strongSell": 4}, {"period": "-3m", "strongBuy": 3, "buy": 4, "hold": 6, "sell": 9, "strongSell": 4}], "maxAge": 86400}, "cashflowStatementHistory": {"cashflowStatements": [{"maxAge": 1, "endDate": "2020-03-31", "netIncome": -738781000000, "depreciation": 239932000000, "changeToNetincome": 660947000000, "changeToAccountReceivables": -807000000, "changeToLiabilities": -11012000000, "changeToInventory": 17000000, "changeToOperatingActivities": -80653000000, "totalCashFromOperatingActivities": 73275000000, "capitalExpenditures": -79662000000, "investments": 48919000000, "otherCashflowsFromInvestingActivities": 1194000000, "totalCashflowsFromInvestingActivities": -27898000000, "netBorrowings": -146766000000, "otherCashflowsFromFinancingActivities": -153419000000, "totalCashFromFinancingActivities": -50187000000, "changeInCash": -3889000000, "issuanceOfStock": 249998000000}, {"maxAge": 1, "endDate": "2019-03-31", "netIncome": -146039000000, "depreciation": 142461000000, "changeToNetincome": 26131000000, "changeToAccountReceivables": 3506000000, "changeToLiabilities": 40872000000, "changeToInventory": 361000000, "changeToOperatingActivities": -16709000000, "totalCashFromOperatingActivities": 53478000000, "capitalExpenditures": -76519000000, "investments": -4302000000, "otherCashflowsFromInvestingActivities": 3334000000, "totalCashflowsFromInvestingActivities": -73788000000, "netBorrowings": 21299000000, "otherCashflowsFromFinancingActivities": -50794000000, "totalCashFromFinancingActivities": -29494000000, "changeInCash": 7582000000, "issuanceOfStock": 1000000}, {"maxAge": 1, "endDate": "2018-03-31", "netIncome": -41682000000, "depreciation": 82686000000, "changeToNetincome": 15119000000, "changeToAccountReceivables": 1996000000, "changeToLiabilities": -4558000000, "changeToInventory": 221000000, "changeToOperatingActivities": -1863000000, "totalCashFromOperatingActivities": 53324000000, "capitalExpenditures": -86508000000, "investments": -9376000000, "otherCashflowsFromInvestingActivities": 2674000000, "totalCashflowsFromInvestingActivities": -92717000000, "netBorrowings": 26935000000, "otherCashflowsFromFinancingActivities": -55244000000, "totalCashFromFinancingActivities": 39249000000, "changeInCash": -459000000, "issuanceOfStock": 67558000000}, {"maxAge": 1, "endDate": "2017-03-31", "netIncome": -3996960000, "depreciation": 77160530000, "changeToNetincome": 23463880000, "changeToAccountReceivables": -3614160000, "changeToLiabilities": 8456650000, "changeToInventory": 477440000, "changeToOperatingActivities": 1697850000, "totalCashFromOperatingActivities": 104756740000, "capitalExpenditures": -53312810000, "investments": -33471910000, "otherCashflowsFromInvestingActivities": -2947620000, "totalCashflowsFromInvestingActivities": -155556920000, "dividendsPaid": -2598890000, "netBorrowings": 84296750000, "otherCashflowsFromFinancingActivities": -36733420000, "totalCashFromFinancingActivities": 45061290000, "changeInCash": -5738890000, "issuanceOfStock": 96850000}], "maxAge": 86400}, "indexTrend": {"maxAge": 1, "symbol": "SP5", "peRatio": 19.7411, "pegRatio": 1.34172, "estimates": [{"period": "0q", "growth": 0.549}, {"period": "+1q", "growth": 0.431}, {"period": "0y", "growth": 0.305}, {"period": "+1y", "growth": 0.109}, {"period": "+5y", "growth": 0.120865}, {"period": "-5y"}]}, "defaultKeyStatistics": {"maxAge": 1, "priceHint": 2, "enterpriseValue": 1396407271424, "profitMargins": -1.10852, "floatShares": 8026081569, "sharesOutstanding": 28735399936, "heldPercentInsiders": 0.72054, "heldPercentInstitutions": 0.06019, "beta": 1.152581, "category": null, "bookValue": -10.873, "fundFamily": null, "legalType": null, "lastFiscalYearEnd": "2020-03-31 05:30:00", "nextFiscalYearEnd": "2022-03-31 05:30:00", "mostRecentQuarter": "2020-12-31 05:30:00", "netIncomeToCommon": -488805990400, "trailingEps": -17.014, "forwardEps": 0.96, "lastSplitFactor": null, "enterpriseToRevenue": 3.169, "enterpriseToEbitda": 10.666}, "industryTrend": {"maxAge": 1, "symbol": null, "estimates": []}, "quoteType": {"exchange": "NSI", "quoteType": "EQUITY", "symbol": "IDEA.NS", "underlyingSymbol": "IDEA.NS", "shortName": "VODAFONE IDEA LTD", "longName": "Vodafone Idea Limited", "firstTradeDateEpochUtc": "2007-03-09 09:15:00", "timeZoneFullName": "Asia/Kolkata", "timeZoneShortName": "IST", "uuid": "e6b5bed2-1a5b-3f87-a1b1-33e274a602fc", "gmtOffSetMilliseconds": 19800000, "maxAge": 1}, "incomeStatementHistory": {"incomeStatementHistory": [{"maxAge": 1, "endDate": "2020-03-31", "totalRevenue": 449167000000, "costOfRevenue": 272583000000, "grossProfit": 176584000000, "researchDevelopment": {}, "sellingGeneralAdministrative": 11692000000, "nonRecurring": {}, "otherOperatingExpenses": 15970000000, "totalOperatingExpenses": 543809000000, "operatingIncome": -94642000000, "totalOtherIncomeExpenseNet": -523328000000, "ebit": -94642000000, "interestExpense": -147116000000, "incomeBeforeTax": -617970000000, "incomeTaxExpense": 120811000000, "minorityInterest": {}, "netIncomeFromContinuingOps": -738781000000, "discontinuedOperations": {}, "extraordinaryItems": {}, "effectOfAccountingCharges": {}, "otherItems": {}, "netIncome": -738781000000, "netIncomeApplicableToCommonShares": -739049000000}, {"maxAge": 1, "endDate": "2019-03-31", "totalRevenue": 370056000000, "costOfRevenue": 302817000000, "grossProfit": 67239000000, "researchDevelopment": {}, "sellingGeneralAdministrative": 14824000000, "nonRecurring": {}, "otherOperatingExpenses": 11931000000, "totalOperatingExpenses": 474928000000, "operatingIncome": -104872000000, "totalOtherIncomeExpenseNet": -76882000000, "ebit": -104872000000, "interestExpense": -92184000000, "incomeBeforeTax": -181754000000, "incomeTaxExpense": -35715000000, "minorityInterest": {}, "netIncomeFromContinuingOps": -146039000000, "discontinuedOperations": {}, "extraordinaryItems": {}, "effectOfAccountingCharges": {}, "otherItems": {}, "netIncome": -146039000000, "netIncomeApplicableToCommonShares": -146286000000}, {"maxAge": 1, "endDate": "2018-03-31", "totalRevenue": 282471000000, "costOfRevenue": 203997000000, "grossProfit": 78474000000, "researchDevelopment": {}, "sellingGeneralAdministrative": 11682000000, "nonRecurring": {}, "otherOperatingExpenses": 6814000000, "totalOperatingExpenses": 306584000000, "operatingIncome": -24113000000, "totalOtherIncomeExpenseNet": -40879000000, "ebit": -24113000000, "interestExpense": -48309000000, "incomeBeforeTax": -64992000000, "incomeTaxExpense": -23310000000, "minorityInterest": {}, "netIncomeFromContinuingOps": -41682000000, "discontinuedOperations": {}, "extraordinaryItems": {}, "effectOfAccountingCharges": {}, "otherItems": {}, "netIncome": -41682000000, "netIncomeApplicableToCommonShares": -41966000000}, {"maxAge": 1, "endDate": "2017-03-31", "totalRevenue": 355526550000, "costOfRevenue": 232911610000, "grossProfit": 122614940000, "researchDevelopment": {}, "sellingGeneralAdministrative": 12560900000, "nonRecurring": {}, "otherOperatingExpenses": 7944890000, "totalOperatingExpenses": 331689440000, "operatingIncome": 23837110000, "totalOtherIncomeExpenseNet": -32469460000, "ebit": 23837110000, "interestExpense": -39021060000, "incomeBeforeTax": -8632350000, "incomeTaxExpense": -4635390000, "minorityInterest": {}, "netIncomeFromContinuingOps": -3996960000, "discontinuedOperations": {}, "extraordinaryItems": {}, "effectOfAccountingCharges": {}, "otherItems": {}, "netIncome": -3996960000, "netIncomeApplicableToCommonShares": -4420130000}], "maxAge": 86400}, "fundOwnership": {"ownershipList": [{"maxAge": 1, "reportDate": "2021-01-31", "organization": "Vanguard International Stock Index-Total Intl Stock Indx", "pctHeld": 0.004, "position": 114029266, "value": 1277127779}, {"maxAge": 1, "reportDate": "2021-01-31", "organization": "Vanguard International Stock Index-Emerging Markets Stk", "pctHeld": 0.0039, "position": 110785053, "value": 1240792593}, {"maxAge": 1, "reportDate": "2021-03-31", "organization": "iShares Core MSCI Emerging Markets ETF", "pctHeld": 0.0028, "position": 80864498, "value": 747996606}, {"maxAge": 1, "reportDate": "2021-01-31", "organization": "DFA Emerging Markets Core Equity Portfolio", "pctHeld": 0.0015, "position": 42599767, "value": 477117390}, {"maxAge": 1, "reportDate": "2021-01-31", "organization": "DFA Emerging Markets Small Cap Series", "pctHeld": 0.00090000004, "position": 26426231, "value": 295973787}, {"maxAge": 1, "reportDate": "2021-03-31", "organization": "iShares MSCI India Small Cap ETF", "pctHeld": 0.00059999997, "position": 16074012, "value": 148684611}, {"maxAge": 1, "reportDate": "2021-01-31", "organization": "Vanguard Intl Equity Index Fds-FTSE All World ex U.S. Index Fund", "pctHeld": 0.0005, "position": 14700378, "value": 164644233}, {"maxAge": 1, "reportDate": "2020-12-31", "organization": "PIMCO Equity Series-PIMCO RAE Emerging Markets Fd", "pctHeld": 0.0005, "position": 14327154, "value": 152584190}, {"maxAge": 1, "reportDate": "2020-12-31", "organization": "College Retirement Equities Fund-Stock Account", "pctHeld": 0.0005, "position": 13175309, "value": 140317040}, {"maxAge": 1, "reportDate": "2021-01-31", "organization": "DFA Investment Dimensions-DFA Emerging Mkts Value", "pctHeld": 0.0004, "position": 11609989, "value": 130031876}], "maxAge": 1}, "summaryDetail": {"maxAge": 1, "priceHint": 2, "previousClose": 8.4, "open": 8.35, "dayLow": 8.3, "dayHigh": 8.6, "regularMarketPreviousClose": 8.4, "regularMarketOpen": 8.35, "regularMarketDayLow": 8.3, "regularMarketDayHigh": 8.6, "exDividendDate": "2016-09-22 05:30:00", "payoutRatio": 0.0, "beta": 1.152581, "forwardPE": 8.697917, "volume": 98016351, "regularMarketVolume": 98016351, "averageVolume": 269953938, "averageVolume10days": 227509760, "averageDailyVolume10Day": 227509760, "bid": 0.0, "ask": 0.0, "bidSize": 0, "askSize": 0, "marketCap": 239940599808, "fiftyTwoWeekLow": 3.15, "fiftyTwoWeekHigh": 13.8, "priceToSalesTrailing12Months": 0.5444398, "fiftyDayAverage": 10.469118, "twoHundredDayAverage": 10.242553, "trailingAnnualDividendRate": 0.6, "trailingAnnualDividendYield": 0.071428575, "currency": "INR", "fromCurrency": null, "lastMarket": null, "algorithm": null, "tradeable": false}, "insiderHolders": {"holders": [{"maxAge": 1, "name": "Balaji (P)", "relation": "UNREPORTED", "url": "", "transactionDescription": "Acquisition", "latestTransDate": "2019-12-06", "positionDirect": 700000, "positionDirectDate": "2019-12-06"}, {"maxAge": 1, "name": "Birla TMT Holdings Pvt. Ltd.", "relation": "UNREPORTED", "url": "", "transactionDescription": "Purchase", "latestTransDate": "2018-08-31", "positionDirect": 353798538, "positionDirectDate": "2018-08-31"}, {"maxAge": 1, "name": "IGH Holdings Pvt Ltd", "relation": "Promoter", "url": "", "transactionDescription": "Acquisition", "latestTransDate": "2019-09-04", "positionDirect": 407528454, "positionDirectDate": "2019-09-04"}, {"maxAge": 1, "name": "Kapania (Himanshu)", "relation": "Managing Director", "url": "", "transactionDescription": "Sale", "latestTransDate": "2018-08-06", "positionDirect": 822708, "positionDirectDate": "2018-08-06"}, {"maxAge": 1, "name": "Moondra (Akshaya)", "relation": "Wholetime Director", "url": "", "transactionDescription": "Sale", "latestTransDate": "2019-03-28", "positionDirect": 262444, "positionDirectDate": "2019-03-28"}, {"maxAge": 1, "name": "Pilani Investment & Industries Corporation, Ltd.", "relation": "Promoter", "url": "", "transactionDescription": "Acquisition", "latestTransDate": "2019-08-29", "positionDirect": 109028530, "positionDirectDate": "2019-08-29"}, {"maxAge": 1, "name": "Shankar (Sashi)", "relation": "UNREPORTED", "url": "", "transactionDescription": "Sale", "latestTransDate": "2019-03-28", "positionDirect": 0, "positionDirectDate": "2019-03-28"}, {"maxAge": 1, "name": "Sharma (Kamal)", "relation": "UNREPORTED", "url": "", "transactionDescription": "Sale", "latestTransDate": "2019-03-28", "positionDirect": 37500, "positionDirectDate": "2019-03-28"}, {"maxAge": 1, "name": "Verghese (Vinu)", "relation": "UNREPORTED", "url": "", "transactionDescription": "Sale", "latestTransDate": "2019-03-29", "positionDirect": 73667, "positionDirectDate": "2019-03-29"}, {"maxAge": 1, "name": "Vodafone International Holdings BV", "relation": "UNREPORTED", "url": "", "transactionDescription": "Sale", "latestTransDate": "2018-08-31", "positionDirect": 792754922, "positionDirectDate": "2018-08-31"}], "maxAge": 1}, "calendarEvents": {"maxAge": 1, "earnings": {"earningsDate": ["2021-05-24 05:30:S", "2021-05-28 05:30:S"], "revenueAverage": 122866000000, "revenueLow": 118752000000, "revenueHigh": 128652000000}, "exDividendDate": "2016-09-22 05:30:00"}, "upgradeDowngradeHistory": {"history": [], "maxAge": 86400}, "price": {"maxAge": 1, "regularMarketChangePercent": -0.0059522903, "regularMarketChange": -0.049999237, "regularMarketTime": "2021-04-30 15:30:01", "priceHint": 2, "regularMarketPrice": 8.35, "regularMarketDayHigh": 8.6, "regularMarketDayLow": 8.3, "regularMarketVolume": 98016351, "averageDailyVolume10Day": 227509760, "averageDailyVolume3Month": 269953938, "regularMarketPreviousClose": 8.4, "regularMarketSource": "FREE_REALTIME", "regularMarketOpen": 8.35, "exchange": "NSI", "exchangeName": "NSE", "exchangeDataDelayedBy": 15, "marketState": "CLOSED", "quoteType": "EQUITY", "symbol": "IDEA.NS", "underlyingSymbol": null, "shortName": "VODAFONE IDEA LTD", "longName": "Vodafone Idea Limited", "currency": "INR", "quoteSourceName": "Delayed Quote", "currencySymbol": "\u20b9", "fromCurrency": null, "lastMarket": null, "marketCap": 239940599808}, "balanceSheetHistory": {"balanceSheetStatements": [{"maxAge": 1, "endDate": "2020-03-31", "cash": 3708000000, "shortTermInvestments": 21052000000, "netReceivables": 110761000000, "inventory": 25000000, "otherCurrentAssets": 28534000000, "totalCurrentAssets": 166861000000, "longTermInvestments": 15244000000, "propertyPlantEquipment": 673528000000, "intangibleAssets": 1195558000000, "otherAssets": 218005000000, "deferredLongTermAssetCharges": 20000000, "totalAssets": 2269196000000, "accountsPayable": 117634000000, "shortLongTermDebt": 186829000000, "otherCurrentLiab": 542403000000, "longTermDebt": 962804000000, "otherLiab": 124525000000, "totalCurrentLiabilities": 957790000000, "totalLiab": 2209397000000, "commonStock": 287354000000, "retainedEarnings": -1018200000000, "treasuryStock": -294053000000, "capitalSurplus": 1084698000000, "otherStockholderEquity": -294053000000, "totalStockholderEquity": 59799000000, "netTangibleAssets": -1135759000000}, {"maxAge": 1, "endDate": "2019-03-31", "cash": 8428000000, "shortTermInvestments": 67088000000, "netReceivables": 100840000000, "inventory": 42000000, "otherCurrentAssets": 4596000000, "totalCurrentAssets": 183812000000, "longTermInvestments": 15298000000, "propertyPlantEquipment": 526113000000, "goodWill": 36000000, "intangibleAssets": 1302210000000, "otherAssets": 269526000000, "deferredLongTermAssetCharges": 103385000000, "totalAssets": 2296995000000, "accountsPayable": 126486000000, "shortLongTermDebt": 174163000000, "otherCurrentLiab": 136027000000, "longTermDebt": 1044029000000, "otherLiab": 114234000000, "totalCurrentLiabilities": 542384000000, "totalLiab": 1700647000000, "commonStock": 87356000000, "retainedEarnings": -232672000000, "treasuryStock": -293868000000, "capitalSurplus": 1035532000000, "otherStockholderEquity": -293868000000, "totalStockholderEquity": 596348000000, "netTangibleAssets": -705898000000}, {"maxAge": 1, "endDate": "2018-03-31", "cash": 193000000, "shortTermInvestments": 56304000000, "netReceivables": 32920000000, "inventory": 367000000, "otherCurrentAssets": 11515000000, "totalCurrentAssets": 102346000000, "longTermInvestments": 16601000000, "propertyPlantEquipment": 251062000000, "goodWill": 61000000, "intangibleAssets": 581649000000, "otherAssets": 34053000000, "deferredLongTermAssetCharges": 12052000000, "totalAssets": 985772000000, "accountsPayable": 35479000000, "shortLongTermDebt": 10226000000, "otherCurrentLiab": 60410000000, "longTermDebt": 569408000000, "otherLiab": 35430000000, "totalCurrentLiabilities": 108309000000, "totalLiab": 713147000000, "commonStock": 43593000000, "retainedEarnings": 30468000000, "treasuryStock": 5210000000, "capitalSurplus": 193354000000, "otherStockholderEquity": 5210000000, "totalStockholderEquity": 272625000000, "netTangibleAssets": -309085000000}, {"maxAge": 1, "endDate": "2017-03-31", "cash": 782460000, "shortTermInvestments": 48997520000, "netReceivables": 23661760000, "inventory": 587970000, "otherCurrentAssets": 1411030000, "totalCurrentAssets": 76325250000, "longTermInvestments": 14784750000, "propertyPlantEquipment": 241745950000, "goodWill": 61200000, "intangibleAssets": 601176250000, "otherAssets": 32953540000, "deferredLongTermAssetCharges": 368970000, "totalAssets": 967046940000, "accountsPayable": 40776670000, "shortLongTermDebt": 33820180000, "otherCurrentLiab": 64425550000, "longTermDebt": 516378280000, "otherLiab": 32731660000, "totalCurrentLiabilities": 170614560000, "totalLiab": 719724500000, "commonStock": 36053280000, "retainedEarnings": 75241640000, "treasuryStock": 2658250000, "capitalSurplus": 133369270000, "otherStockholderEquity": 2658250000, "totalStockholderEquity": 247322440000, "netTangibleAssets": -353915010000}], "maxAge": 86400}, "earningsTrend": {"trend": [{"maxAge": 1, "period": "0q", "endDate": "2018-12-31", "growth": {}, "earningsEstimate": {"avg": 0.0, "low": 0.0, "high": 0.0, "yearAgoEps": -3.58, "numberOfAnalysts": 0, "growth": {}}, "revenueEstimate": {"avg": 122866000000, "low": 118752000000, "high": 128652000000, "numberOfAnalysts": 3, "yearAgoRevenue": 65096000000, "growth": 0.88699996}, "epsTrend": {"current": 0.0, "7daysAgo": -5.86, "30daysAgo": -5.86, "60daysAgo": -5.86, "90daysAgo": -5.86}, "epsRevisions": {"upLast7days": 0, "upLast30days": 0, "downLast30days": 0, "downLast90days": {}}}, {"maxAge": 1, "period": "+1q", "endDate": "2019-03-31", "growth": {}, "earningsEstimate": {"avg": 0.0, "low": 0.0, "high": 0.0, "yearAgoEps": -2.45, "numberOfAnalysts": 0, "growth": {}}, "revenueEstimate": {"avg": 123560000000, "low": 119226000000, "high": 128760000000, "numberOfAnalysts": 3, "yearAgoRevenue": {}, "growth": {}}, "epsTrend": {"current": 0.0, "7daysAgo": 1.86, "30daysAgo": 1.86, "60daysAgo": 1.86, "90daysAgo": 1.86}, "epsRevisions": {"upLast7days": 0, "upLast30days": 1, "downLast30days": 0, "downLast90days": {}}}, {"maxAge": 1, "period": "0y", "endDate": "2019-03-31", "growth": {}, "earningsEstimate": {"avg": 0.0, "low": 0.0, "high": 0.0, "yearAgoEps": {}, "numberOfAnalysts": 0, "growth": {}}, "revenueEstimate": {"avg": 401014000000, "low": 346328000000, "high": 542344000000, "numberOfAnalysts": 20, "yearAgoRevenue": {}, "growth": {}}, "epsTrend": {"current": 0.0, "7daysAgo": -20.78, "30daysAgo": -20.78, "60daysAgo": -20.78, "90daysAgo": -20.78}, "epsRevisions": {"upLast7days": 0, "upLast30days": 3, "downLast30days": 1, "downLast90days": {}}}, {"maxAge": 1, "period": "+1y", "endDate": "2020-03-31", "growth": {}, "earningsEstimate": {"avg": 0.0, "low": 0.0, "high": 0.0, "yearAgoEps": {}, "numberOfAnalysts": 0, "growth": {}}, "revenueEstimate": {"avg": 477751000000, "low": 350475000000, "high": 570898000000, "numberOfAnalysts": 20, "yearAgoRevenue": 401014000000, "growth": 0.191}, "epsTrend": {"current": 0.0, "7daysAgo": -15.64, "30daysAgo": -15.64, "60daysAgo": -15.64, "90daysAgo": -15.64}, "epsRevisions": {"upLast7days": 0, "upLast30days": 3, "downLast30days": 1, "downLast90days": {}}}, {"maxAge": 1, "period": "+5y", "endDate": null, "growth": 0.072, "earningsEstimate": {"avg": {}, "low": {}, "high": {}, "yearAgoEps": {}, "numberOfAnalysts": {}, "growth": {}}, "revenueEstimate": {"avg": {}, "low": {}, "high": {}, "numberOfAnalysts": {}, "yearAgoRevenue": {}, "growth": {}}, "epsTrend": {"current": {}, "7daysAgo": {}, "30daysAgo": {}, "60daysAgo": {}, "90daysAgo": {}}, "epsRevisions": {"upLast7days": {}, "upLast30days": {}, "downLast30days": {}, "downLast90days": {}}}, {"maxAge": 1, "period": "-5y", "endDate": null, "growth": {}, "earningsEstimate": {"avg": {}, "low": {}, "high": {}, "yearAgoEps": {}, "numberOfAnalysts": {}, "growth": {}}, "revenueEstimate": {"avg": {}, "low": {}, "high": {}, "numberOfAnalysts": {}, "yearAgoRevenue": {}, "growth": {}}, "epsTrend": {"current": {}, "7daysAgo": {}, "30daysAgo": {}, "60daysAgo": {}, "90daysAgo": {}}, "epsRevisions": {"upLast7days": {}, "upLast30days": {}, "downLast30days": {}, "downLast90days": {}}}], "maxAge": 1}, "institutionOwnership": {"ownershipList": [], "maxAge": 1}, "majorHoldersBreakdown": {"maxAge": 1, "insidersPercentHeld": 0.72054, "institutionsPercentHeld": 0.06019, "institutionsFloatPercentHeld": 0.21539, "institutionsCount": 59}, "balanceSheetHistoryQuarterly": {"balanceSheetStatements": [{"maxAge": 1, "endDate": "2020-12-31", "cash": 14789000000, "shortTermInvestments": 3883000000, "netReceivables": 27460000000, "inventory": 11000000, "otherCurrentAssets": 92596000000, "totalCurrentAssets": 138739000000, "longTermInvestments": 78514000000, "propertyPlantEquipment": 592752000000, "intangibleAssets": 1128483000000, "otherAssets": 127646000000, "deferredLongTermAssetCharges": 15000000, "totalAssets": 2066134000000, "accountsPayable": 134412000000, "shortLongTermDebt": 128334000000, "otherCurrentLiab": 321933000000, "longTermDebt": 1045368000000, "otherLiab": 748516000000, "totalCurrentLiabilities": 584679000000, "totalLiab": 2378563000000, "commonStock": 287354000000, "treasuryStock": -599783000000, "otherStockholderEquity": -599783000000, "totalStockholderEquity": -312429000000, "netTangibleAssets": -1440912000000}, {"maxAge": 1, "endDate": "2020-09-30", "cash": 17225000000, "shortTermInvestments": 8534000000, "netReceivables": 24217000000, "inventory": 27000000, "otherCurrentAssets": 84371000000, "totalCurrentAssets": 134374000000, "longTermInvestments": 94482000000, "propertyPlantEquipment": 614855000000, "intangibleAssets": 1151172000000, "otherAssets": 126608000000, "deferredLongTermAssetCharges": 17000000, "totalAssets": 2121491000000, "accountsPayable": 139754000000, "shortLongTermDebt": 107280000000, "otherCurrentLiab": 317721000000, "longTermDebt": 1052135000000, "otherLiab": 771599000000, "totalCurrentLiabilities": 564755000000, "totalLiab": 2388489000000, "commonStock": 287354000000, "treasuryStock": -554352000000, "otherStockholderEquity": -554352000000, "totalStockholderEquity": -266998000000, "netTangibleAssets": -1418170000000}, {"maxAge": 1, "endDate": "2020-06-30", "totalStockholderEquity": 59799000000, "netTangibleAssets": -1135759000000}, {"maxAge": 1, "endDate": "2020-03-31", "cash": 3708000000, "shortTermInvestments": 21052000000, "netReceivables": 110761000000, "inventory": 25000000, "otherCurrentAssets": 28534000000, "totalCurrentAssets": 166861000000, "longTermInvestments": 15244000000, "propertyPlantEquipment": 673528000000, "intangibleAssets": 1195558000000, "otherAssets": 218005000000, "deferredLongTermAssetCharges": 20000000, "totalAssets": 2269196000000, "accountsPayable": 117634000000, "shortLongTermDebt": 186829000000, "otherCurrentLiab": 542403000000, "longTermDebt": 962804000000, "otherLiab": 124525000000, "totalCurrentLiabilities": 957790000000, "totalLiab": 2209397000000, "commonStock": 287354000000, "retainedEarnings": -1018200000000, "treasuryStock": -294053000000, "capitalSurplus": 1084698000000, "otherStockholderEquity": -294053000000, "totalStockholderEquity": 59799000000, "netTangibleAssets": -1135759000000}], "maxAge": 86400}, "earningsHistory": {"history": [{"maxAge": 1, "epsActual": -3.58, "epsEstimate": -3.5, "epsDifference": -0.08, "surprisePercent": -0.023, "quarter": "2017-12-31", "period": "-4q"}, {"maxAge": 1, "epsActual": -2.45, "epsEstimate": -3.94, "epsDifference": 1.49, "surprisePercent": 0.378, "quarter": "2018-03-31", "period": "-3q"}, {"maxAge": 1, "epsActual": -3.97, "epsEstimate": -3.74, "epsDifference": -0.23, "surprisePercent": -0.061, "quarter": "2018-06-30", "period": "-2q"}, {"maxAge": 1, "epsActual": -7.57, "epsEstimate": -4.27, "epsDifference": -3.3, "surprisePercent": -0.773, "quarter": "2018-09-30", "period": "-1q"}], "maxAge": 86400}, "esgScores": {"maxAge": 86400, "totalEsg": 31.07, "environmentScore": 7.64, "socialScore": 14.46, "governanceScore": 8.98, "ratingYear": 2021, "ratingMonth": 3, "highestControversy": 3.0, "esgPerformance": "LEAD_PERF", "peerCount": 67, "peerGroup": "Telecommunication Services", "relatedControversy": ["Business Ethics Incidents"], "peerEsgScorePerformance": {"min": 12.67, "avg": 22.42119402985074, "max": 31.07}, "peerGovernancePerformance": {"min": 3.61, "avg": 7.358095238095237, "max": 9.35}, "peerSocialPerformance": {"min": 5.72, "avg": 10.60936507936508, "max": 15.43}, "peerEnvironmentPerformance": {"min": 1.22, "avg": 4.267301587301587, "max": 7.87}, "peerHighestControversyPerformance": {"min": 0.0, "avg": 1.8955223880597014, "max": 5.0}, "percentile": 61.19, "environmentPercentile": 0.0, "socialPercentile": 0.0, "governancePercentile": 0.0, "adult": false, "alcoholic": false, "animalTesting": false, "catholic": false, "controversialWeapons": false, "smallArms": false, "furLeather": false, "gambling": false, "gmo": false, "militaryContract": false, "nuclear": false, "pesticides": false, "palmOil": false, "coal": false, "tobacco": false}, "summaryProfile": {"address1": "Birla Centurion", "address2": "10th Floor Century Mills Compound Pandurang Budhkar Marg, Worli", "city": "Mumbai", "zip": "400030", "country": "India", "phone": "91 95 9400 4000", "fax": "91 22 2482 0093", "website": "http://www.vodafoneidea.com", "industry": "Telecom Services", "sector": "Communication Services", "longBusinessSummary": "Vodafone Idea Limited operates mobile telecommunications in India. The company offers 2G, 3G, and 4G services; prepaid, postpaid, and roaming services, as well as interconnect and long distance services; voice, data, and enterprise services, as well as various other value added services, including short messaging services, digital services, Internet of Things, etc. It also trades in handsets, data cards, and related accessories; and provides internet, mobile advertisement, toll free services, etc. Vodafone Idea Limited has approximately 293.7 million mobile subscribers. The company was formerly known as Idea Cellular Limited and changed its name to Vodafone Idea Limited in August 2018. Vodafone Idea Limited was incorporated in 1995 and is based in Mumbai, India.", "fullTimeEmployees": 11486, "companyOfficers": [], "maxAge": 86400}, "netSharePurchaseActivity": {"maxAge": 1, "period": "6m", "buyInfoCount": 0, "buyInfoShares": 0, "sellInfoCount": 0, "netInfoCount": 0, "netInfoShares": 0, "netPercentInsiderShares": 0.0, "totalInsiderShares": 20704997376}, "insiderTransactions": {"transactions": [{"maxAge": 1, "shares": 157331, "filerUrl": "", "transactionText": "", "filerName": "Balaji (P)", "filerRelation": "UNREPORTED", "moneyText": "", "startDate": "2019-12-06", "ownership": "D"}, {"maxAge": 1, "shares": 500000, "filerUrl": "", "transactionText": "", "filerName": "IGH Holdings Pvt Ltd", "filerRelation": "Promoter", "moneyText": "", "startDate": "2019-09-04", "ownership": "D"}, {"maxAge": 1, "shares": 1000000, "filerUrl": "", "transactionText": "", "filerName": "IGH Holdings Pvt Ltd", "filerRelation": "Promoter", "moneyText": "", "startDate": "2019-08-30", "ownership": "D"}, {"maxAge": 1, "shares": 2000000, "filerUrl": "", "transactionText": "", "filerName": "IGH Holdings Pvt Ltd", "filerRelation": "Promoter", "moneyText": "", "startDate": "2019-08-29", "ownership": "D"}, {"maxAge": 1, "shares": 1500000, "filerUrl": "", "transactionText": "", "filerName": "Pilani Investment & Industries Corporation, Ltd.", "filerRelation": "Promoter", "moneyText": "", "startDate": "2019-08-29", "ownership": "D"}, {"maxAge": 1, "shares": 3000000, "filerUrl": "", "transactionText": "", "filerName": "IGH Holdings Pvt Ltd", "filerRelation": "Promoter", "moneyText": "", "startDate": "2019-08-28", "ownership": "D"}, {"maxAge": 1, "shares": 3600000, "filerUrl": "", "transactionText": "", "filerName": "Pilani Investment & Industries Corporation, Ltd.", "filerRelation": "Promoter", "moneyText": "", "startDate": "2019-08-28", "ownership": "D"}, {"maxAge": 1, "shares": 900000, "filerUrl": "", "transactionText": "", "filerName": "IGH Holdings Pvt Ltd", "filerRelation": "Promoter", "moneyText": "", "startDate": "2019-08-22", "ownership": "D"}, {"maxAge": 1, "shares": 3500000, "filerUrl": "", "transactionText": "", "filerName": "Pilani Investment & Industries Corporation, Ltd.", "filerRelation": "Promoter", "moneyText": "", "startDate": "2019-08-22", "ownership": "D"}, {"maxAge": 1, "shares": 1000000, "filerUrl": "", "transactionText": "", "filerName": "IGH Holdings Pvt Ltd", "filerRelation": "Promoter", "moneyText": "", "startDate": "2019-08-21", "ownership": "D"}, {"maxAge": 1, "shares": 2000000, "filerUrl": "", "transactionText": "", "filerName": "IGH Holdings Pvt Ltd", "filerRelation": "Promoter", "moneyText": "", "startDate": "2019-08-20", "ownership": "D"}, {"maxAge": 1, "shares": 1000000, "filerUrl": "", "transactionText": "", "filerName": "IGH Holdings Pvt Ltd", "filerRelation": "Institution- Corporation", "moneyText": "", "startDate": "2019-08-13", "ownership": "D"}, {"maxAge": 1, "shares": 200000, "filerUrl": "", "transactionText": "", "filerName": "Balaji (P)", "filerRelation": "UNREPORTED", "moneyText": "", "startDate": "2019-08-07", "ownership": "D"}, {"maxAge": 1, "shares": 2000000, "filerUrl": "", "transactionText": "", "filerName": "IGH Holdings Pvt Ltd", "filerRelation": "Promoter", "moneyText": "", "startDate": "2019-08-07", "ownership": "D"}, {"maxAge": 1, "shares": 4200000, "filerUrl": "", "transactionText": "", "filerName": "Pilani Investment & Industries Corporation, Ltd.", "filerRelation": "Promoter", "moneyText": "", "startDate": "2019-08-07", "ownership": "D"}, {"maxAge": 1, "shares": 400000, "filerUrl": "", "transactionText": "", "filerName": "IGH Holdings Pvt Ltd", "filerRelation": "Promoter", "moneyText": "", "startDate": "2019-08-06", "ownership": "D"}, {"maxAge": 1, "shares": 1500000, "filerUrl": "", "transactionText": "", "filerName": "Pilani Investment & Industries Corporation, Ltd.", "filerRelation": "Promoter", "moneyText": "", "startDate": "2019-08-06", "ownership": "D"}, {"maxAge": 1, "shares": 5000000, "filerUrl": "", "transactionText": "", "filerName": "IGH Holdings Pvt Ltd", "filerRelation": "Promoter", "moneyText": "", "startDate": "2019-08-05", "ownership": "D"}, {"maxAge": 1, "shares": 4500000, "filerUrl": "", "transactionText": "", "filerName": "Pilani Investment & Industries Corporation, Ltd.", "filerRelation": "Promoter", "moneyText": "", "startDate": "2019-08-05", "ownership": "D"}, {"maxAge": 1, "shares": 3500000, "filerUrl": "", "transactionText": "", "filerName": "IGH Holdings Pvt Ltd", "filerRelation": "Promoter", "moneyText": "", "startDate": "2019-08-02", "ownership": "D"}, {"maxAge": 1, "shares": 7900000, "filerUrl": "", "transactionText": "", "filerName": "Pilani Investment & Industries Corporation, Ltd.", "filerRelation": "Promoter", "moneyText": "", "startDate": "2019-08-02", "ownership": "D"}, {"maxAge": 1, "shares": 9000000, "filerUrl": "", "transactionText": "", "filerName": "IGH Holdings Pvt Ltd", "filerRelation": "Promoter", "moneyText": "", "startDate": "2019-08-01", "ownership": "D"}, {"maxAge": 1, "shares": 12000000, "filerUrl": "", "transactionText": "", "filerName": "Pilani Investment & Industries Corporation, Ltd.", "filerRelation": "Promoter", "moneyText": "", "startDate": "2019-08-01", "ownership": "D"}, {"maxAge": 1, "shares": 3836500, "filerUrl": "", "transactionText": "", "filerName": "IGH Holdings Pvt Ltd", "filerRelation": "Institution- Corporation", "moneyText": "", "startDate": "2019-07-31", "ownership": "D"}, {"maxAge": 1, "shares": 5050000, "filerUrl": "", "transactionText": "", "filerName": "Pilani Investment & Industries Corporation, Ltd.", "filerRelation": "Promoter", "moneyText": "", "startDate": "2019-07-31", "ownership": "D"}, {"maxAge": 1, "shares": 22768945, "filerUrl": "", "transactionText": "", "filerName": "IGH Holdings Pvt Ltd", "filerRelation": "Institution- Corporation", "moneyText": "", "startDate": "2019-07-30", "ownership": "D"}, {"maxAge": 1, "shares": 57920977, "filerUrl": "", "transactionText": "", "filerName": "Pilani Investment & Industries Corporation, Ltd.", "filerRelation": "Promoter", "moneyText": "", "startDate": "2019-07-30", "ownership": "D"}, {"maxAge": 1, "shares": 250000, "filerUrl": "", "transactionText": "", "filerName": "Balaji (P)", "filerRelation": "UNREPORTED", "moneyText": "", "startDate": "2019-05-17", "ownership": "D"}, {"maxAge": 1, "shares": 57500, "filerUrl": "", "transactionText": "", "filerName": "Verghese (Vinu)", "filerRelation": "UNREPORTED", "moneyText": "", "startDate": "2019-03-29", "ownership": "D"}, {"maxAge": 1, "shares": 15000, "filerUrl": "", "transactionText": "", "filerName": "Moondra (Akshaya)", "filerRelation": "Wholetime Director", "moneyText": "", "startDate": "2019-03-28", "ownership": "D"}, {"maxAge": 1, "shares": 91169, "filerUrl": "", "transactionText": "", "filerName": "Shankar (Sashi)", "filerRelation": "UNREPORTED", "moneyText": "", "startDate": "2019-03-28", "ownership": "D"}, {"maxAge": 1, "shares": 41000, "filerUrl": "", "transactionText": "", "filerName": "Sharma (Kamal)", "filerRelation": "UNREPORTED", "moneyText": "", "startDate": "2019-03-28", "ownership": "D"}, {"maxAge": 1, "shares": 70000000, "filerUrl": "", "transactionText": "", "filerName": "Birla TMT Holdings Pvt. Ltd.", "filerRelation": "UNREPORTED", "moneyText": "", "startDate": "2018-08-31", "ownership": "D"}, {"maxAge": 1, "shares": 349623009, "filerUrl": "", "transactionText": "", "filerName": "IGH Holdings Pvt Ltd", "filerRelation": "UNREPORTED", "moneyText": "", "startDate": "2018-08-31", "ownership": "D"}, {"maxAge": 1, "shares": 419623009, "filerUrl": "", "transactionText": "", "filerName": "Vodafone International Holdings BV", "filerRelation": "UNREPORTED", "moneyText": "", "startDate": "2018-08-31", "ownership": "D"}, {"maxAge": 1, "shares": 10000, "filerUrl": "", "transactionText": "", "filerName": "Kapania (Himanshu)", "filerRelation": "Managing Director", "moneyText": "", "startDate": "2018-08-06", "ownership": "D"}, {"maxAge": 1, "shares": 166667, "filerUrl": "", "transactionText": "", "filerName": "Jain (Ambrish)", "filerRelation": "UNREPORTED", "moneyText": "", "startDate": "2018-05-29", "ownership": "D"}, {"maxAge": 1, "shares": 10000, "filerUrl": "", "transactionText": "", "filerName": "Kapania (Himanshu)", "filerRelation": "Managing Director", "moneyText": "", "startDate": "2018-05-25", "ownership": "D"}, {"maxAge": 1, "shares": 10000, "filerUrl": "", "transactionText": "", "filerName": "Kapania (Himanshu)", "filerRelation": "Managing Director", "moneyText": "", "startDate": "2018-03-28", "ownership": "D"}, {"maxAge": 1, "shares": 32000, "filerUrl": "", "transactionText": "", "filerName": "Kapdeo (Pankaj)", "filerRelation": "Chief Compliance Officer", "moneyText": "", "startDate": "2018-03-23", "ownership": "D"}, {"maxAge": 1, "shares": 100000, "filerUrl": "", "transactionText": "", "filerName": "Jain (Ambrish)", "filerRelation": "UNREPORTED", "moneyText": "", "startDate": "2018-02-27", "ownership": "D"}, {"maxAge": 1, "shares": 308333, "filerUrl": "", "transactionText": "", "filerName": "Kapania (Himanshu)", "filerRelation": "Managing Director", "moneyText": "", "startDate": "2018-02-27", "ownership": "D"}, {"maxAge": 1, "shares": 4500, "filerUrl": "", "transactionText": "", "filerName": "Pradhan (Sudhir Kumar)", "filerRelation": "UNREPORTED", "moneyText": "", "startDate": "2017-12-29", "ownership": "D"}, {"maxAge": 1, "shares": 19361, "filerUrl": "", "transactionText": "", "filerName": "Singh (Bhagwant)", "filerRelation": "UNREPORTED", "moneyText": "", "startDate": "2017-12-29", "ownership": "D"}, {"maxAge": 1, "shares": 23634, "filerUrl": "", "transactionText": "", "filerName": "Bhattacharya (Koushik)", "filerRelation": "UNREPORTED", "moneyText": "", "startDate": "2017-12-28", "ownership": "D"}, {"maxAge": 1, "shares": 17500, "filerUrl": "", "transactionText": "", "filerName": "Pradhan (Sudhir Kumar)", "filerRelation": "UNREPORTED", "moneyText": "", "startDate": "2017-11-21", "ownership": "D"}, {"maxAge": 1, "shares": 10000, "filerUrl": "", "transactionText": "", "filerName": "Rao (Someswar)", "filerRelation": "UNREPORTED", "moneyText": "", "startDate": "2017-11-21", "ownership": "D"}, {"maxAge": 1, "shares": 45000, "filerUrl": "", "transactionText": "", "filerName": "Kapania (Himanshu)", "filerRelation": "Managing Director", "moneyText": "", "startDate": "2017-11-20", "ownership": "D"}, {"maxAge": 1, "shares": 40000, "filerUrl": "", "transactionText": "", "filerName": "Bishnoi (Tejasvi)", "filerRelation": "UNREPORTED", "moneyText": "", "startDate": "2017-09-26", "ownership": "D"}, {"maxAge": 1, "shares": 25000, "filerUrl": "", "transactionText": "", "filerName": "Kapania (Himanshu)", "filerRelation": "Managing Director", "moneyText": "", "startDate": "2017-09-26", "ownership": "D"}, {"maxAge": 1, "shares": 21422, "filerUrl": "", "transactionText": "", "filerName": "Agrawal (Suresh Kumar)", "filerRelation": "UNREPORTED", "moneyText": "", "startDate": "2017-08-21", "ownership": "D"}, {"maxAge": 1, "shares": 15000, "filerUrl": "", "transactionText": "", "filerName": "Rao (Deepak)", "filerRelation": "UNREPORTED", "moneyText": "", "startDate": "2017-08-03", "ownership": "D"}, {"maxAge": 1, "shares": 5187, "filerUrl": "", "transactionText": "", "filerName": "Kapdeo (Pankaj)", "filerRelation": "Chief Compliance Officer", "moneyText": "", "startDate": "2017-07-27", "ownership": "D"}, {"maxAge": 1, "shares": 35000, "filerUrl": "", "transactionText": "", "filerName": "Arya (Anil Vasant)", "filerRelation": "UNREPORTED", "moneyText": "", "startDate": "2017-06-28", "ownership": "D"}, {"maxAge": 1, "shares": 40125, "filerUrl": "", "transactionText": "", "filerName": "Ganapathy (Siva)", "filerRelation": "UNREPORTED", "moneyText": "", "startDate": "2017-06-21", "ownership": "D"}, {"maxAge": 1, "shares": 30000, "filerUrl": "", "transactionText": "", "filerName": "Kapania (Himanshu)", "filerRelation": "Managing Director", "moneyText": "", "startDate": "2017-06-21", "ownership": "D"}, {"maxAge": 1, "shares": 24000, "filerUrl": "", "transactionText": "", "filerName": "Prasad (M D)", "filerRelation": "UNREPORTED", "moneyText": "", "startDate": "2017-06-21", "ownership": "D"}, {"maxAge": 1, "shares": 15000, "filerUrl": "", "transactionText": "", "filerName": "Shethia (Amit)", "filerRelation": "UNREPORTED", "moneyText": "", "startDate": "2017-06-20", "ownership": "D"}, {"maxAge": 1, "shares": 14334, "filerUrl": "", "transactionText": "", "filerName": "Arya (Anil Vasant)", "filerRelation": "UNREPORTED", "moneyText": "", "startDate": "2017-06-16", "ownership": "D"}, {"maxAge": 1, "shares": 18000, "filerUrl": "", "transactionText": "", "filerName": "Joshi (Rajashekhar)", "filerRelation": "UNREPORTED", "moneyText": "", "startDate": "2017-05-26", "ownership": "D"}, {"maxAge": 1, "shares": 100000, "filerUrl": "", "transactionText": "", "filerName": "Kapania (Himanshu)", "filerRelation": "Managing Director", "moneyText": "", "startDate": "2017-04-25", "ownership": "D"}, {"maxAge": 1, "shares": 14625, "filerUrl": "", "transactionText": "", "filerName": "Singh (Anila)", "filerRelation": "UNREPORTED", "moneyText": "", "startDate": "2017-04-25", "ownership": "D"}, {"maxAge": 1, "shares": 19405, "filerUrl": "", "transactionText": "", "filerName": "Chaudhari (Sudeepta)", "filerRelation": "UNREPORTED", "moneyText": "", "startDate": "2017-03-31", "ownership": "D"}, {"maxAge": 1, "shares": 28361, "filerUrl": "", "transactionText": "", "filerName": "Robindranath (Raval)", "filerRelation": "UNREPORTED", "moneyText": "", "startDate": "2017-03-30", "ownership": "D"}, {"maxAge": 1, "shares": 23361, "filerUrl": "", "transactionText": "", "filerName": "Shah (Uday Kumar)", "filerRelation": "UNREPORTED", "moneyText": "", "startDate": "2017-03-30", "ownership": "D"}, {"maxAge": 1, "shares": 26750, "filerUrl": "", "transactionText": "", "filerName": "Aibara (Naozer Firoze)", "filerRelation": "UNREPORTED", "moneyText": "", "startDate": "2017-03-25", "ownership": "D"}, {"maxAge": 1, "shares": 70000, "filerUrl": "", "transactionText": "", "filerName": "Kapania (Himanshu)", "filerRelation": "Managing Director", "moneyText": "", "startDate": "2017-03-25", "ownership": "D"}, {"maxAge": 1, "shares": 146944, "filerUrl": "", "transactionText": "", "filerName": "Moondra (Akshaya)", "filerRelation": "Wholetime Director", "moneyText": "", "startDate": "2017-03-25", "ownership": "D"}, {"maxAge": 1, "shares": 146944, "filerUrl": "", "transactionText": "", "filerName": "Srivastava (Rajesh)", "filerRelation": "UNREPORTED", "moneyText": "", "startDate": "2017-03-25", "ownership": "D"}, {"maxAge": 1, "shares": 14000, "filerUrl": "", "transactionText": "", "filerName": "Sabharwal (Sanjay)", "filerRelation": "UNREPORTED", "moneyText": "", "startDate": "2017-03-23", "ownership": "D"}, {"maxAge": 1, "shares": 24900, "filerUrl": "", "transactionText": "", "filerName": "Sahay (Uttam)", "filerRelation": "UNREPORTED", "moneyText": "", "startDate": "2017-03-22", "ownership": "D"}, {"maxAge": 1, "shares": 43000, "filerUrl": "", "transactionText": "", "filerName": "Madhu (P R)", "filerRelation": "UNREPORTED", "moneyText": "", "startDate": "2016-12-30", "ownership": "D"}, {"maxAge": 1, "shares": 13375, "filerUrl": "", "transactionText": "", "filerName": "Chourasia (Rajendra)", "filerRelation": "UNREPORTED", "moneyText": "", "startDate": "2016-12-29", "ownership": "D"}, {"maxAge": 1, "shares": 41000, "filerUrl": "", "transactionText": "", "filerName": "Chourasia (Rajendra)", "filerRelation": "UNREPORTED", "moneyText": "", "startDate": "2016-12-27", "ownership": "D"}, {"maxAge": 1, "shares": 2954601, "filerUrl": "", "transactionText": "", "filerName": "Pilani Investment & Industries Corporation, Ltd.", "filerRelation": "Promoter", "moneyText": "", "startDate": "2016-11-24", "ownership": "D"}, {"maxAge": 1, "shares": 5188, "filerUrl": "", "transactionText": "", "filerName": "Kapdeo (Pankaj)", "filerRelation": "Chief Compliance Officer", "moneyText": "", "startDate": "2016-07-26", "ownership": "D"}, {"maxAge": 1, "shares": 22000, "filerUrl": "", "transactionText": "", "filerName": "Rastogi (Neeraj)", "filerRelation": "UNREPORTED", "moneyText": "", "startDate": "2016-06-29", "ownership": "D"}, {"maxAge": 1, "shares": 2313, "filerUrl": "", "transactionText": "", "filerName": "Kapdeo (Pankaj)", "filerRelation": "Compliance Officer", "moneyText": "", "startDate": "2016-05-26", "ownership": "D"}, {"maxAge": 1, "shares": 10000, "filerUrl": "", "transactionText": "", "filerName": "Kapania (Himanshu)", "filerRelation": "Managing Director", "moneyText": "", "startDate": "2015-12-23", "ownership": "D"}, {"maxAge": 1, "shares": 70000, "filerUrl": "", "transactionText": "", "filerName": "Kapania (Himanshu)", "filerRelation": "Managing Director", "moneyText": "", "startDate": "2015-11-24", "ownership": "D"}, {"maxAge": 1, "shares": 15000, "filerUrl": "", "transactionText": "", "filerName": "Kapdeo (Pankaj)", "filerRelation": "Chief Compliance Officer", "moneyText": "", "startDate": "2015-03-30", "ownership": "D"}, {"maxAge": 1, "shares": 20750, "filerUrl": "", "transactionText": "", "filerName": "Kapdeo (Pankaj)", "filerRelation": "Chief Compliance Officer", "moneyText": "", "startDate": "2014-12-29", "ownership": "D"}, {"maxAge": 1, "shares": 5000, "filerUrl": "", "transactionText": "", "filerName": "Aga (Sanjeev)", "filerRelation": "Director (Non-Executive)", "moneyText": "", "startDate": "2014-12-16", "ownership": "D"}, {"maxAge": 1, "shares": 5000, "filerUrl": "", "transactionText": "", "filerName": "Aga (Sanjeev)", "filerRelation": "Director (Non-Executive)", "moneyText": "", "startDate": "2014-12-05", "ownership": "D"}, {"maxAge": 1, "shares": 0, "filerUrl": "", "transactionText": "", "filerName": "Aga (Sanjeev)", "filerRelation": "Director (Non-Executive)", "moneyText": "", "startDate": "2014-11-25", "ownership": "I"}, {"maxAge": 1, "shares": 800, "filerUrl": "", "transactionText": "", "filerName": "Aga (Sanjeev)", "filerRelation": "Director (Non-Executive)", "moneyText": "", "startDate": "2014-09-18", "ownership": "D"}, {"maxAge": 1, "shares": 4200, "filerUrl": "", "transactionText": "", "filerName": "Aga (Sanjeev)", "filerRelation": "Director (Non-Executive)", "moneyText": "", "startDate": "2014-09-17", "ownership": "D"}, {"maxAge": 1, "shares": 12000, "filerUrl": "", "transactionText": "", "filerName": "Aga (Sanjeev)", "filerRelation": "Director (Non-Executive)", "moneyText": "", "startDate": "2014-09-16", "ownership": "D"}, {"maxAge": 1, "shares": 3000, "filerUrl": "", "transactionText": "", "filerName": "Aga (Sanjeev)", "filerRelation": "Director (Non-Executive)", "moneyText": "", "startDate": "2014-09-15", "ownership": "D"}, {"maxAge": 1, "shares": 85000000, "filerUrl": "", "transactionText": "", "filerName": "P5 Asia Investments Mauritius Ltd", "filerRelation": "Private Equity", "moneyText": "", "startDate": "2014-09-04", "ownership": "D"}, {"maxAge": 1, "shares": 30000, "filerUrl": "", "transactionText": "", "filerName": "Kapania (Himanshu)", "filerRelation": "Managing Director", "moneyText": "", "startDate": "2014-09-02", "ownership": "D"}, {"maxAge": 1, "shares": 5000, "filerUrl": "", "transactionText": "", "filerName": "Kapdeo (Pankaj)", "filerRelation": "Chief Compliance Officer", "moneyText": "", "startDate": "2014-07-31", "ownership": "D"}, {"maxAge": 1, "shares": 5188, "filerUrl": "", "transactionText": "", "filerName": "Kapdeo (Pankaj)", "filerRelation": "Chief Compliance Officer", "moneyText": "", "startDate": "2014-07-25", "ownership": "D"}, {"maxAge": 1, "shares": 5000, "filerUrl": "", "transactionText": "", "filerName": "Kapdeo (Pankaj)", "filerRelation": "Chief Compliance Officer", "moneyText": "", "startDate": "2014-07-25", "ownership": "D"}, {"maxAge": 1, "shares": 100000, "filerUrl": "", "transactionText": "", "filerName": "Aga (Sanjeev)", "filerRelation": "Director (Non-Executive)", "moneyText": "", "startDate": "2014-02-25", "ownership": "D"}, {"maxAge": 1, "shares": 36656, "filerUrl": "", "transactionText": "", "filerName": "Kapania (Himanshu)", "filerRelation": "Managing Director", "moneyText": "", "startDate": "2014-02-25", "ownership": "D"}, {"maxAge": 1, "shares": 15219, "filerUrl": "", "transactionText": "", "filerName": "Kapania (Himanshu)", "filerRelation": "Managing Director", "moneyText": "", "startDate": "2014-01-27", "ownership": "D"}, {"maxAge": 1, "shares": 15000, "filerUrl": "", "transactionText": "", "filerName": "Kapania (Himanshu)", "filerRelation": "Managing Director", "moneyText": "", "startDate": "2013-12-23", "ownership": "D"}, {"maxAge": 1, "shares": 750, "filerUrl": "", "transactionText": "", "filerName": "Kapdeo (Pankaj)", "filerRelation": "Chief Compliance Officer", "moneyText": "", "startDate": "2013-12-23", "ownership": "D"}, {"maxAge": 1, "shares": 5000, "filerUrl": "", "transactionText": "", "filerName": "Kapania (Himanshu)", "filerRelation": "Managing Director", "moneyText": "", "startDate": "2013-12-12", "ownership": "D"}, {"maxAge": 1, "shares": 5000, "filerUrl": "", "transactionText": "", "filerName": "Kapania (Himanshu)", "filerRelation": "Managing Director", "moneyText": "", "startDate": "2013-12-09", "ownership": "D"}, {"maxAge": 1, "shares": 5000, "filerUrl": "", "transactionText": "", "filerName": "Aga (Sanjeev)", "filerRelation": "Director (Non-Executive)", "moneyText": "", "startDate": "2013-11-29", "ownership": "D"}, {"maxAge": 1, "shares": 3000, "filerUrl": "", "transactionText": "", "filerName": "Aga (Sanjeev)", "filerRelation": "Director (Non-Executive)", "moneyText": "", "startDate": "2013-11-26", "ownership": "D"}, {"maxAge": 1, "shares": 50000, "filerUrl": "", "transactionText": "", "filerName": "Aga (Sanjeev)", "filerRelation": "Director (Non-Executive)", "moneyText": "", "startDate": "2013-11-23", "ownership": "D"}, {"maxAge": 1, "shares": 14300, "filerUrl": "", "transactionText": "", "filerName": "Kapania (Himanshu)", "filerRelation": "Managing Director", "moneyText": "", "startDate": "2013-11-23", "ownership": "D"}, {"maxAge": 1, "shares": 2000, "filerUrl": "", "transactionText": "", "filerName": "Aga (Sanjeev)", "filerRelation": "Director (Non-Executive)", "moneyText": "", "startDate": "2013-11-21", "ownership": "D"}, {"maxAge": 1, "shares": 5000, "filerUrl": "", "transactionText": "", "filerName": "Kapania (Himanshu)", "filerRelation": "Managing Director", "moneyText": "", "startDate": "2013-11-18", "ownership": "D"}, {"maxAge": 1, "shares": 10000, "filerUrl": "", "transactionText": "", "filerName": "Kapania (Himanshu)", "filerRelation": "Managing Director", "moneyText": "", "startDate": "2013-10-24", "ownership": "D"}, {"maxAge": 1, "shares": 20000, "filerUrl": "", "transactionText": "", "filerName": "Aga (Sanjeev)", "filerRelation": "Director (Non-Executive)", "moneyText": "", "startDate": "2013-09-26", "ownership": "D"}, {"maxAge": 1, "shares": 7500, "filerUrl": "", "transactionText": "", "filerName": "Kapania (Himanshu)", "filerRelation": "Managing Director", "moneyText": "", "startDate": "2013-09-24", "ownership": "D"}, {"maxAge": 1, "shares": 20000, "filerUrl": "", "transactionText": "", "filerName": "Kapdeo (Pankaj)", "filerRelation": "Chief Compliance Officer", "moneyText": "", "startDate": "2013-08-26", "ownership": "D"}, {"maxAge": 1, "shares": 10000, "filerUrl": "", "transactionText": "", "filerName": "Aga (Sanjeev)", "filerRelation": "Director (Non-Executive)", "moneyText": "", "startDate": "2013-08-16", "ownership": "D"}, {"maxAge": 1, "shares": 10000, "filerUrl": "", "transactionText": "", "filerName": "Aga (Sanjeev)", "filerRelation": "Director (Non-Executive)", "moneyText": "", "startDate": "2013-08-14", "ownership": "D"}, {"maxAge": 1, "shares": 100000, "filerUrl": "", "transactionText": "", "filerName": "Aga (Sanjeev)", "filerRelation": "Director (Non-Executive)", "moneyText": "", "startDate": "2013-07-24", "ownership": "D"}, {"maxAge": 1, "shares": 17500, "filerUrl": "", "transactionText": "", "filerName": "Kapania (Himanshu)", "filerRelation": "Managing Director", "moneyText": "", "startDate": "2013-07-24", "ownership": "D"}, {"maxAge": 1, "shares": 30000, "filerUrl": "", "transactionText": "", "filerName": "Aga (Sanjeev)", "filerRelation": "Director (Non-Executive)", "moneyText": "", "startDate": "2013-06-18", "ownership": "D"}, {"maxAge": 1, "shares": 50000, "filerUrl": "", "transactionText": "", "filerName": "Aga (Sanjeev)", "filerRelation": "Director (Non-Executive)", "moneyText": "", "startDate": "2013-05-28", "ownership": "D"}, {"maxAge": 1, "shares": 20000, "filerUrl": "", "transactionText": "", "filerName": "Aga (Sanjeev)", "filerRelation": "Director (Non-Executive)", "moneyText": "", "startDate": "2013-05-27", "ownership": "D"}, {"maxAge": 1, "shares": 100000, "filerUrl": "", "transactionText": "", "filerName": "Aga (Sanjeev)", "filerRelation": "Director (Non-Executive)", "moneyText": "", "startDate": "2013-05-23", "ownership": "D"}, {"maxAge": 1, "shares": 10000, "filerUrl": "", "transactionText": "", "filerName": "Kapania (Himanshu)", "filerRelation": "Managing Director", "moneyText": "", "startDate": "2013-05-17", "ownership": "D"}, {"maxAge": 1, "shares": 78000, "filerUrl": "", "transactionText": "", "filerName": "Aga (Sanjeev)", "filerRelation": "Director (Non-Executive)", "moneyText": "", "startDate": "2013-04-29", "ownership": "D"}, {"maxAge": 1, "shares": 78000, "filerUrl": "", "transactionText": "", "filerName": "Aga (Sanjeev)", "filerRelation": "Director (Non-Executive)", "moneyText": "", "startDate": "2013-04-25", "ownership": "D"}, {"maxAge": 1, "shares": 10000, "filerUrl": "", "transactionText": "", "filerName": "Kapania (Himanshu)", "filerRelation": "Managing Director", "moneyText": "", "startDate": "2013-04-25", "ownership": "D"}, {"maxAge": 1, "shares": 60000, "filerUrl": "", "transactionText": "", "filerName": "Aga (Sanjeev)", "filerRelation": "Director (Non-Executive)", "moneyText": "", "startDate": "2013-03-28", "ownership": "D"}, {"maxAge": 1, "shares": 60000, "filerUrl": "", "transactionText": "", "filerName": "Aga (Sanjeev)", "filerRelation": "Director (Non-Executive)", "moneyText": "", "startDate": "2013-03-21", "ownership": "D"}, {"maxAge": 1, "shares": 25000, "filerUrl": "", "transactionText": "", "filerName": "Kapania (Himanshu)", "filerRelation": "Managing Director", "moneyText": "", "startDate": "2013-03-21", "ownership": "D"}, {"maxAge": 1, "shares": 12000, "filerUrl": "", "transactionText": "", "filerName": "Aga (Sanjeev)", "filerRelation": "Director (Non-Executive)", "moneyText": "", "startDate": "2013-02-28", "ownership": "D"}, {"maxAge": 1, "shares": 108661, "filerUrl": "", "transactionText": "", "filerName": "Aga (Sanjeev)", "filerRelation": "Director (Non-Executive)", "moneyText": "", "startDate": "2013-02-26", "ownership": "D"}, {"maxAge": 1, "shares": 25000, "filerUrl": "", "transactionText": "", "filerName": "Kapania (Himanshu)", "filerRelation": "Managing Director", "moneyText": "", "startDate": "2013-02-26", "ownership": "D"}, {"maxAge": 1, "shares": 16339, "filerUrl": "", "transactionText": "", "filerName": "Aga (Sanjeev)", "filerRelation": "Director (Non-Executive)", "moneyText": "", "startDate": "2013-02-25", "ownership": "D"}, {"maxAge": 1, "shares": 30000, "filerUrl": "", "transactionText": "", "filerName": "Aga (Sanjeev)", "filerRelation": "Director (Non-Executive)", "moneyText": "", "startDate": "2013-02-22", "ownership": "D"}, {"maxAge": 1, "shares": 15000, "filerUrl": "", "transactionText": "", "filerName": "Aga (Sanjeev)", "filerRelation": "Director (Non-Executive)", "moneyText": "", "startDate": "2013-02-04", "ownership": "D"}, {"maxAge": 1, "shares": 30000, "filerUrl": "", "transactionText": "", "filerName": "Aga (Sanjeev)", "filerRelation": "Director (Non-Executive)", "moneyText": "", "startDate": "2013-01-31", "ownership": "D"}, {"maxAge": 1, "shares": 212000, "filerUrl": "", "transactionText": "", "filerName": "Aga (Sanjeev)", "filerRelation": "Director (Non-Executive)", "moneyText": "", "startDate": "2013-01-23", "ownership": "D"}, {"maxAge": 1, "shares": 20000, "filerUrl": "", "transactionText": "", "filerName": "Kapania (Himanshu)", "filerRelation": "Managing Director", "moneyText": "", "startDate": "2013-01-23", "ownership": "D"}, {"maxAge": 1, "shares": 90000, "filerUrl": "", "transactionText": "", "filerName": "Aga (Sanjeev)", "filerRelation": "Director (Non-Executive)", "moneyText": "", "startDate": "2012-12-27", "ownership": "D"}, {"maxAge": 1, "shares": 90000, "filerUrl": "", "transactionText": "", "filerName": "Aga (Sanjeev)", "filerRelation": "Director (Non-Executive)", "moneyText": "", "startDate": "2012-12-26", "ownership": "D"}, {"maxAge": 1, "shares": 180000, "filerUrl": "", "transactionText": "", "filerName": "Aga (Sanjeev)", "filerRelation": "Director (Non-Executive)", "moneyText": "", "startDate": "2012-12-21", "ownership": "D"}, {"maxAge": 1, "shares": 10000, "filerUrl": "", "transactionText": "", "filerName": "Kapania (Himanshu)", "filerRelation": "Managing Director", "moneyText": "", "startDate": "2012-12-21", "ownership": "D"}, {"maxAge": 1, "shares": 20000, "filerUrl": "", "transactionText": "", "filerName": "Kapania (Himanshu)", "filerRelation": "Managing Director", "moneyText": "", "startDate": "2012-11-23", "ownership": "D"}, {"maxAge": 1, "shares": 5000, "filerUrl": "", "transactionText": "", "filerName": "Kapania (Himanshu)", "filerRelation": "Managing Director", "moneyText": "", "startDate": "2012-10-26", "ownership": "D"}, {"maxAge": 1, "shares": 5000, "filerUrl": "", "transactionText": "", "filerName": "Kapania (Himanshu)", "filerRelation": "Managing Director", "moneyText": "", "startDate": "2012-09-21", "ownership": "D"}, {"maxAge": 1, "shares": 40000, "filerUrl": "", "transactionText": "", "filerName": "Aga (Sanjeev)", "filerRelation": "Director (Non-Executive)", "moneyText": "", "startDate": "2012-09-13", "ownership": "D"}, {"maxAge": 1, "shares": 40000, "filerUrl": "", "transactionText": "", "filerName": "Aga (Sanjeev)", "filerRelation": "Director (Non-Executive)", "moneyText": "", "startDate": "2012-09-10", "ownership": "D"}, {"maxAge": 1, "shares": 20000, "filerUrl": "", "transactionText": "", "filerName": "Aga (Sanjeev)", "filerRelation": "Director (Non-Executive)", "moneyText": "", "startDate": "2012-09-06", "ownership": "D"}, {"maxAge": 1, "shares": 20000, "filerUrl": "", "transactionText": "", "filerName": "Aga (Sanjeev)", "filerRelation": "Director (Non-Executive)", "moneyText": "", "startDate": "2012-09-04", "ownership": "D"}, {"maxAge": 1, "shares": 28394, "filerUrl": "", "transactionText": "", "filerName": "Aga (Sanjeev)", "filerRelation": "Director (Non-Executive)", "moneyText": "", "startDate": "2012-08-27", "ownership": "D"}, {"maxAge": 1, "shares": 15000, "filerUrl": "", "transactionText": "", "filerName": "Kapania (Himanshu)", "filerRelation": "Managing Director", "moneyText": "", "startDate": "2012-08-24", "ownership": "D"}, {"maxAge": 1, "shares": 21606, "filerUrl": "", "transactionText": "", "filerName": "Aga (Sanjeev)", "filerRelation": "Director (Non-Executive)", "moneyText": "", "startDate": "2012-08-06", "ownership": "D"}, {"maxAge": 1, "shares": 10000, "filerUrl": "", "transactionText": "", "filerName": "Kapania (Himanshu)", "filerRelation": "Managing Director", "moneyText": "", "startDate": "2012-07-23", "ownership": "D"}], "maxAge": 1}, "sectorTrend": {"maxAge": 1, "symbol": null, "estimates": []}, "incomeStatementHistoryQuarterly": {"incomeStatementHistory": [{"maxAge": 1, "endDate": "2020-12-31", "totalRevenue": 108916000000, "costOfRevenue": 63257000000, "grossProfit": 45659000000, "researchDevelopment": {}, "sellingGeneralAdministrative": {}, "nonRecurring": {}, "otherOperatingExpenses": 2822000000, "totalOperatingExpenses": 124320000000, "operatingIncome": -15404000000, "totalOtherIncomeExpenseNet": -29920000000, "ebit": -15404000000, "interestExpense": -47874000000, "incomeBeforeTax": -45324000000, "incomeTaxExpense": -3000000, "minorityInterest": {}, "netIncomeFromContinuingOps": -45321000000, "discontinuedOperations": {}, "extraordinaryItems": {}, "effectOfAccountingCharges": {}, "otherItems": {}, "netIncome": -45321000000, "netIncomeApplicableToCommonShares": -45321000000}, {"maxAge": 1, "endDate": "2020-09-30", "totalRevenue": 107882000000, "costOfRevenue": 62250000000, "grossProfit": 45632000000, "researchDevelopment": {}, "sellingGeneralAdministrative": {}, "nonRecurring": {}, "otherOperatingExpenses": 4138000000, "totalOperatingExpenses": 126674000000, "operatingIncome": -18792000000, "totalOtherIncomeExpenseNet": -53393000000, "ebit": -18792000000, "interestExpense": -47002000000, "incomeBeforeTax": -72185000000, "incomeTaxExpense": -3000000, "minorityInterest": {}, "netIncomeFromContinuingOps": -72182000000, "discontinuedOperations": {}, "extraordinaryItems": {}, "effectOfAccountingCharges": {}, "otherItems": {}, "netIncome": -72182000000, "netIncomeApplicableToCommonShares": -72182000000}, {"maxAge": 1, "endDate": "2020-06-30", "totalRevenue": 106557000000, "costOfRevenue": 61357000000, "grossProfit": 45200000000, "researchDevelopment": {}, "sellingGeneralAdministrative": {}, "nonRecurring": {}, "otherOperatingExpenses": 4252000000, "totalOperatingExpenses": 125366000000, "operatingIncome": -18809000000, "totalOtherIncomeExpenseNet": -235793000000, "ebit": -18809000000, "interestExpense": -38039000000, "incomeBeforeTax": -254602000000, "incomeTaxExpense": -2000000, "minorityInterest": {}, "netIncomeFromContinuingOps": -254600000000, "discontinuedOperations": {}, "extraordinaryItems": {}, "effectOfAccountingCharges": {}, "otherItems": {}, "netIncome": -254600000000, "netIncomeApplicableToCommonShares": -254600000000}, {"maxAge": 1, "endDate": "2020-03-31", "totalRevenue": 117356000000, "costOfRevenue": 60037000000, "grossProfit": 57319000000, "researchDevelopment": {}, "sellingGeneralAdministrative": 11692000000, "nonRecurring": {}, "otherOperatingExpenses": 1807000000, "totalOperatingExpenses": 133924000000, "operatingIncome": -16568000000, "totalOtherIncomeExpenseNet": -100858000000, "ebit": -16568000000, "interestExpense": -34966000000, "incomeBeforeTax": -117426000000, "incomeTaxExpense": -991000000, "minorityInterest": {}, "netIncomeFromContinuingOps": -116435000000, "discontinuedOperations": {}, "extraordinaryItems": {}, "effectOfAccountingCharges": {}, "otherItems": {}, "netIncome": -116435000000, "netIncomeApplicableToCommonShares": -116703000000}], "maxAge": 86400}, "cashflowStatementHistoryQuarterly": {"cashflowStatements": [{"maxAge": 1, "endDate": "2020-12-31", "netIncome": -45321000000, "changeToLiabilities": 0}, {"maxAge": 1, "endDate": "2020-09-30", "netIncome": -72182000000, "changeToLiabilities": 0}, {"maxAge": 1, "endDate": "2020-06-30", "netIncome": -254600000000, "changeToLiabilities": 0}, {"maxAge": 1, "endDate": "2020-03-31", "netIncome": -116435000000, "changeToLiabilities": 0}], "maxAge": 86400}, "earnings": {"maxAge": 86400, "earningsChart": {"quarterly": [{"date": "4Q2017", "actual": -3.58, "estimate": -3.5}, {"date": "1Q2018", "actual": -2.45, "estimate": -3.94}, {"date": "2Q2018", "actual": -3.97, "estimate": -3.74}, {"date": "3Q2018", "actual": -7.57, "estimate": -4.27}], "currentQuarterEstimateDate": "4Q", "currentQuarterEstimateYear": 2018, "earningsDate": ["2021-05-24 05:30:S", "2021-05-28 05:30:S"]}, "financialsChart": {"yearly": [{"date": 2017, "revenue": 355526550000, "earnings": -3996960000}, {"date": 2018, "revenue": 282471000000, "earnings": -41682000000}, {"date": 2019, "revenue": 370056000000, "earnings": -146039000000}, {"date": 2020, "revenue": 449167000000, "earnings": -738781000000}], "quarterly": [{"date": "1Q2020", "revenue": 117356000000, "earnings": -116435000000}, {"date": "2Q2020", "revenue": 106557000000, "earnings": -254600000000}, {"date": "3Q2020", "revenue": 107882000000, "earnings": -72182000000}, {"date": "4Q2020", "revenue": 108916000000, "earnings": -45321000000}]}, "financialCurrency": "INR"}, "financialData": {"maxAge": 86400, "currentPrice": 8.35, "targetHighPrice": 100.0, "targetLowPrice": 25.0, "targetMeanPrice": 45.58, "targetMedianPrice": 40.0, "recommendationKey": "none", "numberOfAnalystOpinions": 26, "totalCash": 18672001024, "totalCashPerShare": 0.65, "ebitda": 130916253696, "totalDebt": 1173702049792, "quickRatio": 0.079, "currentRatio": 0.237, "totalRevenue": 440710987776, "revenuePerShare": 15.337, "returnOnAssets": -0.01947, "grossProfits": 176584000000, "revenueGrowth": -0.017, "grossMargins": 0.43977, "ebitdaMargins": 0.29705998, "operatingMargins": -0.15787, "profitMargins": -1.10852, "financialCurrency": "INR"}}}