{"IDFC.NS": {"assetProfile": {"address1": "Embassy Centre", "address2": "9th Floor 906/907, Jamnalal Bajaj Road Nariman Point", "city": "Mumbai", "zip": "400021", "country": "India", "phone": "91 22 4222 2000", "fax": "91 22 2421 5052", "website": "http://www.idfc.com", "industry": "Asset Management", "sector": "Financial Services", "longBusinessSummary": "IDFC Limited, together with its subsidiaries, engages in the investment activities in India. The company operates through Financing and Asset Management segments. It is also involved in the portfolio management, mutual fund, and other alternative funds activities; and provides investment banking and brokerage services. The company was formerly known as Infrastructure Development Finance Company Limited and changed its name to IDFC Limited in July 2012. IDFC Limited was founded in 1997 and is based in Mumbai, India.", "fullTimeEmployees": 420, "companyOfficers": [{"maxAge": 1, "name": "Mr. Sunil  Kakar", "age": 63, "title": "MD, CEO & Director", "yearBorn": 1957, "fiscalYear": 2020, "totalPay": 33037029, "exercisedValue": 0, "unexercisedValue": 0}, {"maxAge": 1, "name": "Mr. Bipin  Gemani", "title": "Chief Financial Officer", "fiscalYear": 2020, "totalPay": 16870432, "exercisedValue": 0, "unexercisedValue": 0}, {"maxAge": 1, "name": "Mr. Mahendra N. Shah", "title": "Company Sec. & Compliance Officer", "fiscalYear": 2020, "totalPay": 18378409, "exercisedValue": 0, "unexercisedValue": 0}, {"maxAge": 1, "name": "Mr. Avtar Singh Monga", "age": 60, "title": "Chief Operating Officer", "yearBorn": 1960, "exercisedValue": 0, "unexercisedValue": 0}, {"maxAge": 1, "name": "Mr. Bimal  Giri", "age": 42, "title": "Sr. Director of Strategy, Corp. Planning and Investor Relations", "yearBorn": 1978, "exercisedValue": 0, "unexercisedValue": 0}, {"maxAge": 1, "name": "Dr. Rajeev  Uberoi", "age": 63, "title": "Group Head of Legal & Compliance and Gen. Counsel", "yearBorn": 1957, "exercisedValue": 0, "unexercisedValue": 0}, {"maxAge": 1, "name": "Mr. Animesh  Kumar", "age": 51, "title": "Group Head of HR & Corp. Services and Co-Chief Exec. Officer of IDFC Foundation", "yearBorn": 1969, "exercisedValue": 0, "unexercisedValue": 0}, {"maxAge": 1, "name": "Mr. Vinayak R. Mavinkurve", "age": 49, "title": "Group Head of Project Fin.", "yearBorn": 1971, "exercisedValue": 0, "unexercisedValue": 0}, {"maxAge": 1, "name": "Mr. Suyash  Choudhary", "age": 41, "title": "Head of Fixed Income", "yearBorn": 1979, "exercisedValue": 0, "unexercisedValue": 0}, {"maxAge": 1, "name": "Mr. Vivek  Bajpeyi", "title": "Deputy Chief Risk Officer", "exercisedValue": 0, "unexercisedValue": 0}], "compensationAsOfEpochDate": "2020-12-31 05:30:00", "maxAge": 86400}, "recommendationTrend": {"trend": [{"period": "0m", "strongBuy": 0, "buy": 0, "hold": 0, "sell": 0, "strongSell": 0}, {"period": "-1m", "strongBuy": 4, "buy": 0, "hold": 0, "sell": 0, "strongSell": 0}, {"period": "-2m", "strongBuy": 4, "buy": 0, "hold": 0, "sell": 1, "strongSell": 0}, {"period": "-3m", "strongBuy": 5, "buy": 0, "hold": 0, "sell": 1, "strongSell": 0}], "maxAge": 86400}, "cashflowStatementHistory": {"cashflowStatements": [{"maxAge": 1, "endDate": "2020-03-31", "netIncome": -9949000000, "depreciation": 171200000, "changeToNetincome": -4232500000, "changeToLiabilities": -108300000, "changeToOperatingActivities": 2031300000, "totalCashFromOperatingActivities": -12060600000, "capitalExpenditures": -193800000, "investments": 20737400000, "otherCashflowsFromInvestingActivities": 3319800000, "totalCashflowsFromInvestingActivities": 23863400000, "dividendsPaid": -5028500000, "otherCashflowsFromFinancingActivities": -1496200000, "totalCashFromFinancingActivities": -6524700000, "changeInCash": 5278100000}, {"maxAge": 1, "endDate": "2019-03-31", "netIncome": -8391800000, "depreciation": 109400000, "changeToNetincome": 1684000000, "changeToLiabilities": -1036300000, "changeToOperatingActivities": 41801400000, "totalCashFromOperatingActivities": 34184100000, "capitalExpenditures": -193800000, "investments": 5600400000, "otherCashflowsFromInvestingActivities": -4111600000, "totalCashflowsFromInvestingActivities": 1536400000, "dividendsPaid": -1197300000, "netBorrowings": 2341100000, "otherCashflowsFromFinancingActivities": -38433900000, "totalCashFromFinancingActivities": -37290100000, "changeInCash": -1569600000}, {"maxAge": 1, "endDate": "2018-03-31", "netIncome": 8691500000, "depreciation": 126900000, "changeToNetincome": -1557800000, "changeToLiabilities": 33300000, "changeToOperatingActivities": -14920400000, "totalCashFromOperatingActivities": -7611600000, "capitalExpenditures": -121200000, "investments": -7002500000, "otherCashflowsFromInvestingActivities": 1700000, "totalCashflowsFromInvestingActivities": -7131000000, "dividendsPaid": -399000000, "netBorrowings": 12406600000, "otherCashflowsFromFinancingActivities": -181300000, "totalCashFromFinancingActivities": 11830400000, "changeInCash": -2912200000, "issuanceOfStock": 4100000}, {"maxAge": 1, "endDate": "2017-03-31", "netIncome": 6990900000, "depreciation": 711200000, "changeToNetincome": -26532300000, "changeToLiabilities": 655200000, "changeToOperatingActivities": -20660900000, "totalCashFromOperatingActivities": -38060900000, "capitalExpenditures": -2815900000, "investments": -197835100000, "otherCashflowsFromInvestingActivities": 167100000, "totalCashflowsFromInvestingActivities": -203605900000, "dividendsPaid": -399000000, "netBorrowings": 264615800000, "otherCashflowsFromFinancingActivities": -796100000, "totalCashFromFinancingActivities": 263821200000, "changeInCash": 22154400000, "issuanceOfStock": 1500000}], "maxAge": 86400}, "indexTrend": {"maxAge": 1, "symbol": "SP5", "peRatio": 19.7411, "pegRatio": 1.34172, "estimates": [{"period": "0q", "growth": 0.549}, {"period": "+1q", "growth": 0.431}, {"period": "0y", "growth": 0.305}, {"period": "+1y", "growth": 0.109}, {"period": "+5y", "growth": 0.120865}, {"period": "-5y"}]}, "defaultKeyStatistics": {"maxAge": 1, "priceHint": 2, "enterpriseValue": 83669598208, "forwardPE": 11.300639, "profitMargins": -1.8956, "floatShares": 1214882024, "sharesOutstanding": 1596359936, "heldPercentInsiders": 0.24374, "heldPercentInstitutions": 0.16765, "beta": 1.322978, "category": null, "bookValue": 52.571, "priceToBook": 1.0081604, "fundFamily": null, "legalType": null, "lastFiscalYearEnd": "2020-03-31 05:30:00", "nextFiscalYearEnd": "2022-03-31 05:30:00", "mostRecentQuarter": "2020-12-31 05:30:00", "netIncomeToCommon": -6174099968, "trailingEps": -3.869, "forwardEps": 6.49, "lastSplitFactor": null, "enterpriseToRevenue": 25.68}, "industryTrend": {"maxAge": 1, "symbol": null, "estimates": []}, "quoteType": {"exchange": "NSI", "quoteType": "EQUITY", "symbol": "IDFC.NS", "underlyingSymbol": "IDFC.NS", "shortName": "IDFC LIMITED", "longName": "IDFC Limited", "firstTradeDateEpochUtc": "2005-08-12 09:15:00", "timeZoneFullName": "Asia/Kolkata", "timeZoneShortName": "IST", "uuid": "2bc6e699-bf05-39bc-bf10-542d6702a1bd", "gmtOffSetMilliseconds": 19800000, "maxAge": 1}, "incomeStatementHistory": {"incomeStatementHistory": [{"maxAge": 1, "endDate": "2020-03-31", "totalRevenue": 3551100000, "costOfRevenue": 102100000, "grossProfit": 3449000000, "researchDevelopment": {}, "sellingGeneralAdministrative": 1415700000, "nonRecurring": {}, "otherOperatingExpenses": 903900000, "totalOperatingExpenses": 2623200000, "operatingIncome": 927900000, "totalOtherIncomeExpenseNet": -10089000000, "ebit": 0, "interestExpense": {}, "incomeBeforeTax": -9161100000, "incomeTaxExpense": 603900000, "minorityInterest": {}, "netIncomeFromContinuingOps": -9765000000, "discontinuedOperations": -196300000, "extraordinaryItems": {}, "effectOfAccountingCharges": {}, "otherItems": {}, "netIncome": -9949000000, "netIncomeApplicableToCommonShares": -9949000000}, {"maxAge": 1, "endDate": "2019-03-31", "totalRevenue": 3748800000, "costOfRevenue": 101900000, "grossProfit": 3646900000, "researchDevelopment": {}, "sellingGeneralAdministrative": 1693200000, "nonRecurring": {}, "otherOperatingExpenses": 1736400000, "totalOperatingExpenses": 3658700000, "operatingIncome": 90100000, "totalOtherIncomeExpenseNet": -7100400000, "ebit": 0, "interestExpense": {}, "incomeBeforeTax": -7010300000, "incomeTaxExpense": -1484600000, "minorityInterest": {}, "netIncomeFromContinuingOps": -5525700000, "discontinuedOperations": -2694700000, "extraordinaryItems": {}, "effectOfAccountingCharges": {}, "otherItems": {}, "netIncome": -8391800000, "netIncomeApplicableToCommonShares": -8391800000}, {"maxAge": 1, "endDate": "2018-03-31", "totalRevenue": 6372700000, "costOfRevenue": 101500000, "grossProfit": 6271200000, "researchDevelopment": {}, "sellingGeneralAdministrative": 1964300000, "nonRecurring": {}, "otherOperatingExpenses": 2005800000, "totalOperatingExpenses": 4198400000, "operatingIncome": 2174300000, "totalOtherIncomeExpenseNet": 7597900000, "ebit": 0, "interestExpense": {}, "incomeBeforeTax": 9772200000, "incomeTaxExpense": 1975500000, "minorityInterest": 1562700000, "netIncomeFromContinuingOps": 7796700000, "discontinuedOperations": 1049200000, "extraordinaryItems": {}, "effectOfAccountingCharges": {}, "otherItems": {}, "netIncome": 8691500000, "netIncomeApplicableToCommonShares": 8691500000}, {"maxAge": 1, "endDate": "2017-03-31", "totalRevenue": 36684900000, "costOfRevenue": 374300000, "grossProfit": 36310600000, "researchDevelopment": {}, "sellingGeneralAdministrative": 9247200000, "nonRecurring": {}, "otherOperatingExpenses": 7705800000, "totalOperatingExpenses": 18813500000, "operatingIncome": 17871400000, "totalOtherIncomeExpenseNet": -644300000, "ebit": 0, "interestExpense": {}, "incomeBeforeTax": 17227100000, "incomeTaxExpense": 4828700000, "minorityInterest": 70963100000, "netIncomeFromContinuingOps": 12398400000, "discontinuedOperations": 1049200000, "extraordinaryItems": {}, "effectOfAccountingCharges": {}, "otherItems": {}, "netIncome": 6990900000, "netIncomeApplicableToCommonShares": 6990900000}], "maxAge": 86400}, "fundOwnership": {"ownershipList": [], "maxAge": 1}, "summaryDetail": {"maxAge": 1, "priceHint": 2, "previousClose": 51.8, "open": 52.05, "dayLow": 50.7, "dayHigh": 54.0, "regularMarketPreviousClose": 51.8, "regularMarketOpen": 52.05, "regularMarketDayLow": 50.7, "regularMarketDayHigh": 54.0, "exDividendDate": "2019-11-21 05:30:00", "payoutRatio": 0.0, "beta": 1.322978, "forwardPE": 8.16641, "volume": 10066984, "regularMarketVolume": 10066984, "averageVolume": 15382971, "averageVolume10days": 4227269, "averageDailyVolume10Day": 4227269, "bid": 0.0, "ask": 0.0, "bidSize": 0, "askSize": 0, "marketCap": 84607074304, "fiftyTwoWeekLow": 13.4, "fiftyTwoWeekHigh": 58.95, "priceToSalesTrailing12Months": 25.967604, "fiftyDayAverage": 52.070587, "twoHundredDayAverage": 40.40071, "trailingAnnualDividendRate": 0.0, "trailingAnnualDividendYield": 0.0, "currency": "INR", "fromCurrency": null, "lastMarket": null, "algorithm": null, "tradeable": false}, "insiderHolders": {"holders": [{"maxAge": 1, "name": "Gemani (Bipin)", "relation": "Chief Financial Officer", "url": "", "transactionDescription": "Sale", "latestTransDate": "2017-05-16", "positionDirect": 66442, "positionDirectDate": "2017-05-16"}, {"maxAge": 1, "name": "Kakar (Sunil)", "relation": "Chief Executive Officer", "url": "", "transactionDescription": "Acquisition", "latestTransDate": "2019-06-14", "positionDirect": 100000, "positionDirectDate": "2019-06-14"}, {"maxAge": 1, "name": "Kumar (Naval Bir)", "relation": "UNREPORTED", "url": "", "transactionDescription": "Other", "latestTransDate": "2016-04-16", "positionDirect": 300000, "positionDirectDate": "2016-04-16"}, {"maxAge": 1, "name": "Lall (Rajiv B)", "relation": "Executive Chairman", "url": "", "transactionDescription": "Other", "latestTransDate": "2016-04-16", "positionDirect": 2298984, "positionDirectDate": "2016-04-16"}, {"maxAge": 1, "name": "Life Insurance Corporation of India", "relation": "Institution- Corporation", "url": "", "transactionDescription": "Sale", "latestTransDate": "2014-11-05", "positionDirect": 72074912, "positionDirectDate": "2014-11-05"}, {"maxAge": 1, "name": "Limaye (Vikram)", "relation": "Director (Non-Executive)", "url": "", "transactionDescription": "Sale", "latestTransDate": "2017-05-11", "positionDirect": 1607728, "positionDirectDate": "2017-05-11"}, {"maxAge": 1, "name": "Shah (Mahendra N)", "relation": "Compliance Officer", "url": "", "transactionDescription": "Sale", "latestTransDate": "2014-08-21", "positionDirect": 210000, "positionDirectDate": "2014-08-21"}, {"maxAge": 1, "name": "Sipadan Investments Mauritius Ltd", "relation": "Promoter", "url": "", "transactionDescription": "Sale", "latestTransDate": "2021-01-07", "positionDirect": 0, "positionDirectDate": "2021-01-07"}], "maxAge": 1}, "calendarEvents": {"maxAge": 1, "earnings": {"earningsDate": [], "revenueAverage": 26570100000}, "exDividendDate": "2019-11-21 05:30:00"}, "upgradeDowngradeHistory": {"history": [], "maxAge": 86400}, "price": {"maxAge": 1, "regularMarketChangePercent": 0.023166038, "regularMarketChange": 1.2000008, "regularMarketTime": "2021-04-30 15:30:01", "priceHint": 2, "regularMarketPrice": 53.0, "regularMarketDayHigh": 54.0, "regularMarketDayLow": 50.7, "regularMarketVolume": 10066984, "averageDailyVolume10Day": 4227269, "averageDailyVolume3Month": 15382971, "regularMarketPreviousClose": 51.8, "regularMarketSource": "FREE_REALTIME", "regularMarketOpen": 52.05, "exchange": "NSI", "exchangeName": "NSE", "exchangeDataDelayedBy": 15, "marketState": "CLOSED", "quoteType": "EQUITY", "symbol": "IDFC.NS", "underlyingSymbol": null, "shortName": "IDFC LIMITED", "longName": "IDFC Limited", "currency": "INR", "quoteSourceName": "Delayed Quote", "currencySymbol": "\u20b9", "fromCurrency": null, "lastMarket": null, "marketCap": 84607074304}, "balanceSheetHistory": {"balanceSheetStatements": [{"maxAge": 1, "endDate": "2020-03-31", "cash": 6779000000, "netReceivables": 205400000, "otherCurrentAssets": 3261800000, "totalCurrentAssets": 12715700000, "longTermInvestments": 62598900000, "propertyPlantEquipment": 1316500000, "goodWill": 7791700000, "intangibleAssets": 75000000, "otherAssets": 1192800000, "deferredLongTermAssetCharges": 6600000, "totalAssets": 85690600000, "accountsPayable": 137400000, "otherCurrentLiab": 805200000, "otherLiab": 823700000, "totalCurrentLiabilities": 1281700000, "totalLiab": 2483700000, "commonStock": 15963600000, "retainedEarnings": 41597200000, "treasuryStock": 411400000, "capitalSurplus": 25234700000, "otherStockholderEquity": 411400000, "totalStockholderEquity": 83206900000, "netTangibleAssets": 75340200000}, {"maxAge": 1, "endDate": "2019-03-31", "cash": 1500900000, "netReceivables": 820400000, "otherCurrentAssets": 6392000000, "totalCurrentAssets": 15978300000, "longTermInvestments": 76280500000, "propertyPlantEquipment": 1026300000, "goodWill": 7791700000, "intangibleAssets": 30700000, "otherAssets": 4471200000, "totalAssets": 105578700000, "accountsPayable": 209700000, "otherCurrentLiab": 498900000, "otherLiab": 763900000, "totalCurrentLiabilities": 966700000, "totalLiab": 1730600000, "commonStock": 15963600000, "retainedEarnings": 62106300000, "treasuryStock": 543500000, "capitalSurplus": 25234700000, "otherStockholderEquity": 543500000, "totalStockholderEquity": 103848100000, "netTangibleAssets": 96025700000}, {"maxAge": 1, "endDate": "2018-03-31", "cash": 3070500000, "netReceivables": 43010200000, "otherCurrentAssets": 6230500000, "totalCurrentAssets": 61708800000, "longTermInvestments": 81449500000, "propertyPlantEquipment": 1204200000, "goodWill": 11463900000, "intangibleAssets": 39700000, "otherAssets": 157200000, "deferredLongTermAssetCharges": 153100000, "totalAssets": 156023300000, "accountsPayable": 1191700000, "shortLongTermDebt": 2227900000, "otherCurrentLiab": 771100000, "longTermDebt": 33208100000, "otherLiab": 2903600000, "minorityInterest": 1562700000, "totalCurrentLiabilities": 5589300000, "totalLiab": 41701000000, "commonStock": 15963500000, "retainedEarnings": 71370700000, "treasuryStock": 190800000, "capitalSurplus": 25234600000, "otherStockholderEquity": 190800000, "totalStockholderEquity": 112759600000, "netTangibleAssets": 101256000000}, {"maxAge": 1, "endDate": "2017-03-31", "cash": 52824300000, "netReceivables": 526629800000, "otherCurrentAssets": 4373000000, "totalCurrentAssets": 611822000000, "longTermInvestments": 517049100000, "propertyPlantEquipment": 6042800000, "goodWill": 12860600000, "intangibleAssets": 3178600000, "otherAssets": 25456000000, "deferredLongTermAssetCharges": 13422500000, "totalAssets": 1176409100000, "accountsPayable": 3653700000, "shortLongTermDebt": 83079100000, "otherCurrentLiab": 8522300000, "longTermDebt": 364385900000, "otherLiab": 15768900000, "minorityInterest": 70963100000, "totalCurrentLiabilities": 617092600000, "totalLiab": 997247400000, "commonStock": 15959400000, "retainedEarnings": 65453000000, "treasuryStock": 1569800000, "capitalSurplus": 25216400000, "otherStockholderEquity": 1569800000, "totalStockholderEquity": 108198600000, "netTangibleAssets": 92159400000}], "maxAge": 86400}, "earningsTrend": {"trend": [{"maxAge": 1, "period": "0q", "endDate": "2017-09-30", "growth": {}, "earningsEstimate": {"avg": 0.0, "low": 0.0, "high": 0.0, "yearAgoEps": 1.76, "numberOfAnalysts": 0, "growth": {}}, "revenueEstimate": {"avg": 26570100000, "low": 0, "high": 0, "numberOfAnalysts": 0, "yearAgoRevenue": {}, "growth": {}}, "epsTrend": {"current": 0.0, "7daysAgo": 1.5, "30daysAgo": 1.5, "60daysAgo": 1.5, "90daysAgo": 1.5}, "epsRevisions": {"upLast7days": 0, "upLast30days": 0, "downLast30days": 0, "downLast90days": {}}}, {"maxAge": 1, "period": "+1q", "endDate": "2017-12-31", "growth": {}, "earningsEstimate": {"avg": 0.0, "low": 0.0, "high": 0.0, "yearAgoEps": 0.63, "numberOfAnalysts": 0, "growth": {}}, "revenueEstimate": {"avg": 27946700000, "low": 0, "high": 0, "numberOfAnalysts": 0, "yearAgoRevenue": {}, "growth": {}}, "epsTrend": {"current": 0.0, "7daysAgo": 1.5, "30daysAgo": 1.5, "60daysAgo": 1.5, "90daysAgo": 1.5}, "epsRevisions": {"upLast7days": 0, "upLast30days": 0, "downLast30days": 0, "downLast90days": {}}}, {"maxAge": 1, "period": "0y", "endDate": "2018-03-31", "growth": {}, "earningsEstimate": {"avg": 0.0, "low": 0.0, "high": 0.0, "yearAgoEps": {}, "numberOfAnalysts": 0, "growth": {}}, "revenueEstimate": {"avg": 37318100000, "low": 41101900000, "high": 41101900000, "numberOfAnalysts": 1, "yearAgoRevenue": 38078500000, "growth": -0.02}, "epsTrend": {"current": 0.0, "7daysAgo": 4.22, "30daysAgo": 4.22, "60daysAgo": 4.22, "90daysAgo": 4.22}, "epsRevisions": {"upLast7days": 0, "upLast30days": 0, "downLast30days": 0, "downLast90days": {}}}, {"maxAge": 1, "period": "+1y", "endDate": "2019-03-31", "growth": {}, "earningsEstimate": {"avg": 4.69, "low": 4.1, "high": 5.7, "yearAgoEps": {}, "numberOfAnalysts": 3, "growth": {}}, "revenueEstimate": {"avg": 46652900000, "low": 46652900000, "high": 46652900000, "numberOfAnalysts": 1, "yearAgoRevenue": 37318100000, "growth": 0.25}, "epsTrend": {"current": 4.69, "7daysAgo": 4.69, "30daysAgo": 4.69, "60daysAgo": 4.69, "90daysAgo": 5.06}, "epsRevisions": {"upLast7days": 0, "upLast30days": 0, "downLast30days": 0, "downLast90days": {}}}, {"maxAge": 1, "period": "+5y", "endDate": null, "growth": -0.1943, "earningsEstimate": {"avg": {}, "low": {}, "high": {}, "yearAgoEps": {}, "numberOfAnalysts": {}, "growth": {}}, "revenueEstimate": {"avg": {}, "low": {}, "high": {}, "numberOfAnalysts": {}, "yearAgoRevenue": {}, "growth": {}}, "epsTrend": {"current": {}, "7daysAgo": {}, "30daysAgo": {}, "60daysAgo": {}, "90daysAgo": {}}, "epsRevisions": {"upLast7days": {}, "upLast30days": {}, "downLast30days": {}, "downLast90days": {}}}, {"maxAge": 1, "period": "-5y", "endDate": null, "growth": -0.26808, "earningsEstimate": {"avg": {}, "low": {}, "high": {}, "yearAgoEps": {}, "numberOfAnalysts": {}, "growth": {}}, "revenueEstimate": {"avg": {}, "low": {}, "high": {}, "numberOfAnalysts": {}, "yearAgoRevenue": {}, "growth": {}}, "epsTrend": {"current": {}, "7daysAgo": {}, "30daysAgo": {}, "60daysAgo": {}, "90daysAgo": {}}, "epsRevisions": {"upLast7days": {}, "upLast30days": {}, "downLast30days": {}, "downLast90days": {}}}], "maxAge": 1}, "institutionOwnership": {"ownershipList": [], "maxAge": 1}, "majorHoldersBreakdown": {"maxAge": 1, "insidersPercentHeld": 0.24374, "institutionsPercentHeld": 0.16765, "institutionsFloatPercentHeld": 0.22167999, "institutionsCount": 33}, "balanceSheetHistoryQuarterly": {"balanceSheetStatements": [{"maxAge": 1, "endDate": "2020-12-31", "totalStockholderEquity": 83923000000, "netTangibleAssets": 76072500000}, {"maxAge": 1, "endDate": "2020-09-30", "cash": 942700000, "netReceivables": 200400000, "otherCurrentAssets": 351400000, "totalCurrentAssets": 1499600000, "longTermInvestments": 76146800000, "propertyPlantEquipment": 867100000, "goodWill": 7791700000, "intangibleAssets": 58800000, "otherAssets": 296600000, "deferredLongTermAssetCharges": 27700000, "totalAssets": 86660600000, "accountsPayable": 154700000, "otherCurrentLiab": 530300000, "longTermDebt": 987800000, "otherLiab": 643000000, "totalCurrentLiabilities": 685300000, "totalLiab": 2737600000, "commonStock": 15963600000, "treasuryStock": 67959400000, "otherStockholderEquity": 67959400000, "totalStockholderEquity": 83923000000, "netTangibleAssets": 76072500000}, {"maxAge": 1, "endDate": "2020-06-30", "totalStockholderEquity": 83206900000, "netTangibleAssets": 75340200000}, {"maxAge": 1, "endDate": "2020-03-31", "cash": 6779000000, "netReceivables": 205400000, "otherCurrentAssets": 3261800000, "totalCurrentAssets": 12715700000, "longTermInvestments": 62598900000, "propertyPlantEquipment": 1316500000, "goodWill": 7791700000, "intangibleAssets": 75000000, "otherAssets": 1192800000, "deferredLongTermAssetCharges": 6600000, "totalAssets": 85690600000, "accountsPayable": 137400000, "otherCurrentLiab": 805200000, "otherLiab": 823700000, "totalCurrentLiabilities": 1281700000, "totalLiab": 2483700000, "commonStock": 15963600000, "retainedEarnings": 41597200000, "treasuryStock": 411400000, "capitalSurplus": 25234700000, "otherStockholderEquity": 411400000, "totalStockholderEquity": 83206900000, "netTangibleAssets": 75340200000}], "maxAge": 86400}, "earningsHistory": {"history": [{"maxAge": 1, "epsActual": 1.76, "epsEstimate": 1.3, "epsDifference": 0.46, "surprisePercent": 0.354, "quarter": "2016-09-30", "period": "-4q"}, {"maxAge": 1, "epsActual": 0.63, "epsEstimate": 1.71, "epsDifference": -1.08, "surprisePercent": -0.632, "quarter": "2016-12-31", "period": "-3q"}, {"maxAge": 1, "epsActual": 0.84, "epsEstimate": 1.4, "epsDifference": -0.56, "surprisePercent": -0.4, "quarter": "2017-03-31", "period": "-2q"}, {"maxAge": 1, "epsActual": 1.88, "epsEstimate": 1.5, "epsDifference": 0.38, "surprisePercent": 0.253, "quarter": "2017-06-30", "period": "-1q"}], "maxAge": 86400}, "summaryProfile": {"address1": "Embassy Centre", "address2": "9th Floor 906/907, Jamnalal Bajaj Road Nariman Point", "city": "Mumbai", "zip": "400021", "country": "India", "phone": "91 22 4222 2000", "fax": "91 22 2421 5052", "website": "http://www.idfc.com", "industry": "Asset Management", "sector": "Financial Services", "longBusinessSummary": "IDFC Limited, together with its subsidiaries, engages in the investment activities in India. The company operates through Financing and Asset Management segments. It is also involved in the portfolio management, mutual fund, and other alternative funds activities; and provides investment banking and brokerage services. The company was formerly known as Infrastructure Development Finance Company Limited and changed its name to IDFC Limited in July 2012. IDFC Limited was founded in 1997 and is based in Mumbai, India.", "fullTimeEmployees": 420, "companyOfficers": [], "maxAge": 86400}, "netSharePurchaseActivity": {"maxAge": 1, "period": "6m", "buyInfoCount": 0, "buyInfoShares": 0, "sellInfoCount": 0, "netInfoCount": 0, "netInfoShares": 0, "netPercentInsiderShares": 0.0, "totalInsiderShares": 391526400}, "insiderTransactions": {"transactions": [{"maxAge": 1, "shares": 87219567, "filerUrl": "", "transactionText": "", "filerName": "Sipadan Investments Mauritius Ltd", "filerRelation": "Promoter", "moneyText": "", "startDate": "2021-01-07", "ownership": "D"}, {"maxAge": 1, "shares": 34651575, "value": 1018756, "filerUrl": "", "transactionText": "Sale at price 0.03 per share.", "filerName": "Sipadan Investments Mauritius Ltd", "filerRelation": "Promoter", "moneyText": "", "startDate": "2020-12-16", "ownership": "D"}, {"maxAge": 1, "shares": 100000, "filerUrl": "", "transactionText": "", "filerName": "Kakar (Sunil)", "filerRelation": "Chief Executive Officer", "moneyText": "", "startDate": "2019-06-14", "ownership": "D"}, {"maxAge": 1, "shares": 75000, "filerUrl": "", "transactionText": "", "filerName": "Gemani (Bipin)", "filerRelation": "Chief Financial Officer", "moneyText": "", "startDate": "2017-05-16", "ownership": "D"}, {"maxAge": 1, "shares": 50000, "filerUrl": "", "transactionText": "", "filerName": "Limaye (Vikram)", "filerRelation": "Director (Non-Executive)", "moneyText": "", "startDate": "2017-05-11", "ownership": "D"}, {"maxAge": 1, "shares": 60000, "filerUrl": "", "transactionText": "", "filerName": "Limaye (Vikram)", "filerRelation": "Director (Non-Executive)", "moneyText": "", "startDate": "2017-05-10", "ownership": "D"}, {"maxAge": 1, "shares": 200000, "filerUrl": "", "transactionText": "", "filerName": "Limaye (Vikram)", "filerRelation": "Director (Non-Executive)", "moneyText": "", "startDate": "2017-05-09", "ownership": "D"}, {"maxAge": 1, "shares": 100000, "filerUrl": "", "transactionText": "", "filerName": "Limaye (Vikram)", "filerRelation": "Director (Non-Executive)", "moneyText": "", "startDate": "2017-05-08", "ownership": "D"}, {"maxAge": 1, "shares": 100000, "filerUrl": "", "transactionText": "", "filerName": "Limaye (Vikram)", "filerRelation": "Director", "moneyText": "", "startDate": "2017-05-05", "ownership": "D"}, {"maxAge": 1, "shares": 100000, "filerUrl": "", "transactionText": "", "filerName": "Limaye (Vikram)", "filerRelation": "Chief Executive Officer", "moneyText": "", "startDate": "2016-10-05", "ownership": "D"}, {"maxAge": 1, "shares": 174000, "filerUrl": "", "transactionText": "", "filerName": "Limaye (Vikram)", "filerRelation": "Chief Executive Officer", "moneyText": "", "startDate": "2016-04-16", "ownership": "D"}, {"maxAge": 1, "shares": 300000, "filerUrl": "", "transactionText": "", "filerName": "Kumar (Naval Bir)", "filerRelation": "UNREPORTED", "moneyText": "", "startDate": "2016-04-16", "ownership": "D"}, {"maxAge": 1, "shares": 1100000, "filerUrl": "", "transactionText": "", "filerName": "Lall (Rajiv B)", "filerRelation": "Executive Chairman", "moneyText": "", "startDate": "2016-04-16", "ownership": "D"}, {"maxAge": 1, "shares": 50000, "filerUrl": "", "transactionText": "", "filerName": "Kakar (Sunil)", "filerRelation": "Divisional Officer", "moneyText": "", "startDate": "2015-03-31", "ownership": "D"}, {"maxAge": 1, "shares": 30000, "filerUrl": "", "transactionText": "", "filerName": "Kakar (Sunil)", "filerRelation": "Divisional Officer", "moneyText": "", "startDate": "2015-03-30", "ownership": "D"}, {"maxAge": 1, "shares": 20000, "filerUrl": "", "transactionText": "", "filerName": "Kakar (Sunil)", "filerRelation": "Divisional Officer", "moneyText": "", "startDate": "2015-03-24", "ownership": "D"}, {"maxAge": 1, "shares": 31823981, "filerUrl": "", "transactionText": "", "filerName": "Life Insurance Corporation of India", "filerRelation": "Institution- Corporation", "moneyText": "", "startDate": "2014-11-05", "ownership": "D"}, {"maxAge": 1, "shares": 120000, "filerUrl": "", "transactionText": "", "filerName": "Shah (Mahendra N)", "filerRelation": "Compliance Officer", "moneyText": "", "startDate": "2014-08-21", "ownership": "D"}, {"maxAge": 1, "shares": 1149980, "filerUrl": "", "transactionText": "", "filerName": "Lall (Rajiv B)", "filerRelation": "Executive Chairman", "moneyText": "", "startDate": "2014-07-31", "ownership": "D"}, {"maxAge": 1, "shares": 230041, "filerUrl": "", "transactionText": "", "filerName": "Shah (Mahendra N)", "filerRelation": "Compliance Officer", "moneyText": "", "startDate": "2014-07-31", "ownership": "D"}, {"maxAge": 1, "shares": 1101000, "filerUrl": "", "transactionText": "", "filerName": "Limaye (Vikram)", "filerRelation": "Chief Executive Officer", "moneyText": "", "startDate": "2013-09-16", "ownership": "D"}, {"maxAge": 1, "shares": 42851651, "filerUrl": "", "transactionText": "", "filerName": "Life Insurance Corporation of India", "filerRelation": "Institution- Corporation", "moneyText": "", "startDate": "2013-07-15", "ownership": "D"}, {"maxAge": 1, "shares": 228750, "filerUrl": "", "transactionText": "", "filerName": "Shah (Mahendra N)", "filerRelation": "Compliance officer", "moneyText": "", "startDate": "2011-06-08", "ownership": "D"}, {"maxAge": 1, "shares": 425000, "filerUrl": "", "transactionText": "", "filerName": "Limaye (Vikram)", "filerRelation": "Director (Executive)", "moneyText": "", "startDate": "2011-04-05", "ownership": "D"}, {"maxAge": 1, "shares": 218980, "filerUrl": "", "transactionText": "", "filerName": "Lall (Rajiv B)", "filerRelation": "Managing Director", "moneyText": "", "startDate": "2010-11-10", "ownership": "D"}, {"maxAge": 1, "shares": 1100000, "filerUrl": "", "transactionText": "", "filerName": "Lall (Rajiv B)", "filerRelation": "Managing Director", "moneyText": "", "startDate": "2010-03-24", "ownership": "D"}, {"maxAge": 1, "shares": 168750, "filerUrl": "", "transactionText": "", "filerName": "Shah (Mahendra N)", "filerRelation": "Compliance officer", "moneyText": "", "startDate": "2010-03-24", "ownership": "D"}, {"maxAge": 1, "shares": 172576, "filerUrl": "", "transactionText": "", "filerName": "Limaye (Vikram)", "filerRelation": "Director (Executive)", "moneyText": "", "startDate": "2010-03-24", "ownership": "D"}, {"maxAge": 1, "shares": 343328, "filerUrl": "", "transactionText": "", "filerName": "Lall (Rajiv B)", "filerRelation": "Managing Director", "moneyText": "", "startDate": "2009-12-28", "ownership": "D"}, {"maxAge": 1, "shares": 99351, "filerUrl": "", "transactionText": "", "filerName": "Shah (Mahendra N)", "filerRelation": "Compliance officer", "moneyText": "", "startDate": "2009-10-23", "ownership": "D"}], "maxAge": 1}, "sectorTrend": {"maxAge": 1, "symbol": null, "estimates": []}, "incomeStatementHistoryQuarterly": {"incomeStatementHistory": [{"maxAge": 1, "endDate": "2020-12-31", "totalRevenue": 1022100000, "costOfRevenue": 0, "grossProfit": 1022100000, "researchDevelopment": {}, "sellingGeneralAdministrative": 297000000, "nonRecurring": {}, "otherOperatingExpenses": 212900000, "totalOperatingExpenses": 557200000, "operatingIncome": 464900000, "totalOtherIncomeExpenseNet": -2287400000, "ebit": 0, "interestExpense": {}, "incomeBeforeTax": -1822500000, "incomeTaxExpense": 233400000, "minorityInterest": {}, "netIncomeFromContinuingOps": -2055900000, "discontinuedOperations": {}, "extraordinaryItems": {}, "effectOfAccountingCharges": {}, "otherItems": {}, "netIncome": -2056100000, "netIncomeApplicableToCommonShares": -2056100000}, {"maxAge": 1, "endDate": "2020-09-30", "totalRevenue": 867000000, "costOfRevenue": 0, "grossProfit": 867000000, "researchDevelopment": {}, "sellingGeneralAdministrative": 293200000, "nonRecurring": {}, "otherOperatingExpenses": 333400000, "totalOperatingExpenses": 508600000, "operatingIncome": 358400000, "totalOtherIncomeExpenseNet": -1690400000, "ebit": 0, "interestExpense": {}, "incomeBeforeTax": -1332000000, "incomeTaxExpense": 137100000, "minorityInterest": {}, "netIncomeFromContinuingOps": -1469100000, "discontinuedOperations": 2300000, "extraordinaryItems": {}, "effectOfAccountingCharges": {}, "otherItems": {}, "netIncome": -1452700000, "netIncomeApplicableToCommonShares": -1452700000}, {"maxAge": 1, "endDate": "2020-06-30", "totalRevenue": 1009800000, "costOfRevenue": 0, "grossProfit": 1009800000, "researchDevelopment": {}, "sellingGeneralAdministrative": 241100000, "nonRecurring": {}, "otherOperatingExpenses": 210100000, "totalOperatingExpenses": 677200000, "operatingIncome": 332600000, "totalOtherIncomeExpenseNet": -338500000, "ebit": 0, "interestExpense": {}, "incomeBeforeTax": -5900000, "incomeTaxExpense": 260000000, "minorityInterest": {}, "netIncomeFromContinuingOps": -265900000, "discontinuedOperations": 1300000, "extraordinaryItems": {}, "effectOfAccountingCharges": {}, "otherItems": {}, "netIncome": -262600000, "netIncomeApplicableToCommonShares": -262600000}, {"maxAge": 1, "endDate": "2020-03-31", "totalRevenue": 359300000, "costOfRevenue": 102100000, "grossProfit": 257200000, "researchDevelopment": {}, "sellingGeneralAdministrative": 477300000, "nonRecurring": {}, "otherOperatingExpenses": 43800000, "totalOperatingExpenses": 689900000, "operatingIncome": -330600000, "totalOtherIncomeExpenseNet": -1938200000, "ebit": 0, "interestExpense": {}, "incomeBeforeTax": -2268800000, "incomeTaxExpense": 154700000, "minorityInterest": {}, "netIncomeFromContinuingOps": -2423500000, "discontinuedOperations": -5700000, "extraordinaryItems": {}, "effectOfAccountingCharges": {}, "otherItems": {}, "netIncome": -2404800000, "netIncomeApplicableToCommonShares": -2404800000}], "maxAge": 86400}, "cashflowStatementHistoryQuarterly": {"cashflowStatements": [{"maxAge": 1, "endDate": "2020-12-31", "netIncome": -2056100000, "changeToLiabilities": 0}, {"maxAge": 1, "endDate": "2020-09-30", "netIncome": -1452700000, "changeToLiabilities": 0}, {"maxAge": 1, "endDate": "2020-06-30", "netIncome": -262600000, "changeToLiabilities": 0}, {"maxAge": 1, "endDate": "2020-03-31", "netIncome": -2404800000, "changeToLiabilities": 0}], "maxAge": 86400}, "earnings": {"maxAge": 86400, "earningsChart": {"quarterly": [{"date": "3Q2016", "actual": 1.76, "estimate": 1.3}, {"date": "4Q2016", "actual": 0.63, "estimate": 1.71}, {"date": "1Q2017", "actual": 0.84, "estimate": 1.4}, {"date": "2Q2017", "actual": 1.88, "estimate": 1.5}], "currentQuarterEstimateDate": "3Q", "currentQuarterEstimateYear": 2017, "earningsDate": []}, "financialsChart": {"yearly": [{"date": 2017, "revenue": 36684900000, "earnings": 6990900000}, {"date": 2018, "revenue": 6372700000, "earnings": 8691500000}, {"date": 2019, "revenue": 3748800000, "earnings": -8391800000}, {"date": 2020, "revenue": 3551100000, "earnings": -9949000000}], "quarterly": [{"date": "1Q2020", "revenue": 359300000, "earnings": -2404800000}, {"date": "2Q2020", "revenue": 1009800000, "earnings": -262600000}, {"date": "3Q2020", "revenue": 867000000, "earnings": -1452700000}, {"date": "4Q2020", "revenue": 1022100000, "earnings": -2056100000}]}, "financialCurrency": "INR"}, "financialData": {"maxAge": 86400, "currentPrice": 53.0, "targetHighPrice": 78.0, "targetLowPrice": 59.0, "targetMeanPrice": 69.0, "targetMedianPrice": 70.0, "recommendationMean": 1.0, "recommendationKey": "strong_buy", "numberOfAnalystOpinions": 3, "totalCash": 947800000, "totalCashPerShare": 0.59, "totalDebt": 1409600000, "totalRevenue": 3258178048, "debtToEquity": 1.68, "revenuePerShare": 2.041, "grossProfits": 3449000000, "revenueGrowth": -0.159, "grossMargins": 0.96866, "ebitdaMargins": 0.0, "operatingMargins": 0.30415002, "profitMargins": -1.8956, "financialCurrency": "INR"}}}