{"IDFC.BO": {"recommendationTrend": {"trend": [{"period": "0m", "strongBuy": 0, "buy": 0, "hold": 0, "sell": 0, "strongSell": 0}, {"period": "-1m", "strongBuy": 0, "buy": 0, "hold": 0, "sell": 0, "strongSell": 0}, {"period": "-2m", "strongBuy": 0, "buy": 0, "hold": 0, "sell": 0, "strongSell": 0}, {"period": "-3m", "strongBuy": 0, "buy": 0, "hold": 0, "sell": 0, "strongSell": 0}], "maxAge": 86400}, "cashflowStatementHistory": {"cashflowStatements": [{"maxAge": 1, "endDate": "2020-03-31", "netIncome": -9949000000, "depreciation": 171200000, "changeToNetincome": -4232500000, "changeToLiabilities": -108300000, "changeToOperatingActivities": 2031300000, "totalCashFromOperatingActivities": -12060600000, "capitalExpenditures": -193800000, "investments": 20737400000, "otherCashflowsFromInvestingActivities": 3319800000, "totalCashflowsFromInvestingActivities": 23863400000, "dividendsPaid": -5028500000, "otherCashflowsFromFinancingActivities": -1496200000, "totalCashFromFinancingActivities": -6524700000, "changeInCash": 5278100000}, {"maxAge": 1, "endDate": "2019-03-31", "netIncome": -8391800000, "depreciation": 109400000, "changeToNetincome": 1684000000, "changeToLiabilities": -1036300000, "changeToOperatingActivities": 41801400000, "totalCashFromOperatingActivities": 34184100000, "capitalExpenditures": -193800000, "investments": 5600400000, "otherCashflowsFromInvestingActivities": -4111600000, "totalCashflowsFromInvestingActivities": 1536400000, "dividendsPaid": -1197300000, "netBorrowings": 2341100000, "otherCashflowsFromFinancingActivities": -38433900000, "totalCashFromFinancingActivities": -37290100000, "changeInCash": -1569600000}, {"maxAge": 1, "endDate": "2018-03-31", "netIncome": 8691500000, "depreciation": 126900000, "changeToNetincome": -1557800000, "changeToLiabilities": 33300000, "changeToOperatingActivities": -14920400000, "totalCashFromOperatingActivities": -7611600000, "capitalExpenditures": -121200000, "investments": -7002500000, "otherCashflowsFromInvestingActivities": 1700000, "totalCashflowsFromInvestingActivities": -7131000000, "dividendsPaid": -399000000, "netBorrowings": 12406600000, "otherCashflowsFromFinancingActivities": -181300000, "totalCashFromFinancingActivities": 11830400000, "changeInCash": -2912200000, "issuanceOfStock": 4100000}, {"maxAge": 1, "endDate": "2017-03-31", "netIncome": 6990900000, "depreciation": 711200000, "changeToNetincome": -26532300000, "changeToLiabilities": 655200000, "changeToOperatingActivities": -20660900000, "totalCashFromOperatingActivities": -38060900000, "capitalExpenditures": -2815900000, "investments": -197835100000, "otherCashflowsFromInvestingActivities": 167100000, "totalCashflowsFromInvestingActivities": -203605900000, "dividendsPaid": -399000000, "netBorrowings": 264615800000, "otherCashflowsFromFinancingActivities": -796100000, "totalCashFromFinancingActivities": 263821200000, "changeInCash": 22154400000, "issuanceOfStock": 1500000}], "maxAge": 86400}, "institutionOwnership": {"ownershipList": [], "maxAge": 1}, "balanceSheetHistoryQuarterly": {"balanceSheetStatements": [{"maxAge": 1, "endDate": "2020-06-30", "totalStockholderEquity": 83206900000, "netTangibleAssets": 75340200000}, {"maxAge": 1, "endDate": "2020-03-31", "cash": 6779000000, "netReceivables": 205400000, "otherCurrentAssets": 3261800000, "totalCurrentAssets": 12716200000, "longTermInvestments": 62598400000, "propertyPlantEquipment": 1316500000, "goodWill": 7791700000, "intangibleAssets": 75000000, "otherAssets": 1192800000, "deferredLongTermAssetCharges": 6600000, "totalAssets": 85690600000, "accountsPayable": 137400000, "otherCurrentLiab": 805200000, "otherLiab": 823700000, "totalCurrentLiabilities": 1281700000, "totalLiab": 2483700000, "commonStock": 15963600000, "retainedEarnings": 41597200000, "treasuryStock": 411400000, "capitalSurplus": 25234700000, "otherStockholderEquity": 411400000, "totalStockholderEquity": 83206900000, "netTangibleAssets": 75340200000}, {"maxAge": 1, "endDate": "2019-12-31", "totalStockholderEquity": 93609000000, "netTangibleAssets": 85785000000}, {"maxAge": 1, "endDate": "2019-09-30", "cash": 7427000000, "netReceivables": 686500000, "otherCurrentAssets": 3948000000, "totalCurrentAssets": 12072600000, "longTermInvestments": 78558300000, "propertyPlantEquipment": 1224200000, "goodWill": 7791700000, "intangibleAssets": 32300000, "otherAssets": 470300000, "deferredLongTermAssetCharges": 900000, "totalAssets": 100149400000, "accountsPayable": 141500000, "otherCurrentLiab": 5436900000, "otherLiab": 960400000, "totalCurrentLiabilities": 5580000000, "totalLiab": 6540400000, "commonStock": 15963600000, "treasuryStock": 77645400000, "otherStockholderEquity": 77645400000, "totalStockholderEquity": 93609000000, "netTangibleAssets": 85785000000}], "maxAge": 86400}, "earningsHistory": {"history": [{"maxAge": 1, "epsActual": 1.76, "epsEstimate": 1.3, "epsDifference": 0.46, "surprisePercent": 0.354, "quarter": "2016-09-30", "period": "-4q"}, {"maxAge": 1, "epsActual": 0.63, "epsEstimate": 1.71, "epsDifference": -1.08, "surprisePercent": -0.632, "quarter": "2016-12-31", "period": "-3q"}, {"maxAge": 1, "epsActual": 0.84, "epsEstimate": 1.4, "epsDifference": -0.56, "surprisePercent": -0.4, "quarter": "2017-03-31", "period": "-2q"}, {"maxAge": 1, "epsActual": 1.88, "epsEstimate": 1.5, "epsDifference": 0.38, "surprisePercent": 0.253, "quarter": "2017-06-30", "period": "-1q"}], "maxAge": 86400}, "indexTrend": {"maxAge": 1, "symbol": "SP5", "peRatio": 19.7411, "pegRatio": 1.34172, "estimates": [{"period": "0q", "growth": 0.549}, {"period": "+1q", "growth": 0.431}, {"period": "0y", "growth": 0.305}, {"period": "+1y", "growth": 0.109}, {"period": "+5y", "growth": 0.120865}, {"period": "-5y"}]}, "industryTrend": {"maxAge": 1, "symbol": null, "estimates": []}, "insiderTransactions": {"transactions": [{"maxAge": 1, "shares": 100000, "filerUrl": "", "transactionText": "", "filerName": "Kakar (Sunil)", "filerRelation": "Chief Executive Officer", "moneyText": "", "startDate": "2019-06-14", "ownership": "D"}, {"maxAge": 1, "shares": 75000, "filerUrl": "", "transactionText": "", "filerName": "Gemani (Bipin)", "filerRelation": "Chief Financial Officer", "moneyText": "", "startDate": "2017-05-16", "ownership": "D"}, {"maxAge": 1, "shares": 50000, "filerUrl": "", "transactionText": "", "filerName": "Limaye (Vikram)", "filerRelation": "Director (Non-Executive)", "moneyText": "", "startDate": "2017-05-11", "ownership": "D"}, {"maxAge": 1, "shares": 60000, "filerUrl": "", "transactionText": "", "filerName": "Limaye (Vikram)", "filerRelation": "Director (Non-Executive)", "moneyText": "", "startDate": "2017-05-10", "ownership": "D"}, {"maxAge": 1, "shares": 200000, "filerUrl": "", "transactionText": "", "filerName": "Limaye (Vikram)", "filerRelation": "Director (Non-Executive)", "moneyText": "", "startDate": "2017-05-09", "ownership": "D"}, {"maxAge": 1, "shares": 100000, "filerUrl": "", "transactionText": "", "filerName": "Limaye (Vikram)", "filerRelation": "Director (Non-Executive)", "moneyText": "", "startDate": "2017-05-08", "ownership": "D"}, {"maxAge": 1, "shares": 100000, "filerUrl": "", "transactionText": "", "filerName": "Limaye (Vikram)", "filerRelation": "Director", "moneyText": "", "startDate": "2017-05-05", "ownership": "D"}, {"maxAge": 1, "shares": 100000, "filerUrl": "", "transactionText": "", "filerName": "Limaye (Vikram)", "filerRelation": "Chief Executive Officer", "moneyText": "", "startDate": "2016-10-05", "ownership": "D"}, {"maxAge": 1, "shares": 300000, "filerUrl": "", "transactionText": "", "filerName": "Kumar (Naval Bir)", "filerRelation": "UNREPORTED", "moneyText": "", "startDate": "2016-04-16", "ownership": "D"}, {"maxAge": 1, "shares": 174000, "filerUrl": "", "transactionText": "", "filerName": "Limaye (Vikram)", "filerRelation": "Chief Executive Officer", "moneyText": "", "startDate": "2016-04-16", "ownership": "D"}, {"maxAge": 1, "shares": 1100000, "filerUrl": "", "transactionText": "", "filerName": "Lall (Rajiv B)", "filerRelation": "Executive Chairman", "moneyText": "", "startDate": "2016-04-16", "ownership": "D"}, {"maxAge": 1, "shares": 50000, "filerUrl": "", "transactionText": "", "filerName": "Kakar (Sunil)", "filerRelation": "Divisional Officer", "moneyText": "", "startDate": "2015-03-31", "ownership": "D"}, {"maxAge": 1, "shares": 30000, "filerUrl": "", "transactionText": "", "filerName": "Kakar (Sunil)", "filerRelation": "Divisional Officer", "moneyText": "", "startDate": "2015-03-30", "ownership": "D"}, {"maxAge": 1, "shares": 20000, "filerUrl": "", "transactionText": "", "filerName": "Kakar (Sunil)", "filerRelation": "Divisional Officer", "moneyText": "", "startDate": "2015-03-24", "ownership": "D"}, {"maxAge": 1, "shares": 31823981, "filerUrl": "", "transactionText": "", "filerName": "Life Insurance Corporation of India", "filerRelation": "Institution- Corporation", "moneyText": "", "startDate": "2014-11-05", "ownership": "D"}, {"maxAge": 1, "shares": 120000, "filerUrl": "", "transactionText": "", "filerName": "Shah (Mahendra N)", "filerRelation": "Compliance Officer", "moneyText": "", "startDate": "2014-08-21", "ownership": "D"}, {"maxAge": 1, "shares": 230041, "filerUrl": "", "transactionText": "", "filerName": "Shah (Mahendra N)", "filerRelation": "Compliance Officer", "moneyText": "", "startDate": "2014-07-31", "ownership": "D"}, {"maxAge": 1, "shares": 1149980, "filerUrl": "", "transactionText": "", "filerName": "Lall (Rajiv B)", "filerRelation": "Executive Chairman", "moneyText": "", "startDate": "2014-07-31", "ownership": "D"}, {"maxAge": 1, "shares": 1101000, "filerUrl": "", "transactionText": "", "filerName": "Limaye (Vikram)", "filerRelation": "Chief Executive Officer", "moneyText": "", "startDate": "2013-09-16", "ownership": "D"}, {"maxAge": 1, "shares": 42851651, "filerUrl": "", "transactionText": "", "filerName": "Life Insurance Corporation of India", "filerRelation": "Institution- Corporation", "moneyText": "", "startDate": "2013-07-15", "ownership": "D"}, {"maxAge": 1, "shares": 228750, "filerUrl": "", "transactionText": "", "filerName": "Shah (Mahendra N)", "filerRelation": "Compliance officer", "moneyText": "", "startDate": "2011-06-08", "ownership": "D"}, {"maxAge": 1, "shares": 425000, "filerUrl": "", "transactionText": "", "filerName": "Limaye (Vikram)", "filerRelation": "Director (Executive)", "moneyText": "", "startDate": "2011-04-05", "ownership": "D"}, {"maxAge": 1, "shares": 218980, "filerUrl": "", "transactionText": "", "filerName": "Lall (Rajiv B)", "filerRelation": "Managing Director", "moneyText": "", "startDate": "2010-11-10", "ownership": "D"}, {"maxAge": 1, "shares": 1100000, "filerUrl": "", "transactionText": "", "filerName": "Lall (Rajiv B)", "filerRelation": "Managing Director", "moneyText": "", "startDate": "2010-03-24", "ownership": "D"}, {"maxAge": 1, "shares": 168750, "filerUrl": "", "transactionText": "", "filerName": "Shah (Mahendra N)", "filerRelation": "Compliance officer", "moneyText": "", "startDate": "2010-03-24", "ownership": "D"}, {"maxAge": 1, "shares": 172576, "filerUrl": "", "transactionText": "", "filerName": "Limaye (Vikram)", "filerRelation": "Director (Executive)", "moneyText": "", "startDate": "2010-03-24", "ownership": "D"}, {"maxAge": 1, "shares": 343328, "filerUrl": "", "transactionText": "", "filerName": "Lall (Rajiv B)", "filerRelation": "Managing Director", "moneyText": "", "startDate": "2009-12-28", "ownership": "D"}, {"maxAge": 1, "shares": 99351, "filerUrl": "", "transactionText": "", "filerName": "Shah (Mahendra N)", "filerRelation": "Compliance officer", "moneyText": "", "startDate": "2009-10-23", "ownership": "D"}], "maxAge": 1}, "quoteType": {"exchange": "BSE", "quoteType": "EQUITY", "symbol": "IDFC.BO", "underlyingSymbol": "IDFC.BO", "shortName": "IDFC LIMITED", "longName": "IDFC Limited", "firstTradeDateEpochUtc": "2005-08-12 09:15:00", "timeZoneFullName": "Asia/Kolkata", "timeZoneShortName": "IST", "uuid": "d80d0f22-feb3-3aba-a6d5-2e148825f30b", "gmtOffSetMilliseconds": 19800000, "maxAge": 1}, "incomeStatementHistory": {"incomeStatementHistory": [{"maxAge": 1, "endDate": "2020-03-31", "totalRevenue": 3551100000, "costOfRevenue": 102100000, "grossProfit": 3449000000, "researchDevelopment": {}, "sellingGeneralAdministrative": 1415700000, "nonRecurring": {}, "otherOperatingExpenses": 903900000, "totalOperatingExpenses": 2623200000, "operatingIncome": 927900000, "totalOtherIncomeExpenseNet": -10089000000, "ebit": 0, "interestExpense": {}, "incomeBeforeTax": -9161100000, "incomeTaxExpense": 603900000, "minorityInterest": {}, "netIncomeFromContinuingOps": -9765000000, "discontinuedOperations": -196300000, "extraordinaryItems": {}, "effectOfAccountingCharges": {}, "otherItems": {}, "netIncome": -9949000000, "netIncomeApplicableToCommonShares": -9949000000}, {"maxAge": 1, "endDate": "2019-03-31", "totalRevenue": 3748800000, "costOfRevenue": 101900000, "grossProfit": 3646900000, "researchDevelopment": {}, "sellingGeneralAdministrative": 1693200000, "nonRecurring": {}, "otherOperatingExpenses": 1736400000, "totalOperatingExpenses": 3658700000, "operatingIncome": 90100000, "totalOtherIncomeExpenseNet": -7100400000, "ebit": 0, "interestExpense": {}, "incomeBeforeTax": -7010300000, "incomeTaxExpense": -1484600000, "minorityInterest": {}, "netIncomeFromContinuingOps": -5525700000, "discontinuedOperations": -2694700000, "extraordinaryItems": {}, "effectOfAccountingCharges": {}, "otherItems": {}, "netIncome": -8391800000, "netIncomeApplicableToCommonShares": -8391800000}, {"maxAge": 1, "endDate": "2018-03-31", "totalRevenue": 6372700000, "costOfRevenue": 101500000, "grossProfit": 6271200000, "researchDevelopment": {}, "sellingGeneralAdministrative": 1964300000, "nonRecurring": {}, "otherOperatingExpenses": 2005800000, "totalOperatingExpenses": 4198400000, "operatingIncome": 2174300000, "totalOtherIncomeExpenseNet": 7597900000, "ebit": 0, "interestExpense": {}, "incomeBeforeTax": 9772200000, "incomeTaxExpense": 1975500000, "minorityInterest": 1562700000, "netIncomeFromContinuingOps": 7796700000, "discontinuedOperations": 1049200000, "extraordinaryItems": {}, "effectOfAccountingCharges": {}, "otherItems": {}, "netIncome": 8691500000, "netIncomeApplicableToCommonShares": 8691500000}, {"maxAge": 1, "endDate": "2017-03-31", "totalRevenue": 36684900000, "costOfRevenue": 374300000, "grossProfit": 36310600000, "researchDevelopment": {}, "sellingGeneralAdministrative": 9247200000, "nonRecurring": {}, "otherOperatingExpenses": 7705800000, "totalOperatingExpenses": 18813500000, "operatingIncome": 17871400000, "totalOtherIncomeExpenseNet": -644300000, "ebit": 0, "interestExpense": {}, "incomeBeforeTax": 17227100000, "incomeTaxExpense": 4828700000, "minorityInterest": 70963100000, "netIncomeFromContinuingOps": 12398400000, "discontinuedOperations": 1049200000, "extraordinaryItems": {}, "effectOfAccountingCharges": {}, "otherItems": {}, "netIncome": 6990900000, "netIncomeApplicableToCommonShares": 6990900000}], "maxAge": 86400}, "fundOwnership": {"ownershipList": [], "maxAge": 1}, "summaryDetail": {"maxAge": 1, "priceHint": 2, "previousClose": 51.8, "open": 52.25, "dayLow": 50.7, "dayHigh": 54.0, "regularMarketPreviousClose": 51.8, "regularMarketOpen": 52.25, "regularMarketDayLow": 50.7, "regularMarketDayHigh": 54.0, "forwardPE": 8.16641, "volume": 496488, "regularMarketVolume": 496488, "averageVolume": 2438905, "averageVolume10days": 433519, "averageDailyVolume10Day": 433519, "bid": 52.8, "ask": 53.0, "bidSize": 0, "askSize": 0, "marketCap": 84607074304, "fiftyTwoWeekLow": 13.4, "fiftyTwoWeekHigh": 54.0, "fiftyDayAverage": 40.82879, "twoHundredDayAverage": 32.451103, "trailingAnnualDividendRate": 3.15, "trailingAnnualDividendYield": 0.06081081, "currency": "INR", "fromCurrency": null, "lastMarket": null, "algorithm": null, "tradeable": false}, "sectorTrend": {"maxAge": 1, "symbol": null, "estimates": []}, "incomeStatementHistoryQuarterly": {"incomeStatementHistory": [{"maxAge": 1, "endDate": "2020-06-30", "totalRevenue": 861400000, "costOfRevenue": 0, "grossProfit": 861400000, "researchDevelopment": {}, "sellingGeneralAdministrative": 241100000, "nonRecurring": {}, "otherOperatingExpenses": 210100000, "totalOperatingExpenses": 677200000, "operatingIncome": 184200000, "totalOtherIncomeExpenseNet": -190100000, "ebit": 0, "interestExpense": {}, "incomeBeforeTax": -5900000, "incomeTaxExpense": 260000000, "minorityInterest": {}, "netIncomeFromContinuingOps": -265900000, "discontinuedOperations": 1300000, "extraordinaryItems": {}, "effectOfAccountingCharges": {}, "otherItems": {}, "netIncome": -262600000, "netIncomeApplicableToCommonShares": -262600000}, {"maxAge": 1, "endDate": "2020-03-31", "totalRevenue": 615700000, "costOfRevenue": 102100000, "grossProfit": 513600000, "researchDevelopment": {}, "sellingGeneralAdministrative": 477300000, "nonRecurring": {}, "otherOperatingExpenses": 43800000, "totalOperatingExpenses": 689900000, "operatingIncome": -74200000, "totalOtherIncomeExpenseNet": -2194600000, "ebit": 0, "interestExpense": {}, "incomeBeforeTax": -2268800000, "incomeTaxExpense": 154700000, "minorityInterest": {}, "netIncomeFromContinuingOps": -2423500000, "discontinuedOperations": -5700000, "extraordinaryItems": {}, "effectOfAccountingCharges": {}, "otherItems": {}, "netIncome": -2404800000, "netIncomeApplicableToCommonShares": -2404800000}, {"maxAge": 1, "endDate": "2019-12-31", "totalRevenue": 1174900000, "costOfRevenue": 0, "grossProfit": 1174900000, "researchDevelopment": {}, "sellingGeneralAdministrative": 318100000, "nonRecurring": {}, "otherOperatingExpenses": 328200000, "totalOperatingExpenses": 694400000, "operatingIncome": 480500000, "totalOtherIncomeExpenseNet": -3898100000, "ebit": 0, "interestExpense": {}, "incomeBeforeTax": -3417600000, "incomeTaxExpense": 140300000, "minorityInterest": {}, "netIncomeFromContinuingOps": -3557900000, "discontinuedOperations": 131200000, "extraordinaryItems": {}, "effectOfAccountingCharges": {}, "otherItems": {}, "netIncome": -3431000000, "netIncomeApplicableToCommonShares": -3431000000}, {"maxAge": 1, "endDate": "2019-09-30", "totalRevenue": 578900000, "costOfRevenue": 0, "grossProfit": 578900000, "researchDevelopment": {}, "sellingGeneralAdministrative": 331300000, "nonRecurring": {}, "otherOperatingExpenses": 299700000, "totalOperatingExpenses": 659500000, "operatingIncome": -80600000, "totalOtherIncomeExpenseNet": -3628600000, "ebit": 0, "interestExpense": {}, "incomeBeforeTax": -3709200000, "incomeTaxExpense": 50200000, "minorityInterest": {}, "netIncomeFromContinuingOps": -3759400000, "discontinuedOperations": -310600000, "extraordinaryItems": {}, "effectOfAccountingCharges": {}, "otherItems": {}, "netIncome": -4077800000, "netIncomeApplicableToCommonShares": -4077800000}], "maxAge": 86400}, "cashflowStatementHistoryQuarterly": {"cashflowStatements": [{"maxAge": 1, "endDate": "2020-06-30", "netIncome": -262600000, "changeToLiabilities": 0}, {"maxAge": 1, "endDate": "2020-03-31", "netIncome": -2404800000, "changeToLiabilities": 0}, {"maxAge": 1, "endDate": "2019-12-31", "netIncome": -3431000000, "changeToLiabilities": 0}, {"maxAge": 1, "endDate": "2019-09-30", "netIncome": -4077800000, "changeToLiabilities": 0}], "maxAge": 86400}, "insiderHolders": {"holders": [{"maxAge": 1, "name": "Gemani (Bipin)", "relation": "Chief Financial Officer", "url": "", "transactionDescription": "Sale", "latestTransDate": "2017-05-16", "positionDirect": 66442, "positionDirectDate": "2017-05-16"}, {"maxAge": 1, "name": "Kakar (Sunil)", "relation": "Chief Executive Officer", "url": "", "transactionDescription": "Acquisition", "latestTransDate": "2019-06-14", "positionDirect": 100000, "positionDirectDate": "2019-06-14"}, {"maxAge": 1, "name": "Kumar (Naval Bir)", "relation": "UNREPORTED", "url": "", "transactionDescription": "Other", "latestTransDate": "2016-04-16", "positionDirect": 300000, "positionDirectDate": "2016-04-16"}, {"maxAge": 1, "name": "Lall (Rajiv B)", "relation": "Executive Chairman", "url": "", "transactionDescription": "Other", "latestTransDate": "2016-04-16", "positionDirect": 2298984, "positionDirectDate": "2016-04-16"}, {"maxAge": 1, "name": "Life Insurance Corporation of India", "relation": "Institution- Corporation", "url": "", "transactionDescription": "Sale", "latestTransDate": "2014-11-05", "positionDirect": 72074912, "positionDirectDate": "2014-11-05"}, {"maxAge": 1, "name": "Limaye (Vikram)", "relation": "Director (Non-Executive)", "url": "", "transactionDescription": "Sale", "latestTransDate": "2017-05-11", "positionDirect": 1607728, "positionDirectDate": "2017-05-11"}, {"maxAge": 1, "name": "Shah (Mahendra N)", "relation": "Compliance Officer", "url": "", "transactionDescription": "Sale", "latestTransDate": "2014-08-21", "positionDirect": 210000, "positionDirectDate": "2014-08-21"}], "maxAge": 1}, "earnings": {"maxAge": 86400, "earningsChart": {"quarterly": [{"date": "3Q2016", "actual": 1.76, "estimate": 1.3}, {"date": "4Q2016", "actual": 0.63, "estimate": 1.71}, {"date": "1Q2017", "actual": 0.84, "estimate": 1.4}, {"date": "2Q2017", "actual": 1.88, "estimate": 1.5}], "currentQuarterEstimateDate": "3Q", "currentQuarterEstimateYear": 2017, "earningsDate": ["2020-11-06 05:30:S", "2020-11-10 05:30:S"]}, "financialsChart": {"yearly": [{"date": 2017, "revenue": 36684900000, "earnings": 6990900000}, {"date": 2018, "revenue": 6372700000, "earnings": 8691500000}, {"date": 2019, "revenue": 3748800000, "earnings": -8391800000}, {"date": 2020, "revenue": 3551100000, "earnings": -9949000000}], "quarterly": [{"date": "3Q2019", "revenue": 578900000, "earnings": -4077800000}, {"date": "4Q2019", "revenue": 1174900000, "earnings": -3431000000}, {"date": "1Q2020", "revenue": 615700000, "earnings": -2404800000}, {"date": "2Q2020", "revenue": 861400000, "earnings": -262600000}]}, "financialCurrency": "INR"}, "calendarEvents": {"maxAge": 1, "earnings": {"earningsDate": ["2020-11-06 05:30:S", "2020-11-10 05:30:S"], "revenueAverage": 26570100000}}, "upgradeDowngradeHistory": {"history": [], "maxAge": 86400}, "price": {"maxAge": 1, "regularMarketChangePercent": 0.023166038, "regularMarketChange": 1.2000008, "regularMarketTime": "2021-04-30 15:53:52", "priceHint": 2, "regularMarketPrice": 53.0, "regularMarketDayHigh": 54.0, "regularMarketDayLow": 50.7, "regularMarketVolume": 496488, "averageDailyVolume10Day": 433519, "averageDailyVolume3Month": 2438905, "regularMarketPreviousClose": 51.8, "regularMarketSource": "FREE_REALTIME", "regularMarketOpen": 52.25, "exchange": "BSE", "exchangeName": "BSE", "exchangeDataDelayedBy": 0, "marketState": "CLOSED", "quoteType": "EQUITY", "symbol": "IDFC.BO", "underlyingSymbol": null, "shortName": "IDFC LIMITED", "longName": "IDFC Limited", "currency": "INR", "quoteSourceName": "Delayed Quote", "currencySymbol": "\u20b9", "fromCurrency": null, "lastMarket": null, "marketCap": 84607074304}, "balanceSheetHistory": {"balanceSheetStatements": [{"maxAge": 1, "endDate": "2020-03-31", "cash": 6779000000, "netReceivables": 205400000, "otherCurrentAssets": 3261800000, "totalCurrentAssets": 12716200000, "longTermInvestments": 62598400000, "propertyPlantEquipment": 1316500000, "goodWill": 7791700000, "intangibleAssets": 75000000, "otherAssets": 1192800000, "deferredLongTermAssetCharges": 6600000, "totalAssets": 85690600000, "accountsPayable": 137400000, "otherCurrentLiab": 805200000, "otherLiab": 823700000, "totalCurrentLiabilities": 1281700000, "totalLiab": 2483700000, "commonStock": 15963600000, "retainedEarnings": 41597200000, "treasuryStock": 411400000, "capitalSurplus": 25234700000, "otherStockholderEquity": 411400000, "totalStockholderEquity": 83206900000, "netTangibleAssets": 75340200000}, {"maxAge": 1, "endDate": "2019-03-31", "cash": 1500900000, "netReceivables": 820400000, "otherCurrentAssets": 6392000000, "totalCurrentAssets": 15978800000, "longTermInvestments": 76280000000, "propertyPlantEquipment": 1026300000, "goodWill": 7791700000, "intangibleAssets": 30700000, "otherAssets": 4471200000, "totalAssets": 105578700000, "accountsPayable": 209700000, "otherCurrentLiab": 498900000, "otherLiab": 763900000, "totalCurrentLiabilities": 966700000, "totalLiab": 1730600000, "commonStock": 15963600000, "retainedEarnings": 62106300000, "treasuryStock": 543500000, "capitalSurplus": 25234700000, "otherStockholderEquity": 543500000, "totalStockholderEquity": 103848100000, "netTangibleAssets": 96025700000}, {"maxAge": 1, "endDate": "2018-03-31", "cash": 3070500000, "netReceivables": 43010200000, "otherCurrentAssets": 6230500000, "totalCurrentAssets": 61758400000, "longTermInvestments": 81399900000, "propertyPlantEquipment": 1204200000, "goodWill": 11463900000, "intangibleAssets": 39700000, "otherAssets": 157200000, "deferredLongTermAssetCharges": 153100000, "totalAssets": 156023300000, "accountsPayable": 1191700000, "shortLongTermDebt": 2227900000, "otherCurrentLiab": 771100000, "longTermDebt": 33208100000, "otherLiab": 2903600000, "minorityInterest": 1562700000, "totalCurrentLiabilities": 5589300000, "totalLiab": 41701000000, "commonStock": 15963500000, "retainedEarnings": 71370700000, "treasuryStock": 190800000, "capitalSurplus": 25234600000, "otherStockholderEquity": 190800000, "totalStockholderEquity": 112759600000, "netTangibleAssets": 101256000000}, {"maxAge": 1, "endDate": "2017-03-31", "cash": 52824300000, "netReceivables": 526629800000, "otherCurrentAssets": 4373000000, "totalCurrentAssets": 611822000000, "longTermInvestments": 517049100000, "propertyPlantEquipment": 6042800000, "goodWill": 12860600000, "intangibleAssets": 3178600000, "otherAssets": 25456000000, "deferredLongTermAssetCharges": 13422500000, "totalAssets": 1176409100000, "accountsPayable": 3653700000, "shortLongTermDebt": 83079100000, "otherCurrentLiab": 8522300000, "longTermDebt": 364385900000, "otherLiab": 15768900000, "minorityInterest": 70963100000, "totalCurrentLiabilities": 617092600000, "totalLiab": 997247400000, "commonStock": 15959400000, "retainedEarnings": 65453000000, "treasuryStock": 1569800000, "capitalSurplus": 25216400000, "otherStockholderEquity": 1569800000, "totalStockholderEquity": 108198600000, "netTangibleAssets": 92159400000}], "maxAge": 86400}, "earningsTrend": {"trend": [{"maxAge": 1, "period": "0q", "endDate": "2017-09-30", "growth": {}, "earningsEstimate": {"avg": 0.0, "low": 0.0, "high": 0.0, "yearAgoEps": 1.76, "numberOfAnalysts": 0, "growth": {}}, "revenueEstimate": {"avg": 26570100000, "low": 0, "high": 0, "numberOfAnalysts": 0, "yearAgoRevenue": {}, "growth": {}}, "epsTrend": {"current": 0.0, "7daysAgo": 1.5, "30daysAgo": 1.5, "60daysAgo": 1.5, "90daysAgo": 1.5}, "epsRevisions": {"upLast7days": 0, "upLast30days": 0, "downLast30days": 0, "downLast90days": {}}}, {"maxAge": 1, "period": "+1q", "endDate": "2017-12-31", "growth": {}, "earningsEstimate": {"avg": 0.0, "low": 0.0, "high": 0.0, "yearAgoEps": 0.63, "numberOfAnalysts": 0, "growth": {}}, "revenueEstimate": {"avg": 27946700000, "low": 0, "high": 0, "numberOfAnalysts": 0, "yearAgoRevenue": {}, "growth": {}}, "epsTrend": {"current": 0.0, "7daysAgo": 1.5, "30daysAgo": 1.5, "60daysAgo": 1.5, "90daysAgo": 1.5}, "epsRevisions": {"upLast7days": 0, "upLast30days": 0, "downLast30days": 0, "downLast90days": {}}}, {"maxAge": 1, "period": "0y", "endDate": "2018-03-31", "growth": {}, "earningsEstimate": {"avg": 0.0, "low": 0.0, "high": 0.0, "yearAgoEps": {}, "numberOfAnalysts": 0, "growth": {}}, "revenueEstimate": {"avg": 37318100000, "low": 41101900000, "high": 41101900000, "numberOfAnalysts": 1, "yearAgoRevenue": 38078500000, "growth": -0.02}, "epsTrend": {"current": 0.0, "7daysAgo": 4.22, "30daysAgo": 4.22, "60daysAgo": 4.22, "90daysAgo": 4.22}, "epsRevisions": {"upLast7days": 0, "upLast30days": 0, "downLast30days": 0, "downLast90days": {}}}, {"maxAge": 1, "period": "+1y", "endDate": "2019-03-31", "growth": {}, "earningsEstimate": {"avg": 0.0, "low": 0.0, "high": 0.0, "yearAgoEps": {}, "numberOfAnalysts": 0, "growth": {}}, "revenueEstimate": {"avg": 43752500000, "low": 43752500000, "high": 43752500000, "numberOfAnalysts": 1, "yearAgoRevenue": 37318100000, "growth": 0.172}, "epsTrend": {"current": 0.0, "7daysAgo": 2.5, "30daysAgo": 2.5, "60daysAgo": 2.5, "90daysAgo": 2.5}, "epsRevisions": {"upLast7days": 0, "upLast30days": 0, "downLast30days": 0, "downLast90days": {}}}, {"maxAge": 1, "period": "+5y", "endDate": null, "growth": -0.1943, "earningsEstimate": {"avg": {}, "low": {}, "high": {}, "yearAgoEps": {}, "numberOfAnalysts": {}, "growth": {}}, "revenueEstimate": {"avg": {}, "low": {}, "high": {}, "numberOfAnalysts": {}, "yearAgoRevenue": {}, "growth": {}}, "epsTrend": {"current": {}, "7daysAgo": {}, "30daysAgo": {}, "60daysAgo": {}, "90daysAgo": {}}, "epsRevisions": {"upLast7days": {}, "upLast30days": {}, "downLast30days": {}, "downLast90days": {}}}, {"maxAge": 1, "period": "-5y", "endDate": null, "growth": {}, "earningsEstimate": {"avg": {}, "low": {}, "high": {}, "yearAgoEps": {}, "numberOfAnalysts": {}, "growth": {}}, "revenueEstimate": {"avg": {}, "low": {}, "high": {}, "numberOfAnalysts": {}, "yearAgoRevenue": {}, "growth": {}}, "epsTrend": {"current": {}, "7daysAgo": {}, "30daysAgo": {}, "60daysAgo": {}, "90daysAgo": {}}, "epsRevisions": {"upLast7days": {}, "upLast30days": {}, "downLast30days": {}, "downLast90days": {}}}], "maxAge": 1}, "financialData": {"maxAge": 86400, "currentPrice": 53.0, "targetHighPrice": 68.0, "targetLowPrice": 68.0, "targetMeanPrice": 68.0, "targetMedianPrice": 68.0, "recommendationKey": "none", "numberOfAnalystOpinions": 1, "grossProfits": 3449000000, "financialCurrency": "INR"}}}