{"IFBAGRO.NS": {"assetProfile": {"address1": "Plot No. IND-5", "address2": "Sector - 1 East Kolkata Township", "city": "Kolkata", "zip": "700107", "country": "India", "phone": "91 33 3984 9675", "fax": "91 33 2442 1003", "website": "http://www.ifbagro.in", "industry": "Beverages\u2014Wineries & Distilleries", "sector": "Consumer Defensive", "longBusinessSummary": "IFB Agro Industries Limited manufactures and distributes alcoholic beverages, and processed marine foods in India and internationally. It operates in two segments, Spirit, Liquor and Spirituous Beverages; and Marine Products. The company offers extra neutral alcohol and Indian made Indian liquor products; value-added ingredients for poultry, aqua, cattle, and swine feed; food grade carbon dioxide; dry ice; and feed nutrition boosters. It also operates aqua shops; processes and exports marine products to Belgium, France, Germany, Myanmar, Russia, Italy, Thailand, Japan, Vietnam, the United States, Canada, and the Middle East, as well as offers ready to cook and ready to fry sea food products to restaurants, hotels, and caterers. The company was incorporated in 1982 and is based in Kolkata, India.", "fullTimeEmployees": 418, "companyOfficers": [{"maxAge": 1, "name": "Mr. Bikramjit  Nag B.B.A., BBA", "age": 47, "title": "Joint Exec. Chairman", "yearBorn": 1973, "fiscalYear": 2020, "totalPay": 11380031, "exercisedValue": 0, "unexercisedValue": 0}, {"maxAge": 1, "name": "Mr. Arup Kumar Banerjee", "age": 68, "title": "Exec. Vice Chairman & MD", "yearBorn": 1952, "fiscalYear": 2020, "totalPay": 19509215, "exercisedValue": 0, "unexercisedValue": 0}, {"maxAge": 1, "name": "Mr. Rahul  Choudhuri", "age": 63, "title": "Chief Financial Officer", "yearBorn": 1957, "fiscalYear": 2020, "totalPay": 6957708, "exercisedValue": 0, "unexercisedValue": 0}, {"maxAge": 1, "name": "Mr. Ritesh  Agarwal", "title": "Chief Compliance Officer & Company Sec.", "fiscalYear": 2020, "totalPay": 4481401, "exercisedValue": 0, "unexercisedValue": 0}, {"maxAge": 1, "name": "Mr. Alok  De", "title": "Assistant VP of HR & Corp. Relations", "exercisedValue": 0, "unexercisedValue": 0}, {"maxAge": 1, "name": "Mr. Rana  Chatterjee", "title": "Chief Financial Officer of Alcohol", "exercisedValue": 0, "unexercisedValue": 0}, {"maxAge": 1, "name": "Mr. Debashish  Ghosh", "title": "Assistant VP & Bus. Head (IMIL)", "exercisedValue": 0, "unexercisedValue": 0}, {"maxAge": 1, "name": "Mr. S. K. Kundu", "title": "Head of Tie-up Manufacturing Units (IMIL division)", "exercisedValue": 0, "unexercisedValue": 0}, {"maxAge": 1, "name": "Mr. Sanjoy  Bhattacharya", "title": "Unit Head of Panagarh Plant (IMIL)", "exercisedValue": 0, "unexercisedValue": 0}, {"maxAge": 1, "name": "Mr. Soumitra  Chakraborty", "title": "Bus. Head of Marine Division", "exercisedValue": 0, "unexercisedValue": 0}], "compensationAsOfEpochDate": "2020-12-31 05:30:00", "maxAge": 86400}, "recommendationTrend": {"trend": [{"period": "0m", "strongBuy": 0, "buy": 0, "hold": 0, "sell": 0, "strongSell": 0}, {"period": "-1m", "strongBuy": 0, "buy": 0, "hold": 0, "sell": 0, "strongSell": 0}, {"period": "-2m", "strongBuy": 0, "buy": 0, "hold": 0, "sell": 0, "strongSell": 0}, {"period": "-3m", "strongBuy": 0, "buy": 0, "hold": 0, "sell": 0, "strongSell": 0}], "maxAge": 86400}, "cashflowStatementHistory": {"cashflowStatements": [{"maxAge": 1, "endDate": "2020-03-31", "netIncome": 222056000, "depreciation": 177193000, "changeToNetincome": 36929000, "changeToAccountReceivables": -196285000, "changeToLiabilities": -21356000, "changeToInventory": -230378000, "changeToOperatingActivities": 35793000, "totalCashFromOperatingActivities": 23952000, "capitalExpenditures": -119983000, "investments": 48209000, "otherCashflowsFromInvestingActivities": 10778000, "totalCashflowsFromInvestingActivities": -58272000, "netBorrowings": -199977000, "otherCashflowsFromFinancingActivities": -19424000, "totalCashFromFinancingActivities": -219401000, "effectOfExchangeRate": -678000, "changeInCash": -254399000}, {"maxAge": 1, "endDate": "2019-03-31", "netIncome": 313630000, "depreciation": 187124000, "changeToNetincome": -73078000, "changeToAccountReceivables": 40718000, "changeToLiabilities": -19739000, "changeToInventory": -1705000, "changeToOperatingActivities": -30718000, "totalCashFromOperatingActivities": 416232000, "capitalExpenditures": -148152000, "investments": 163017000, "otherCashflowsFromInvestingActivities": -3892000, "totalCashflowsFromInvestingActivities": 12985000, "netBorrowings": -123557000, "otherCashflowsFromFinancingActivities": -30556000, "totalCashFromFinancingActivities": -154113000, "effectOfExchangeRate": -678000, "changeInCash": 275103000}, {"maxAge": 1, "endDate": "2018-03-31", "netIncome": 286282000, "depreciation": 202680000, "changeToNetincome": 27291000, "changeToAccountReceivables": -231970000, "changeToLiabilities": 89693000, "changeToInventory": -221505000, "changeToOperatingActivities": -109331000, "totalCashFromOperatingActivities": 43140000, "capitalExpenditures": -200074000, "investments": 296243000, "otherCashflowsFromInvestingActivities": 58038000, "totalCashflowsFromInvestingActivities": 157755000, "netBorrowings": -119598000, "otherCashflowsFromFinancingActivities": -26140000, "totalCashFromFinancingActivities": -145738000, "effectOfExchangeRate": -678000, "changeInCash": 55157000}, {"maxAge": 1, "endDate": "2017-03-31", "netIncome": 320628000, "depreciation": 203258000, "changeToNetincome": -90834000, "changeToAccountReceivables": 3518000, "changeToLiabilities": 18236000, "changeToInventory": 23192000, "changeToOperatingActivities": 3145000, "totalCashFromOperatingActivities": 481143000, "capitalExpenditures": -207853000, "investments": -281309000, "otherCashflowsFromInvestingActivities": 10882000, "totalCashflowsFromInvestingActivities": -466759000, "netBorrowings": -59641000, "otherCashflowsFromFinancingActivities": -17404000, "totalCashFromFinancingActivities": -77045000, "effectOfExchangeRate": -678000, "changeInCash": -62661000}], "maxAge": 86400}, "indexTrend": {"maxAge": 1, "symbol": "SP5", "peRatio": 19.7411, "pegRatio": 1.34172, "estimates": [{"period": "0q", "growth": 0.549}, {"period": "+1q", "growth": 0.431}, {"period": "0y", "growth": 0.305}, {"period": "+1y", "growth": 0.109}, {"period": "+5y", "growth": 0.120865}, {"period": "-5y"}]}, "defaultKeyStatistics": {"maxAge": 1, "priceHint": 2, "enterpriseValue": 2952248064, "profitMargins": 0.04366, "floatShares": 1715257, "sharesOutstanding": 9367110, "heldPercentInsiders": 0.80764, "heldPercentInstitutions": 0.00227, "beta": 1.087254, "category": null, "bookValue": 428.164, "priceToBook": 0.97672856, "fundFamily": null, "legalType": null, "lastFiscalYearEnd": "2020-03-31 05:30:00", "nextFiscalYearEnd": "2022-03-31 05:30:00", "mostRecentQuarter": "2020-12-31 05:30:00", "earningsQuarterlyGrowth": 1.811, "netIncomeToCommon": 308427008, "trailingEps": 32.927, "forwardEps": 46.26, "lastSplitFactor": null, "enterpriseToRevenue": 0.418, "enterpriseToEbitda": 7.502}, "industryTrend": {"maxAge": 1, "symbol": null, "estimates": []}, "quoteType": {"exchange": "NSI", "quoteType": "EQUITY", "symbol": "IFBAGRO.NS", "underlyingSymbol": "IFBAGRO.NS", "shortName": "IFB AGRO IND", "longName": "IFB Agro Industries Limited", "firstTradeDateEpochUtc": "2002-07-01 09:15:00", "timeZoneFullName": "Asia/Kolkata", "timeZoneShortName": "IST", "uuid": "b30082bc-9c78-35ff-bd2f-0c06a83ef3d1", "gmtOffSetMilliseconds": 19800000, "maxAge": 1}, "incomeStatementHistory": {"incomeStatementHistory": [{"maxAge": 1, "endDate": "2020-03-31", "totalRevenue": 9858009000, "costOfRevenue": 7357666000, "grossProfit": 2500343000, "researchDevelopment": {}, "sellingGeneralAdministrative": 643330000, "nonRecurring": {}, "otherOperatingExpenses": 1557923000, "totalOperatingExpenses": 9741993000, "operatingIncome": 116016000, "totalOtherIncomeExpenseNet": 51845000, "ebit": 116016000, "interestExpense": -18770000, "incomeBeforeTax": 167861000, "incomeTaxExpense": -54195000, "minorityInterest": {}, "netIncomeFromContinuingOps": 222056000, "discontinuedOperations": {}, "extraordinaryItems": {}, "effectOfAccountingCharges": {}, "otherItems": {}, "netIncome": 222056000, "netIncomeApplicableToCommonShares": 222056000}, {"maxAge": 1, "endDate": "2019-03-31", "totalRevenue": 9452151000, "costOfRevenue": 6968118000, "grossProfit": 2484033000, "researchDevelopment": {}, "sellingGeneralAdministrative": 568838000, "nonRecurring": {}, "otherOperatingExpenses": 1375757000, "totalOperatingExpenses": 9101828000, "operatingIncome": 350323000, "totalOtherIncomeExpenseNet": 10600000, "ebit": 350323000, "interestExpense": -17937000, "incomeBeforeTax": 360923000, "incomeTaxExpense": 47293000, "minorityInterest": {}, "netIncomeFromContinuingOps": 313630000, "discontinuedOperations": {}, "extraordinaryItems": {}, "effectOfAccountingCharges": {}, "otherItems": {}, "netIncome": 313630000, "netIncomeApplicableToCommonShares": 313630000}, {"maxAge": 1, "endDate": "2018-03-31", "totalRevenue": 8928806000, "costOfRevenue": 6562726000, "grossProfit": 2366080000, "researchDevelopment": {}, "sellingGeneralAdministrative": 623857000, "nonRecurring": {}, "otherOperatingExpenses": 1164823000, "totalOperatingExpenses": 8556474000, "operatingIncome": 372332000, "totalOtherIncomeExpenseNet": 36597000, "ebit": 372332000, "interestExpense": -19803000, "incomeBeforeTax": 408929000, "incomeTaxExpense": 122647000, "minorityInterest": {}, "netIncomeFromContinuingOps": 286282000, "discontinuedOperations": {}, "extraordinaryItems": {}, "effectOfAccountingCharges": {}, "otherItems": {}, "netIncome": 286282000, "netIncomeApplicableToCommonShares": 286282000}, {"maxAge": 1, "endDate": "2017-03-31", "totalRevenue": 8293085000, "costOfRevenue": 6348188000, "grossProfit": 1944897000, "researchDevelopment": {}, "sellingGeneralAdministrative": 487463000, "nonRecurring": {}, "otherOperatingExpenses": 933031000, "totalOperatingExpenses": 7972583000, "operatingIncome": 320502000, "totalOtherIncomeExpenseNet": 81731000, "ebit": 320502000, "interestExpense": -17392000, "incomeBeforeTax": 402233000, "incomeTaxExpense": 81605000, "minorityInterest": {}, "netIncomeFromContinuingOps": 320628000, "discontinuedOperations": {}, "extraordinaryItems": {}, "effectOfAccountingCharges": {}, "otherItems": {}, "netIncome": 320628000, "netIncomeApplicableToCommonShares": 320628000}], "maxAge": 86400}, "fundOwnership": {"ownershipList": [], "maxAge": 1}, "summaryDetail": {"maxAge": 1, "priceHint": 2, "previousClose": 412.0, "open": 411.25, "dayLow": 405.0, "dayHigh": 445.0, "regularMarketPreviousClose": 412.0, "regularMarketOpen": 411.25, "regularMarketDayLow": 405.0, "regularMarketDayHigh": 445.0, "payoutRatio": 0.0, "beta": 1.087254, "trailingPE": 12.700824, "forwardPE": 9.040208, "volume": 44599, "regularMarketVolume": 44599, "averageVolume": 18411, "averageVolume10days": 10481, "averageDailyVolume10Day": 10481, "bid": 0.0, "ask": 0.0, "bidSize": 0, "askSize": 0, "marketCap": 3909245952, "fiftyTwoWeekLow": 232.3, "fiftyTwoWeekHigh": 624.0, "priceToSalesTrailing12Months": 0.55339146, "fiftyDayAverage": 415.51514, "twoHundredDayAverage": 414.30823, "currency": "INR", "fromCurrency": null, "lastMarket": null, "algorithm": null, "tradeable": false}, "insiderHolders": {"holders": [{"maxAge": 1, "name": "Asansol Bottling & Packaging Company Pvt. Ltd.", "relation": "Promoter", "url": "", "transactionDescription": "Acquisition", "latestTransDate": "2013-02-22", "positionDirect": 307197, "positionDirectDate": "2013-02-22"}, {"maxAge": 1, "name": "Divine Commotrade Pvt Ltd", "relation": "Institution- Corporation", "url": "", "transactionDescription": "Sale", "latestTransDate": "2009-11-05", "positionDirectDate": "2009-11-05"}, {"maxAge": 1, "name": "Falcon Dealers Pvt Ltd", "relation": "Institution- Corporation", "url": "", "transactionDescription": "Sale", "latestTransDate": "2009-11-12", "positionDirect": 183993, "positionDirectDate": "2009-11-12"}, {"maxAge": 1, "name": "IFB Automotive Pvt Ltd", "relation": "Promoter", "url": "", "transactionDescription": "Acquisition", "latestTransDate": "2013-08-19", "positionDirect": 3602900, "positionDirectDate": "2013-08-19"}, {"maxAge": 1, "name": "IFB Pvt Ltd", "relation": "Institution- Corporation", "url": "", "transactionDescription": "Sale", "latestTransDate": "2009-11-05", "positionDirectDate": "2009-11-05"}, {"maxAge": 1, "name": "Midelec Marketing Pvt Ltd", "relation": "Institution- Corporation", "url": "", "transactionDescription": "Sale", "latestTransDate": "2009-11-05", "positionDirectDate": "2009-11-05"}, {"maxAge": 1, "name": "Nag (Bikram)", "relation": "Joint Executive Chairman Of The Board", "url": "", "transactionDescription": "Acquisition", "latestTransDate": "2017-03-31", "positionDirectDate": "2017-03-31"}, {"maxAge": 1, "name": "Nurpur Gases Pvt Ltd.", "relation": "Promoter", "url": "", "transactionDescription": "Other", "latestTransDate": "2014-03-13", "positionDirect": 785543, "positionDirectDate": "2014-03-13"}, {"maxAge": 1, "name": "Sicgil India Ltd.", "relation": "Institution- Corporation", "url": "", "transactionDescription": "Acquisition", "latestTransDate": "2014-05-21", "positionDirect": 656400, "positionDirectDate": "2014-05-21"}], "maxAge": 1}, "calendarEvents": {"maxAge": 1, "earnings": {"earningsDate": ["2021-01-29 05:30:S"], "revenueAverage": 3905170000, "revenueLow": 3905170000, "revenueHigh": 3905170000}}, "upgradeDowngradeHistory": {"history": [], "maxAge": 86400}, "price": {"maxAge": 1, "regularMarketChangePercent": 0.015048575, "regularMarketChange": 6.200012, "regularMarketTime": "2021-04-30 15:29:51", "priceHint": 2, "regularMarketPrice": 418.2, "regularMarketDayHigh": 445.0, "regularMarketDayLow": 405.0, "regularMarketVolume": 44599, "averageDailyVolume10Day": 10481, "averageDailyVolume3Month": 18411, "regularMarketPreviousClose": 412.0, "regularMarketSource": "FREE_REALTIME", "regularMarketOpen": 411.25, "exchange": "NSI", "exchangeName": "NSE", "exchangeDataDelayedBy": 15, "marketState": "CLOSED", "quoteType": "EQUITY", "symbol": "IFBAGRO.NS", "underlyingSymbol": null, "shortName": "IFB AGRO IND", "longName": "IFB Agro Industries Limited", "currency": "INR", "quoteSourceName": "Delayed Quote", "currencySymbol": "\u20b9", "fromCurrency": null, "lastMarket": null, "marketCap": 3909245952}, "balanceSheetHistory": {"balanceSheetStatements": [{"maxAge": 1, "endDate": "2020-03-31", "cash": 177237000, "netReceivables": 703717000, "inventory": 883876000, "otherCurrentAssets": 300293000, "totalCurrentAssets": 2866066000, "longTermInvestments": 208212000, "propertyPlantEquipment": 1267308000, "intangibleAssets": 6305000, "otherAssets": 87899000, "totalAssets": 4435790000, "accountsPayable": 347324000, "otherCurrentLiab": 76323000, "otherLiab": 75285000, "totalCurrentLiabilities": 541753000, "totalLiab": 622742000, "commonStock": 93671000, "retainedEarnings": 3232255000, "treasuryStock": 167750000, "capitalSurplus": 319372000, "otherStockholderEquity": 167750000, "totalStockholderEquity": 3813048000, "netTangibleAssets": 3806743000}, {"maxAge": 1, "endDate": "2019-03-31", "cash": 448371000, "shortTermInvestments": 825088000, "netReceivables": 632218000, "inventory": 653498000, "otherCurrentAssets": 263546000, "totalCurrentAssets": 2813931000, "longTermInvestments": 317751000, "propertyPlantEquipment": 1363302000, "otherAssets": 116678000, "totalAssets": 4611662000, "accountsPayable": 368554000, "shortLongTermDebt": 200875000, "otherCurrentLiab": 63111000, "otherLiab": 176639000, "totalCurrentLiabilities": 739382000, "totalLiab": 916021000, "commonStock": 93671000, "retainedEarnings": 3015715000, "treasuryStock": 266883000, "capitalSurplus": 319372000, "otherStockholderEquity": 266883000, "totalStockholderEquity": 3695641000, "netTangibleAssets": 3695641000}, {"maxAge": 1, "endDate": "2018-03-31", "cash": 152258000, "netReceivables": 669399000, "inventory": 651793000, "otherCurrentAssets": 201189000, "totalCurrentAssets": 2607989000, "longTermInvestments": 379950000, "propertyPlantEquipment": 1415035000, "otherAssets": 141090000, "deferredLongTermAssetCharges": 28379000, "totalAssets": 4544064000, "accountsPayable": 388395000, "shortLongTermDebt": 122519000, "otherCurrentLiab": 100452000, "longTermDebt": 190056000, "otherLiab": 217283000, "totalCurrentLiabilities": 723541000, "totalLiab": 1130880000, "commonStock": 93671000, "retainedEarnings": 2720362000, "treasuryStock": 279779000, "capitalSurplus": 319372000, "otherStockholderEquity": 279779000, "totalStockholderEquity": 3413184000, "netTangibleAssets": 3413184000}, {"maxAge": 1, "endDate": "2017-03-31", "cash": 131507000, "shortTermInvestments": 1177339000, "netReceivables": 425421000, "inventory": 416849000, "otherCurrentAssets": 132411000, "totalCurrentAssets": 2303996000, "longTermInvestments": 29145000, "propertyPlantEquipment": 1422217000, "otherAssets": 173576000, "totalAssets": 3928934000, "accountsPayable": 235204000, "shortLongTermDebt": 122072000, "otherCurrentLiab": 41302000, "longTermDebt": 307382000, "otherLiab": 238688000, "totalCurrentLiabilities": 552733000, "totalLiab": 1098803000, "commonStock": 93671000, "retainedEarnings": 2416311000, "treasuryStock": 777000, "capitalSurplus": 319372000, "otherStockholderEquity": 777000, "totalStockholderEquity": 2830131000, "netTangibleAssets": 2830131000}], "maxAge": 86400}, "earningsTrend": {"trend": [{"maxAge": 1, "period": "0q", "endDate": "2018-12-31", "growth": {}, "earningsEstimate": {"avg": 0.0, "low": 0.0, "high": 0.0, "yearAgoEps": {}, "numberOfAnalysts": 0, "growth": {}}, "revenueEstimate": {"avg": 3905170000, "low": 3905170000, "high": 3905170000, "numberOfAnalysts": 1, "yearAgoRevenue": 3502510000, "growth": 0.115}, "epsTrend": {"current": 0.0, "7daysAgo": 10.03, "30daysAgo": 10.03, "60daysAgo": 10.03, "90daysAgo": 10.03}, "epsRevisions": {"upLast7days": 0, "upLast30days": 0, "downLast30days": 0, "downLast90days": {}}}, {"maxAge": 1, "period": "+1q", "endDate": "2019-03-31", "growth": {}, "earningsEstimate": {"avg": 0.0, "low": 0.0, "high": 0.0, "yearAgoEps": {}, "numberOfAnalysts": 0, "growth": {}}, "revenueEstimate": {"avg": 0, "low": 0, "high": 0, "numberOfAnalysts": 0, "yearAgoRevenue": {}, "growth": {}}, "epsTrend": {"current": 0.0, "7daysAgo": 0.0, "30daysAgo": 0.0, "60daysAgo": 0.0, "90daysAgo": 0.0}, "epsRevisions": {"upLast7days": 0, "upLast30days": 0, "downLast30days": 0, "downLast90days": {}}}, {"maxAge": 1, "period": "0y", "endDate": "2019-03-31", "growth": {}, "earningsEstimate": {"avg": 0.0, "low": 0.0, "high": 0.0, "yearAgoEps": {}, "numberOfAnalysts": 0, "growth": {}}, "revenueEstimate": {"avg": 17546200000, "low": 17546200000, "high": 17546200000, "numberOfAnalysts": 1, "yearAgoRevenue": 15132900000, "growth": 0.159}, "epsTrend": {"current": 0.0, "7daysAgo": 44.07, "30daysAgo": 44.07, "60daysAgo": 44.07, "90daysAgo": 44.07}, "epsRevisions": {"upLast7days": 0, "upLast30days": 0, "downLast30days": 0, "downLast90days": {}}}, {"maxAge": 1, "period": "+1y", "endDate": "2020-03-31", "growth": {}, "earningsEstimate": {"avg": 0.0, "low": 0.0, "high": 0.0, "yearAgoEps": {}, "numberOfAnalysts": 0, "growth": {}}, "revenueEstimate": {"avg": 20178100000, "low": 20178100000, "high": 20178100000, "numberOfAnalysts": 1, "yearAgoRevenue": 17546200000, "growth": 0.15}, "epsTrend": {"current": 0.0, "7daysAgo": 53.28, "30daysAgo": 53.28, "60daysAgo": 53.28, "90daysAgo": 53.28}, "epsRevisions": {"upLast7days": 0, "upLast30days": 0, "downLast30days": 0, "downLast90days": {}}}, {"maxAge": 1, "period": "+5y", "endDate": null, "growth": {}, "earningsEstimate": {"avg": {}, "low": {}, "high": {}, "yearAgoEps": {}, "numberOfAnalysts": {}, "growth": {}}, "revenueEstimate": {"avg": {}, "low": {}, "high": {}, "numberOfAnalysts": {}, "yearAgoRevenue": {}, "growth": {}}, "epsTrend": {"current": {}, "7daysAgo": {}, "30daysAgo": {}, "60daysAgo": {}, "90daysAgo": {}}, "epsRevisions": {"upLast7days": {}, "upLast30days": {}, "downLast30days": {}, "downLast90days": {}}}, {"maxAge": 1, "period": "-5y", "endDate": null, "growth": {}, "earningsEstimate": {"avg": {}, "low": {}, "high": {}, "yearAgoEps": {}, "numberOfAnalysts": {}, "growth": {}}, "revenueEstimate": {"avg": {}, "low": {}, "high": {}, "numberOfAnalysts": {}, "yearAgoRevenue": {}, "growth": {}}, "epsTrend": {"current": {}, "7daysAgo": {}, "30daysAgo": {}, "60daysAgo": {}, "90daysAgo": {}}, "epsRevisions": {"upLast7days": {}, "upLast30days": {}, "downLast30days": {}, "downLast90days": {}}}], "maxAge": 1}, "institutionOwnership": {"ownershipList": [], "maxAge": 1}, "majorHoldersBreakdown": {"maxAge": 1, "insidersPercentHeld": 0.80764, "institutionsPercentHeld": 0.00227, "institutionsFloatPercentHeld": 0.011779999, "institutionsCount": 2}, "balanceSheetHistoryQuarterly": {"balanceSheetStatements": [{"maxAge": 1, "endDate": "2020-12-31", "totalStockholderEquity": 4011082000, "netTangibleAssets": 4003715000}, {"maxAge": 1, "endDate": "2020-09-30", "cash": 175784000, "shortTermInvestments": 761476000, "netReceivables": 971565000, "inventory": 880838000, "otherCurrentAssets": 297370000, "totalCurrentAssets": 3087033000, "longTermInvestments": 268840000, "propertyPlantEquipment": 1201774000, "intangibleAssets": 7367000, "otherAssets": 99884000, "totalAssets": 4664898000, "accountsPayable": 403069000, "otherCurrentLiab": 145062000, "otherLiab": 75107000, "totalCurrentLiabilities": 572693000, "totalLiab": 653816000, "commonStock": 93671000, "treasuryStock": 3917411000, "otherStockholderEquity": 3917411000, "totalStockholderEquity": 4011082000, "netTangibleAssets": 4003715000}, {"maxAge": 1, "endDate": "2020-06-30", "totalStockholderEquity": 3813048000, "netTangibleAssets": 3806743000}, {"maxAge": 1, "endDate": "2020-03-31", "cash": 177237000, "netReceivables": 703717000, "inventory": 883876000, "otherCurrentAssets": 300293000, "totalCurrentAssets": 2866066000, "longTermInvestments": 208212000, "propertyPlantEquipment": 1267308000, "intangibleAssets": 6305000, "otherAssets": 87899000, "totalAssets": 4435790000, "accountsPayable": 347324000, "otherCurrentLiab": 76323000, "otherLiab": 75285000, "totalCurrentLiabilities": 541753000, "totalLiab": 622742000, "commonStock": 93671000, "retainedEarnings": 3232255000, "treasuryStock": 167750000, "capitalSurplus": 319372000, "otherStockholderEquity": 167750000, "totalStockholderEquity": 3813048000, "netTangibleAssets": 3806743000}], "maxAge": 86400}, "earningsHistory": {"history": [{"maxAge": 1, "epsActual": {}, "epsEstimate": {}, "epsDifference": {}, "surprisePercent": {}, "quarter": {}, "period": "-4q"}, {"maxAge": 1, "epsActual": {}, "epsEstimate": {}, "epsDifference": {}, "surprisePercent": {}, "quarter": {}, "period": "-3q"}, {"maxAge": 1, "epsActual": 7.77, "epsEstimate": 7.04, "epsDifference": 0.73, "surprisePercent": 0.103999995, "quarter": "2017-06-30", "period": "-2q"}, {"maxAge": 1, "epsActual": 12.29, "epsEstimate": 14.91, "epsDifference": -2.62, "surprisePercent": -0.176, "quarter": "2018-09-30", "period": "-1q"}], "maxAge": 86400}, "summaryProfile": {"address1": "Plot No. IND-5", "address2": "Sector - 1 East Kolkata Township", "city": "Kolkata", "zip": "700107", "country": "India", "phone": "91 33 3984 9675", "fax": "91 33 2442 1003", "website": "http://www.ifbagro.in", "industry": "Beverages\u2014Wineries & Distilleries", "sector": "Consumer Defensive", "longBusinessSummary": "IFB Agro Industries Limited manufactures and distributes alcoholic beverages, and processed marine foods in India and internationally. It operates in two segments, Spirit, Liquor and Spirituous Beverages; and Marine Products. The company offers extra neutral alcohol and Indian made Indian liquor products; value-added ingredients for poultry, aqua, cattle, and swine feed; food grade carbon dioxide; dry ice; and feed nutrition boosters. It also operates aqua shops; processes and exports marine products to Belgium, France, Germany, Myanmar, Russia, Italy, Thailand, Japan, Vietnam, the United States, Canada, and the Middle East, as well as offers ready to cook and ready to fry sea food products to restaurants, hotels, and caterers. The company was incorporated in 1982 and is based in Kolkata, India.", "fullTimeEmployees": 418, "companyOfficers": [], "maxAge": 86400}, "netSharePurchaseActivity": {"maxAge": 1, "period": "6m", "buyInfoCount": 0, "buyInfoShares": 0, "sellInfoCount": 0, "netInfoCount": 0, "netInfoShares": 0, "netPercentInsiderShares": 0.0, "totalInsiderShares": 7564627}, "insiderTransactions": {"transactions": [{"maxAge": 1, "shares": 1000, "filerUrl": "", "transactionText": "", "filerName": "Nag (Bikram)", "filerRelation": "Joint Executive Chairman Of The Board", "moneyText": "", "startDate": "2017-03-31", "ownership": "D"}, {"maxAge": 1, "shares": 25500, "filerUrl": "", "transactionText": "", "filerName": "Sicgil India Ltd.", "filerRelation": "Institution- Corporation", "moneyText": "", "startDate": "2014-05-21", "ownership": "D"}, {"maxAge": 1, "shares": 362000, "filerUrl": "", "transactionText": "", "filerName": "Nurpur Gases Pvt Ltd.", "filerRelation": "Promoter", "moneyText": "", "startDate": "2014-03-13", "ownership": "D"}, {"maxAge": 1, "shares": 65810, "filerUrl": "", "transactionText": "", "filerName": "Sicgil India Ltd.", "filerRelation": "Institution- Corporation", "moneyText": "", "startDate": "2013-11-27", "ownership": "D"}, {"maxAge": 1, "shares": 41010, "filerUrl": "", "transactionText": "", "filerName": "IFB Automotive Pvt Ltd", "filerRelation": "Promoter", "moneyText": "", "startDate": "2013-08-19", "ownership": "D"}, {"maxAge": 1, "shares": 68200, "filerUrl": "", "transactionText": "", "filerName": "IFB Automotive Pvt Ltd", "filerRelation": "Promoter", "moneyText": "", "startDate": "2013-08-16", "ownership": "D"}, {"maxAge": 1, "shares": 40700, "filerUrl": "", "transactionText": "", "filerName": "IFB Automotive Pvt Ltd", "filerRelation": "Promoter", "moneyText": "", "startDate": "2013-08-12", "ownership": "D"}, {"maxAge": 1, "shares": 22000, "filerUrl": "", "transactionText": "", "filerName": "IFB Automotive Pvt Ltd", "filerRelation": "Promoter", "moneyText": "", "startDate": "2013-07-02", "ownership": "D"}, {"maxAge": 1, "shares": 40050, "filerUrl": "", "transactionText": "", "filerName": "IFB Automotive Pvt Ltd", "filerRelation": "Promoter", "moneyText": "", "startDate": "2013-06-27", "ownership": "D"}, {"maxAge": 1, "shares": 39000, "filerUrl": "", "transactionText": "", "filerName": "IFB Automotive Pvt Ltd", "filerRelation": "Promoter", "moneyText": "", "startDate": "2013-06-26", "ownership": "D"}, {"maxAge": 1, "shares": 27000, "filerUrl": "", "transactionText": "", "filerName": "IFB Automotive Pvt Ltd", "filerRelation": "Promoter", "moneyText": "", "startDate": "2013-06-24", "ownership": "D"}, {"maxAge": 1, "shares": 792555, "filerUrl": "", "transactionText": "", "filerName": "IFB Automotive Pvt Ltd", "filerRelation": "Promoter", "moneyText": "", "startDate": "2013-06-21", "ownership": "D"}, {"maxAge": 1, "shares": 235000, "filerUrl": "", "transactionText": "", "filerName": "Asansol Bottling & Packaging Company Pvt. Ltd.", "filerRelation": "Promoter", "moneyText": "", "startDate": "2013-02-22", "ownership": "D"}, {"maxAge": 1, "shares": 16000, "filerUrl": "", "transactionText": "", "filerName": "Sicgil India Ltd.", "filerRelation": "Institution- Corporation", "moneyText": "", "startDate": "2013-01-24", "ownership": "D"}, {"maxAge": 1, "shares": 200000, "filerUrl": "", "transactionText": "", "filerName": "Falcon Dealers Pvt Ltd", "filerRelation": "Institution- Corporation", "moneyText": "", "startDate": "2009-11-12", "ownership": "D"}, {"maxAge": 1, "shares": 200000, "filerUrl": "", "transactionText": "", "filerName": "IFB Automotive Pvt Ltd", "filerRelation": "Promoter", "moneyText": "", "startDate": "2009-11-12", "ownership": "D"}, {"maxAge": 1, "shares": 385000, "filerUrl": "", "transactionText": "", "filerName": "Divine Commotrade Pvt Ltd", "filerRelation": "Institution- Corporation", "moneyText": "", "startDate": "2009-11-05", "ownership": "D"}, {"maxAge": 1, "shares": 385000, "filerUrl": "", "transactionText": "", "filerName": "Midelec Marketing Pvt Ltd", "filerRelation": "Institution- Corporation", "moneyText": "", "startDate": "2009-11-05", "ownership": "D"}, {"maxAge": 1, "shares": 457720, "filerUrl": "", "transactionText": "", "filerName": "Midelec Marketing Pvt Ltd", "filerRelation": "Institution- Corporation", "moneyText": "", "startDate": "2009-11-05", "ownership": "D"}, {"maxAge": 1, "shares": 1624720, "filerUrl": "", "transactionText": "", "filerName": "IFB Automotive Pvt Ltd", "filerRelation": "Promoter", "moneyText": "", "startDate": "2009-11-05", "ownership": "D"}, {"maxAge": 1, "shares": 781850, "filerUrl": "", "transactionText": "", "filerName": "IFB Pvt Ltd", "filerRelation": "Institution- Corporation", "moneyText": "", "startDate": "2009-11-05", "ownership": "D"}, {"maxAge": 1, "shares": 457870, "filerUrl": "", "transactionText": "", "filerName": "Divine Commotrade Pvt Ltd", "filerRelation": "Institution- Corporation", "moneyText": "", "startDate": "2009-11-05", "ownership": "D"}, {"maxAge": 1, "shares": 457870, "filerUrl": "", "transactionText": "", "filerName": "Divine Commotrade Pvt Ltd", "filerRelation": "Institution- Corporation", "moneyText": "", "startDate": "2009-11-05", "ownership": "D"}], "maxAge": 1}, "sectorTrend": {"maxAge": 1, "symbol": null, "estimates": []}, "incomeStatementHistoryQuarterly": {"incomeStatementHistory": [{"maxAge": 1, "endDate": "2020-12-31", "totalRevenue": 2016592000, "costOfRevenue": 1303623000, "grossProfit": 712969000, "researchDevelopment": {}, "sellingGeneralAdministrative": 121731000, "nonRecurring": {}, "otherOperatingExpenses": 387178000, "totalOperatingExpenses": 1850121000, "operatingIncome": 166471000, "totalOtherIncomeExpenseNet": 63032000, "ebit": 166471000, "interestExpense": -323000, "incomeBeforeTax": 229503000, "incomeTaxExpense": 59785000, "minorityInterest": {}, "netIncomeFromContinuingOps": 169718000, "discontinuedOperations": {}, "extraordinaryItems": {}, "effectOfAccountingCharges": {}, "otherItems": {}, "netIncome": 169718000, "netIncomeApplicableToCommonShares": 169718000}, {"maxAge": 1, "endDate": "2020-09-30", "totalRevenue": 2094783000, "costOfRevenue": 1374844000, "grossProfit": 719939000, "researchDevelopment": {}, "sellingGeneralAdministrative": 118555000, "nonRecurring": {}, "otherOperatingExpenses": 400355000, "totalOperatingExpenses": 1930822000, "operatingIncome": 163961000, "totalOtherIncomeExpenseNet": 29535000, "ebit": 163961000, "interestExpense": -637000, "incomeBeforeTax": 193496000, "incomeTaxExpense": 26744000, "minorityInterest": {}, "netIncomeFromContinuingOps": 166752000, "discontinuedOperations": {}, "extraordinaryItems": {}, "effectOfAccountingCharges": {}, "otherItems": {}, "netIncome": 166752000, "netIncomeApplicableToCommonShares": 166752000}, {"maxAge": 1, "endDate": "2020-06-30", "totalRevenue": 970520000, "costOfRevenue": 707469000, "grossProfit": 263051000, "researchDevelopment": {}, "sellingGeneralAdministrative": 106687000, "nonRecurring": {}, "otherOperatingExpenses": 178629000, "totalOperatingExpenses": 1029078000, "operatingIncome": -58558000, "totalOtherIncomeExpenseNet": 40067000, "ebit": -58558000, "interestExpense": -322000, "incomeBeforeTax": -18491000, "incomeTaxExpense": -1463000, "minorityInterest": {}, "netIncomeFromContinuingOps": -17028000, "discontinuedOperations": {}, "extraordinaryItems": {}, "effectOfAccountingCharges": {}, "otherItems": {}, "netIncome": -17028000, "netIncomeApplicableToCommonShares": -17028000}, {"maxAge": 1, "endDate": "2020-03-31", "totalRevenue": 1982265000, "costOfRevenue": 1499680000, "grossProfit": 482585000, "researchDevelopment": {}, "sellingGeneralAdministrative": 263333000, "nonRecurring": {}, "otherOperatingExpenses": 216070000, "totalOperatingExpenses": 2029921000, "operatingIncome": -47656000, "totalOtherIncomeExpenseNet": -19460000, "ebit": -47656000, "interestExpense": -4250000, "incomeBeforeTax": -67116000, "incomeTaxExpense": -56101000, "minorityInterest": {}, "netIncomeFromContinuingOps": -11015000, "discontinuedOperations": {}, "extraordinaryItems": {}, "effectOfAccountingCharges": {}, "otherItems": {}, "netIncome": -11015000, "netIncomeApplicableToCommonShares": -11015000}], "maxAge": 86400}, "cashflowStatementHistoryQuarterly": {"cashflowStatements": [{"maxAge": 1, "endDate": "2020-12-31", "netIncome": 169718000, "changeToLiabilities": 0}, {"maxAge": 1, "endDate": "2020-09-30", "netIncome": 166752000, "changeToLiabilities": 0}, {"maxAge": 1, "endDate": "2020-06-30", "netIncome": -17028000, "changeToLiabilities": 0}, {"maxAge": 1, "endDate": "2020-03-31", "netIncome": -11015000, "changeToLiabilities": 0}], "maxAge": 86400}, "earnings": {"maxAge": 86400, "earningsChart": {"quarterly": [{"date": "2Q2017", "actual": 7.77, "estimate": 7.04}, {"date": "3Q2018", "actual": 12.29, "estimate": 14.91}], "currentQuarterEstimateDate": "4Q", "currentQuarterEstimateYear": 2018, "earningsDate": ["2021-01-29 05:30:S"]}, "financialsChart": {"yearly": [{"date": 2017, "revenue": 8293085000, "earnings": 320628000}, {"date": 2018, "revenue": 8928806000, "earnings": 286282000}, {"date": 2019, "revenue": 9452151000, "earnings": 313630000}, {"date": 2020, "revenue": 9858009000, "earnings": 222056000}], "quarterly": [{"date": "1Q2020", "revenue": 1982265000, "earnings": -11015000}, {"date": "2Q2020", "revenue": 970520000, "earnings": -17028000}, {"date": "3Q2020", "revenue": 2094783000, "earnings": 166752000}, {"date": "4Q2020", "revenue": 2016592000, "earnings": 169718000}]}, "financialCurrency": "INR"}, "financialData": {"maxAge": 86400, "currentPrice": 418.2, "targetHighPrice": 435.0, "targetLowPrice": 435.0, "targetMeanPrice": 435.0, "targetMedianPrice": 435.0, "recommendationKey": "none", "numberOfAnalystOpinions": 1, "totalCash": 937260032, "totalCashPerShare": 100.067, "ebitda": 393505984, "totalDebt": 30578000, "totalRevenue": 7064160256, "debtToEquity": 0.762, "revenuePerShare": 754.145, "grossProfits": 2500343000, "earningsGrowth": 1.809, "revenueGrowth": -0.219, "grossMargins": 0.30839002, "ebitdaMargins": 0.0557, "operatingMargins": 0.03174, "profitMargins": 0.04366, "financialCurrency": "INR"}}}