{"IFBIND.NS": {"assetProfile": {"address1": "Plot No. IND-5", "address2": "Sector - I East Kolkata Township", "city": "Kolkata", "zip": "700107", "country": "India", "phone": "91 33 3984 9475", "fax": "91 33 3984 9676", "website": "http://www.ifbindustries.com", "industry": "Consumer Electronics", "sector": "Technology", "longBusinessSummary": "IFB Industries Limited, together with its subsidiaries, manufactures and trades in home appliances primarily in India. It offers domestic washing machines, microwave ovens, domestic and industrial dishwashers, clothes dryers, and modular kitchens; kitchen appliances, such as hobs, chimneys, and built-in ovens; air conditioners; and industrial washing systems, including dry cleaning and other finishing equipment. The company also provides a range of parts and accessories for motor vehicles, etc.; and fine blanked components and cold rolled steel sheets, as well as tools and related machine tools, such as straighteners, decoilers, strip loaders, and others. In addition, it exports its products. The company was formerly known as Indian Fine Blanks Limited. IFB Industries Limited was founded in 1974 and is based in Kolkata, India.", "fullTimeEmployees": 2322, "companyOfficers": [{"maxAge": 1, "name": "Mr. Bijon  Nag", "age": 78, "title": "Exec. Chairman", "yearBorn": 1942, "fiscalYear": 2020, "totalPay": 16319488, "exercisedValue": 0, "unexercisedValue": 0}, {"maxAge": 1, "name": "Mr. Bikramjit  Nag B.B.A., BBA", "age": 47, "title": "Joint Exec. Chairman & MD", "yearBorn": 1973, "fiscalYear": 2020, "totalPay": 9394600, "exercisedValue": 0, "unexercisedValue": 0}, {"maxAge": 1, "name": "Mr. Prabir  Chatterjee", "age": 65, "title": "CFO & Exec. Director", "yearBorn": 1955, "fiscalYear": 2020, "totalPay": 9225834, "exercisedValue": 0, "unexercisedValue": 0}, {"maxAge": 1, "name": "Mr. Goutam Ray Chowdhury", "title": "Compliance Officer & Company Sec.", "fiscalYear": 2020, "totalPay": 7669090, "exercisedValue": 0, "unexercisedValue": 0}, {"maxAge": 1, "name": "Mr. Raj Shankar Ray", "age": 51, "title": "MD & CEO of Home Appliances Division and Additional Director", "yearBorn": 1969, "fiscalYear": 2020, "totalPay": 9852965, "exercisedValue": 0, "unexercisedValue": 0}, {"maxAge": 1, "name": "Mr. Partha  Sen", "age": 68, "title": "MD & CEO of Engineering Division and Additional Director", "yearBorn": 1952, "fiscalYear": 2020, "totalPay": 10200028, "exercisedValue": 0, "unexercisedValue": 0}, {"maxAge": 1, "name": "Mr. Soumitra  Goswami", "title": "Gen. Mang. of Accounts & Fin.", "exercisedValue": 0, "unexercisedValue": 0}, {"maxAge": 1, "name": "Mr. Sujan Kumar Ghosh Dastidar", "title": "Pres of Legal", "exercisedValue": 0, "unexercisedValue": 0}, {"maxAge": 1, "name": "Ms. Souravi  Sinha", "title": "Gen. Mang. of Human Resource Corp.", "exercisedValue": 0, "unexercisedValue": 0}, {"maxAge": 1, "name": "Mr. B. M. Shetye", "title": "Sr. VP of Sustainability - Home Appliances Division", "exercisedValue": 0, "unexercisedValue": 0}], "compensationAsOfEpochDate": "2020-12-31 05:30:00", "maxAge": 86400}, "recommendationTrend": {"trend": [{"period": "0m", "strongBuy": 0, "buy": 0, "hold": 0, "sell": 0, "strongSell": 0}, {"period": "-1m", "strongBuy": 0, "buy": 2, "hold": 1, "sell": 0, "strongSell": 0}, {"period": "-2m", "strongBuy": 0, "buy": 2, "hold": 1, "sell": 0, "strongSell": 0}, {"period": "-3m", "strongBuy": 0, "buy": 2, "hold": 1, "sell": 0, "strongSell": 0}], "maxAge": 86400}, "cashflowStatementHistory": {"cashflowStatements": [{"maxAge": 1, "endDate": "2020-03-31", "netIncome": 274100000, "depreciation": 878700000, "changeToNetincome": 89500000, "changeToAccountReceivables": 135800000, "changeToLiabilities": 342300000, "changeToInventory": 114400000, "totalCashFromOperatingActivities": 1875600000, "capitalExpenditures": -2235300000, "investments": -1171500000, "otherCashflowsFromInvestingActivities": 30500000, "totalCashflowsFromInvestingActivities": -3740900000, "netBorrowings": 2276500000, "otherCashflowsFromFinancingActivities": -81800000, "totalCashFromFinancingActivities": 2194700000, "effectOfExchangeRate": 2900000, "changeInCash": 332300000}, {"maxAge": 1, "endDate": "2019-03-31", "netIncome": 729500000, "depreciation": 530700000, "changeToNetincome": -283400000, "changeToAccountReceivables": -524200000, "changeToLiabilities": 796000000, "changeToInventory": -847000000, "totalCashFromOperatingActivities": 446400000, "capitalExpenditures": -682600000, "investments": 465600000, "otherCashflowsFromInvestingActivities": 215900000, "totalCashflowsFromInvestingActivities": -335500000, "netBorrowings": -8900000, "otherCashflowsFromFinancingActivities": -43300000, "totalCashFromFinancingActivities": -52200000, "effectOfExchangeRate": 700000, "changeInCash": 59400000}, {"maxAge": 1, "endDate": "2018-03-31", "netIncome": 809700000, "depreciation": 490700000, "changeToNetincome": 85100000, "changeToAccountReceivables": -642700000, "changeToLiabilities": 1198500000, "changeToInventory": -743800000, "totalCashFromOperatingActivities": 1244900000, "capitalExpenditures": -427900000, "investments": -348600000, "otherCashflowsFromInvestingActivities": 15000000, "totalCashflowsFromInvestingActivities": -921300000, "netBorrowings": -86600000, "otherCashflowsFromFinancingActivities": -42200000, "totalCashFromFinancingActivities": -128800000, "effectOfExchangeRate": 700000, "changeInCash": 200300000}, {"maxAge": 1, "endDate": "2017-03-31", "netIncome": 532700000, "depreciation": 424700000, "changeToNetincome": -34300000, "changeToAccountReceivables": -318500000, "changeToLiabilities": 483000000, "changeToInventory": -257300000, "totalCashFromOperatingActivities": 847900000, "capitalExpenditures": -638700000, "investments": -324900000, "otherCashflowsFromInvestingActivities": 11500000, "totalCashflowsFromInvestingActivities": -952000000, "netBorrowings": 124100000, "otherCashflowsFromFinancingActivities": -38900000, "totalCashFromFinancingActivities": 85200000, "effectOfExchangeRate": 700000, "changeInCash": -18900000}], "maxAge": 86400}, "indexTrend": {"maxAge": 1, "symbol": "SP5", "peRatio": 19.7411, "pegRatio": 1.34172, "estimates": [{"period": "0q", "growth": 0.549}, {"period": "+1q", "growth": 0.431}, {"period": "0y", "growth": 0.305}, {"period": "+1y", "growth": 0.109}, {"period": "+5y", "growth": 0.120865}, {"period": "-5y"}]}, "defaultKeyStatistics": {"maxAge": 1, "priceHint": 2, "enterpriseValue": 39409176576, "profitMargins": 0.014520001, "floatShares": 5425518, "sharesOutstanding": 40518800, "heldPercentInsiders": 0.85663, "heldPercentInstitutions": 0.021270001, "beta": 1.773869, "category": null, "bookValue": 155.721, "priceToBook": 6.3180304, "fundFamily": null, "legalType": null, "lastFiscalYearEnd": "2020-03-31 05:30:00", "nextFiscalYearEnd": "2022-03-31 05:30:00", "mostRecentQuarter": "2020-12-31 05:30:00", "earningsQuarterlyGrowth": 3.63, "netIncomeToCommon": 360400000, "trailingEps": 8.89, "forwardEps": 18.65, "lastSplitFactor": null, "enterpriseToRevenue": 1.587, "enterpriseToEbitda": 37.345}, "industryTrend": {"maxAge": 1, "symbol": null, "estimates": []}, "quoteType": {"exchange": "NSI", "quoteType": "EQUITY", "symbol": "IFBIND.NS", "underlyingSymbol": "IFBIND.NS", "shortName": "IFB INDUSTRIES LTD", "longName": "IFB Industries Limited", "firstTradeDateEpochUtc": "2002-07-01 09:15:00", "timeZoneFullName": "Asia/Kolkata", "timeZoneShortName": "IST", "uuid": "fc963e26-5570-39c1-8acf-23c6f08418e1", "gmtOffSetMilliseconds": 19800000, "maxAge": 1}, "incomeStatementHistory": {"incomeStatementHistory": [{"maxAge": 1, "endDate": "2020-03-31", "totalRevenue": 26369700000, "costOfRevenue": 15150700000, "grossProfit": 11219000000, "researchDevelopment": {}, "sellingGeneralAdministrative": 4886500000, "nonRecurring": {}, "otherOperatingExpenses": 5115600000, "totalOperatingExpenses": 26072300000, "operatingIncome": 297400000, "totalOtherIncomeExpenseNet": -29900000, "ebit": 297400000, "interestExpense": -83400000, "incomeBeforeTax": 267500000, "incomeTaxExpense": 9800000, "minorityInterest": 4000000, "netIncomeFromContinuingOps": 257700000, "discontinuedOperations": {}, "extraordinaryItems": {}, "effectOfAccountingCharges": {}, "otherItems": {}, "netIncome": 274100000, "netIncomeApplicableToCommonShares": 274100000}, {"maxAge": 1, "endDate": "2019-03-31", "totalRevenue": 26570700000, "costOfRevenue": 15858300000, "grossProfit": 10712400000, "researchDevelopment": {}, "sellingGeneralAdministrative": 4540800000, "nonRecurring": {}, "otherOperatingExpenses": 4891500000, "totalOperatingExpenses": 25866100000, "operatingIncome": 704600000, "totalOtherIncomeExpenseNet": 236600000, "ebit": 704600000, "interestExpense": -55500000, "incomeBeforeTax": 941200000, "incomeTaxExpense": 230400000, "minorityInterest": 20700000, "netIncomeFromContinuingOps": 710800000, "discontinuedOperations": {}, "extraordinaryItems": {}, "effectOfAccountingCharges": {}, "otherItems": {}, "netIncome": 729500000, "netIncomeApplicableToCommonShares": 729500000}, {"maxAge": 1, "endDate": "2018-03-31", "totalRevenue": 22204500000, "costOfRevenue": 12690200000, "grossProfit": 9514300000, "researchDevelopment": {}, "sellingGeneralAdministrative": 3744200000, "nonRecurring": {}, "otherOperatingExpenses": 4180000000, "totalOperatingExpenses": 21152500000, "operatingIncome": 1052000000, "totalOtherIncomeExpenseNet": 99400000, "ebit": 1052000000, "interestExpense": -41600000, "incomeBeforeTax": 1151400000, "incomeTaxExpense": 358600000, "minorityInterest": 39400000, "netIncomeFromContinuingOps": 792800000, "discontinuedOperations": {}, "extraordinaryItems": {}, "effectOfAccountingCharges": {}, "otherItems": {}, "netIncome": 809700000, "netIncomeApplicableToCommonShares": 809700000}, {"maxAge": 1, "endDate": "2017-03-31", "totalRevenue": 17584400000, "costOfRevenue": 10316000000, "grossProfit": 7268400000, "researchDevelopment": {}, "sellingGeneralAdministrative": 2777200000, "nonRecurring": {}, "otherOperatingExpenses": 3481500000, "totalOperatingExpenses": 17017000000, "operatingIncome": 567400000, "totalOtherIncomeExpenseNet": 79100000, "ebit": 567400000, "interestExpense": -51900000, "incomeBeforeTax": 646500000, "incomeTaxExpense": 131000000, "minorityInterest": 56700000, "netIncomeFromContinuingOps": 515500000, "discontinuedOperations": {}, "extraordinaryItems": {}, "effectOfAccountingCharges": {}, "otherItems": {}, "netIncome": 532700000, "netIncomeApplicableToCommonShares": 532700000}], "maxAge": 86400}, "fundOwnership": {"ownershipList": [{"maxAge": 1, "reportDate": "2020-12-31", "organization": "Matthews International Fds-Matthews Asia Small Companies Fd", "pctHeld": 0.006, "position": 243339, "value": 284341621}, {"maxAge": 1, "reportDate": "2021-01-31", "organization": "DFA Emerging Markets Small Cap Series", "pctHeld": 0.0011999999, "position": 47316, "value": 65090255}, {"maxAge": 1, "reportDate": "2021-01-31", "organization": "DFA Emerging Markets Core Equity Portfolio", "pctHeld": 0.0007, "position": 27979, "value": 38489311}, {"maxAge": 1, "reportDate": "2021-03-31", "organization": "SPDR Portfolio Emerging Markets ETF", "pctHeld": 0.00029999999, "position": 11005, "value": 12232607}, {"maxAge": 1, "reportDate": "2021-01-31", "organization": "DFA Investment Dimensions-Emerging Markets Social Core Equity", "pctHeld": 0.0001, "position": 4858, "value": 6682907}, {"maxAge": 1, "reportDate": "2021-01-31", "organization": "DFA T.A. World Ex U.S. Core Equity Portfolio", "pctHeld": 0.0001, "position": 2668, "value": 3670234}], "maxAge": 1}, "summaryDetail": {"maxAge": 1, "priceHint": 2, "previousClose": 995.65, "open": 990.0, "dayLow": 975.0, "dayHigh": 1008.0, "regularMarketPreviousClose": 995.65, "regularMarketOpen": 990.0, "regularMarketDayLow": 975.0, "regularMarketDayHigh": 1008.0, "payoutRatio": 0.0, "beta": 1.773869, "trailingPE": 110.66928, "forwardPE": 52.75335, "volume": 59145, "regularMarketVolume": 59145, "averageVolume": 69574, "averageVolume10days": 167832, "averageDailyVolume10Day": 167832, "bid": 0.0, "ask": 0.0, "bidSize": 0, "askSize": 0, "marketCap": 39842381824, "fiftyTwoWeekLow": 270.0, "fiftyTwoWeekHigh": 1502.9, "priceToSalesTrailing12Months": 1.604891, "fiftyDayAverage": 1157.4426, "twoHundredDayAverage": 999.1454, "currency": "INR", "fromCurrency": null, "lastMarket": null, "algorithm": null, "tradeable": false}, "insiderHolders": {"holders": [{"maxAge": 1, "name": "Asansol Bottling & Packaging Company Pvt. Ltd.", "relation": "Promoter", "url": "", "transactionDescription": "Acquisition", "latestTransDate": "2012-06-11", "positionDirect": 3366428, "positionDirectDate": "2012-06-11"}, {"maxAge": 1, "name": "CPL Industries, Ltd.", "relation": "Institution- Corporation", "url": "", "transactionDescription": "Sale", "latestTransDate": "2009-11-23", "positionDirect": 74813, "positionDirectDate": "2009-11-23"}, {"maxAge": 1, "name": "Chatterjee (Prabir)", "relation": "Chief Financial Officer", "url": "", "transactionDescription": "Sale", "latestTransDate": "2018-01-05", "positionDirect": 18670, "positionDirectDate": "2018-01-05"}, {"maxAge": 1, "name": "Chowdhury (Goutam Ray)", "relation": "Company Secretary", "url": "", "transactionDescription": "Sale", "latestTransDate": "2018-01-05", "positionDirect": 18228, "positionDirectDate": "2018-01-05"}, {"maxAge": 1, "name": "Divine Commotrade Pvt Ltd", "relation": "Institution- Corporation", "url": "", "transactionDescription": "Acquisition", "latestTransDate": "2009-11-23", "positionDirect": 1675886, "positionDirectDate": "2009-11-23"}, {"maxAge": 1, "name": "Falcon Dealers Pvt Ltd", "relation": "Institution- Corporation", "url": "", "transactionDescription": "Acquisition", "latestTransDate": "2009-11-23", "positionDirect": 210575, "positionDirectDate": "2009-11-23"}, {"maxAge": 1, "name": "IFB Pvt Ltd", "relation": "Institution- Corporation", "url": "", "transactionDescription": "Acquisition", "latestTransDate": "2009-11-23", "positionDirect": 2623995, "positionDirectDate": "2009-11-23"}, {"maxAge": 1, "name": "Midelec Marketing Pvt Ltd", "relation": "Institution- Corporation", "url": "", "transactionDescription": "Acquisition", "latestTransDate": "2009-11-10", "positionDirect": 1500000, "positionDirectDate": "2009-11-10"}, {"maxAge": 1, "name": "Zenith Investments Ltd", "relation": "Institution- Corporation", "url": "", "transactionDescription": "Sale", "latestTransDate": "2009-11-23", "positionDirectDate": "2009-11-23"}], "maxAge": 1}, "calendarEvents": {"maxAge": 1, "earnings": {"earningsDate": ["2021-02-03 05:30:S"], "revenueAverage": 6429000000, "revenueLow": 6429000000, "revenueHigh": 6429000000}}, "upgradeDowngradeHistory": {"history": [], "maxAge": 86400}, "price": {"maxAge": 1, "regularMarketChangePercent": -0.011851603, "regularMarketChange": -11.800049, "regularMarketTime": "2021-04-30 15:29:55", "priceHint": 2, "regularMarketPrice": 983.85, "regularMarketDayHigh": 1008.0, "regularMarketDayLow": 975.0, "regularMarketVolume": 59145, "averageDailyVolume10Day": 167832, "averageDailyVolume3Month": 69574, "regularMarketPreviousClose": 995.65, "regularMarketSource": "FREE_REALTIME", "regularMarketOpen": 990.0, "exchange": "NSI", "exchangeName": "NSE", "exchangeDataDelayedBy": 15, "marketState": "CLOSED", "quoteType": "EQUITY", "symbol": "IFBIND.NS", "underlyingSymbol": null, "shortName": "IFB INDUSTRIES LTD", "longName": "IFB Industries Limited", "currency": "INR", "quoteSourceName": "Delayed Quote", "currencySymbol": "\u20b9", "fromCurrency": null, "lastMarket": null, "marketCap": 39842381824}, "balanceSheetHistory": {"balanceSheetStatements": [{"maxAge": 1, "endDate": "2020-03-31", "cash": 1048700000, "shortTermInvestments": 194900000, "netReceivables": 2059500000, "inventory": 3990400000, "otherCurrentAssets": 553400000, "totalCurrentAssets": 9427700000, "longTermInvestments": 100000, "propertyPlantEquipment": 5684100000, "goodWill": 238100000, "intangibleAssets": 421000000, "otherAssets": 875700000, "totalAssets": 16646700000, "accountsPayable": 4762100000, "shortLongTermDebt": 87800000, "otherCurrentLiab": 722600000, "longTermDebt": 2537200000, "otherLiab": 937500000, "minorityInterest": 4000000, "totalCurrentLiabilities": 6264300000, "totalLiab": 10180300000, "commonStock": 405200000, "treasuryStock": 6057200000, "otherStockholderEquity": 6057200000, "totalStockholderEquity": 6462400000, "netTangibleAssets": 5803300000}, {"maxAge": 1, "endDate": "2019-03-31", "cash": 716400000, "shortTermInvestments": 242000000, "netReceivables": 2497800000, "inventory": 4065700000, "otherCurrentAssets": 364700000, "totalCurrentAssets": 8200500000, "longTermInvestments": 2100000, "propertyPlantEquipment": 3240300000, "goodWill": 233000000, "intangibleAssets": 344700000, "otherAssets": 662700000, "totalAssets": 12683300000, "accountsPayable": 4574100000, "shortLongTermDebt": 99000000, "otherCurrentLiab": 690700000, "longTermDebt": 61400000, "otherLiab": 749000000, "minorityInterest": 20700000, "totalCurrentLiabilities": 5668300000, "totalLiab": 6478700000, "commonStock": 405200000, "treasuryStock": 5778700000, "otherStockholderEquity": 5778700000, "totalStockholderEquity": 6183900000, "netTangibleAssets": 5606200000}, {"maxAge": 1, "endDate": "2018-03-31", "cash": 657000000, "shortTermInvestments": 4700000, "netReceivables": 1881000000, "inventory": 3190700000, "otherCurrentAssets": 677700000, "totalCurrentAssets": 7337800000, "longTermInvestments": 1500000, "propertyPlantEquipment": 3144400000, "goodWill": 94300000, "intangibleAssets": 218600000, "otherAssets": 379900000, "totalAssets": 11176500000, "accountsPayable": 3854600000, "shortLongTermDebt": 87200000, "otherCurrentLiab": 604700000, "longTermDebt": 134100000, "otherLiab": 615700000, "minorityInterest": 39400000, "totalCurrentLiabilities": 4908000000, "totalLiab": 5657800000, "commonStock": 405200000, "treasuryStock": 5074100000, "otherStockholderEquity": 5074100000, "totalStockholderEquity": 5479300000, "netTangibleAssets": 5166400000}, {"maxAge": 1, "endDate": "2017-03-31", "cash": 456700000, "shortTermInvestments": 4500000, "netReceivables": 1452200000, "inventory": 2485200000, "otherCurrentAssets": 253700000, "totalCurrentAssets": 5193700000, "longTermInvestments": 500000, "propertyPlantEquipment": 3144400000, "goodWill": 42600000, "intangibleAssets": 247700000, "otherAssets": 478000000, "deferredLongTermAssetCharges": 42000000, "totalAssets": 9106900000, "accountsPayable": 2720400000, "shortLongTermDebt": 62500000, "otherCurrentLiab": 521000000, "longTermDebt": 187500000, "otherLiab": 394100000, "minorityInterest": 56700000, "totalCurrentLiabilities": 3772400000, "totalLiab": 4354000000, "commonStock": 405200000, "treasuryStock": 4291000000, "otherStockholderEquity": 4291000000, "totalStockholderEquity": 4696200000, "netTangibleAssets": 4405900000}], "maxAge": 86400}, "earningsTrend": {"trend": [{"maxAge": 1, "period": "0q", "endDate": "2018-12-31", "growth": {}, "earningsEstimate": {"avg": 0.0, "low": 0.0, "high": 0.0, "yearAgoEps": 4.6, "numberOfAnalysts": 0, "growth": {}}, "revenueEstimate": {"avg": 6429000000, "low": 6429000000, "high": 6429000000, "numberOfAnalysts": 1, "yearAgoRevenue": 5317400000, "growth": 0.20899999}, "epsTrend": {"current": 0.0, "7daysAgo": 6.29, "30daysAgo": 6.29, "60daysAgo": 6.29, "90daysAgo": 6.29}, "epsRevisions": {"upLast7days": 0, "upLast30days": 0, "downLast30days": 0, "downLast90days": {}}}, {"maxAge": 1, "period": "+1q", "endDate": "2019-03-31", "growth": {}, "earningsEstimate": {"avg": 0.0, "low": 0.0, "high": 0.0, "yearAgoEps": 5.1, "numberOfAnalysts": 0, "growth": {}}, "revenueEstimate": {"avg": 6293000000, "low": 6293000000, "high": 6293000000, "numberOfAnalysts": 1, "yearAgoRevenue": 5231100000, "growth": 0.203}, "epsTrend": {"current": 0.0, "7daysAgo": 6.1, "30daysAgo": 6.1, "60daysAgo": 6.1, "90daysAgo": 6.1}, "epsRevisions": {"upLast7days": 0, "upLast30days": 0, "downLast30days": 0, "downLast90days": {}}}, {"maxAge": 1, "period": "0y", "endDate": "2019-03-31", "growth": {}, "earningsEstimate": {"avg": 0.0, "low": 0.0, "high": 0.0, "yearAgoEps": {}, "numberOfAnalysts": 0, "growth": {}}, "revenueEstimate": {"avg": 25282600000, "low": 24881000000, "high": 25866000000, "numberOfAnalysts": 4, "yearAgoRevenue": 21485100000, "growth": 0.177}, "epsTrend": {"current": 0.0, "7daysAgo": 22.25, "30daysAgo": 22.25, "60daysAgo": 22.25, "90daysAgo": 22.25}, "epsRevisions": {"upLast7days": 0, "upLast30days": 0, "downLast30days": 0, "downLast90days": {}}}, {"maxAge": 1, "period": "+1y", "endDate": "2020-03-31", "growth": {}, "earningsEstimate": {"avg": 0.0, "low": 0.0, "high": 0.0, "yearAgoEps": {}, "numberOfAnalysts": 0, "growth": {}}, "revenueEstimate": {"avg": 29994900000, "low": 29196600000, "high": 30731000000, "numberOfAnalysts": 4, "yearAgoRevenue": 25282600000, "growth": 0.186}, "epsTrend": {"current": 0.0, "7daysAgo": 31.69, "30daysAgo": 31.69, "60daysAgo": 31.69, "90daysAgo": 31.69}, "epsRevisions": {"upLast7days": 0, "upLast30days": 0, "downLast30days": 0, "downLast90days": {}}}, {"maxAge": 1, "period": "+5y", "endDate": null, "growth": {}, "earningsEstimate": {"avg": {}, "low": {}, "high": {}, "yearAgoEps": {}, "numberOfAnalysts": {}, "growth": {}}, "revenueEstimate": {"avg": {}, "low": {}, "high": {}, "numberOfAnalysts": {}, "yearAgoRevenue": {}, "growth": {}}, "epsTrend": {"current": {}, "7daysAgo": {}, "30daysAgo": {}, "60daysAgo": {}, "90daysAgo": {}}, "epsRevisions": {"upLast7days": {}, "upLast30days": {}, "downLast30days": {}, "downLast90days": {}}}, {"maxAge": 1, "period": "-5y", "endDate": null, "growth": {}, "earningsEstimate": {"avg": {}, "low": {}, "high": {}, "yearAgoEps": {}, "numberOfAnalysts": {}, "growth": {}}, "revenueEstimate": {"avg": {}, "low": {}, "high": {}, "numberOfAnalysts": {}, "yearAgoRevenue": {}, "growth": {}}, "epsTrend": {"current": {}, "7daysAgo": {}, "30daysAgo": {}, "60daysAgo": {}, "90daysAgo": {}}, "epsRevisions": {"upLast7days": {}, "upLast30days": {}, "downLast30days": {}, "downLast90days": {}}}], "maxAge": 1}, "institutionOwnership": {"ownershipList": [], "maxAge": 1}, "majorHoldersBreakdown": {"maxAge": 1, "insidersPercentHeld": 0.85663, "institutionsPercentHeld": 0.021270001, "institutionsFloatPercentHeld": 0.14833, "institutionsCount": 10}, "balanceSheetHistoryQuarterly": {"balanceSheetStatements": [{"maxAge": 1, "endDate": "2020-12-31", "totalStockholderEquity": 6306000000, "netTangibleAssets": 5677700000}, {"maxAge": 1, "endDate": "2020-09-30", "cash": 1712500000, "shortTermInvestments": 2637600000, "netReceivables": 2427400000, "inventory": 3239800000, "otherCurrentAssets": 662100000, "totalCurrentAssets": 10679400000, "longTermInvestments": 200100000, "propertyPlantEquipment": 5917200000, "goodWill": 236600000, "intangibleAssets": 391700000, "otherAssets": 475100000, "totalAssets": 17900100000, "accountsPayable": 5937400000, "otherCurrentLiab": 1219900000, "longTermDebt": 2406700000, "otherLiab": 1032500000, "minorityInterest": -13100000, "totalCurrentLiabilities": 7791300000, "totalLiab": 11607200000, "commonStock": 412800000, "treasuryStock": 5893200000, "otherStockholderEquity": 5893200000, "totalStockholderEquity": 6306000000, "netTangibleAssets": 5677700000}, {"maxAge": 1, "endDate": "2020-06-30", "totalStockholderEquity": 6462400000, "netTangibleAssets": 5803300000}, {"maxAge": 1, "endDate": "2020-03-31", "cash": 1048700000, "shortTermInvestments": 194900000, "netReceivables": 2059500000, "inventory": 3990400000, "otherCurrentAssets": 553400000, "totalCurrentAssets": 9427700000, "longTermInvestments": 100000, "propertyPlantEquipment": 5684100000, "goodWill": 238100000, "intangibleAssets": 421000000, "otherAssets": 875700000, "totalAssets": 16646700000, "accountsPayable": 4762100000, "shortLongTermDebt": 87800000, "otherCurrentLiab": 722600000, "longTermDebt": 2537200000, "otherLiab": 937500000, "minorityInterest": 4000000, "totalCurrentLiabilities": 6264300000, "totalLiab": 10180300000, "commonStock": 405200000, "treasuryStock": 6057200000, "otherStockholderEquity": 6057200000, "totalStockholderEquity": 6462400000, "netTangibleAssets": 5803300000}], "maxAge": 86400}, "earningsHistory": {"history": [{"maxAge": 1, "epsActual": 4.6, "epsEstimate": 6.77, "epsDifference": -2.17, "surprisePercent": -0.32099998, "quarter": "2017-12-31", "period": "-4q"}, {"maxAge": 1, "epsActual": 5.1, "epsEstimate": 4.32, "epsDifference": 0.78, "surprisePercent": 0.18100001, "quarter": "2018-03-31", "period": "-3q"}, {"maxAge": 1, "epsActual": 3.49, "epsEstimate": 6.87, "epsDifference": -3.38, "surprisePercent": -0.492, "quarter": "2018-06-30", "period": "-2q"}, {"maxAge": 1, "epsActual": 12.25, "epsEstimate": 7.04, "epsDifference": 5.21, "surprisePercent": 0.74, "quarter": "2018-09-30", "period": "-1q"}], "maxAge": 86400}, "summaryProfile": {"address1": "Plot No. IND-5", "address2": "Sector - I East Kolkata Township", "city": "Kolkata", "zip": "700107", "country": "India", "phone": "91 33 3984 9475", "fax": "91 33 3984 9676", "website": "http://www.ifbindustries.com", "industry": "Consumer Electronics", "sector": "Technology", "longBusinessSummary": "IFB Industries Limited, together with its subsidiaries, manufactures and trades in home appliances primarily in India. It offers domestic washing machines, microwave ovens, domestic and industrial dishwashers, clothes dryers, and modular kitchens; kitchen appliances, such as hobs, chimneys, and built-in ovens; air conditioners; and industrial washing systems, including dry cleaning and other finishing equipment. The company also provides a range of parts and accessories for motor vehicles, etc.; and fine blanked components and cold rolled steel sheets, as well as tools and related machine tools, such as straighteners, decoilers, strip loaders, and others. In addition, it exports its products. The company was formerly known as Indian Fine Blanks Limited. IFB Industries Limited was founded in 1974 and is based in Kolkata, India.", "fullTimeEmployees": 2322, "companyOfficers": [], "maxAge": 86400}, "netSharePurchaseActivity": {"maxAge": 1, "period": "6m", "buyInfoCount": 0, "buyInfoShares": 0, "sellInfoCount": 0, "netInfoCount": 0, "netInfoShares": 0, "netPercentInsiderShares": 0.0, "totalInsiderShares": 34720320}, "insiderTransactions": {"transactions": [{"maxAge": 1, "shares": 2272, "filerUrl": "", "transactionText": "", "filerName": "Chowdhury (Goutam Ray)", "filerRelation": "Company Secretary", "moneyText": "", "startDate": "2018-01-05", "ownership": "D"}, {"maxAge": 1, "shares": 6330, "filerUrl": "", "transactionText": "", "filerName": "Chatterjee (Prabir)", "filerRelation": "Chief Financial Officer", "moneyText": "", "startDate": "2018-01-05", "ownership": "D"}, {"maxAge": 1, "shares": 900000, "filerUrl": "", "transactionText": "", "filerName": "Asansol Bottling & Packaging Company Pvt. Ltd.", "filerRelation": "Promoter", "moneyText": "", "startDate": "2012-06-11", "ownership": "D"}, {"maxAge": 1, "shares": 157786, "filerUrl": "", "transactionText": "", "filerName": "Divine Commotrade Pvt Ltd", "filerRelation": "Institution- Corporation", "moneyText": "", "startDate": "2009-11-23", "ownership": "D"}, {"maxAge": 1, "shares": 642786, "filerUrl": "", "transactionText": "", "filerName": "CPL Industries, Ltd.", "filerRelation": "Institution- Corporation", "moneyText": "", "startDate": "2009-11-23", "ownership": "D"}, {"maxAge": 1, "shares": 184475, "filerUrl": "", "transactionText": "", "filerName": "Falcon Dealers Pvt Ltd", "filerRelation": "Institution- Corporation", "moneyText": "", "startDate": "2009-11-23", "ownership": "D"}, {"maxAge": 1, "shares": 485000, "filerUrl": "", "transactionText": "", "filerName": "IFB Pvt Ltd", "filerRelation": "Institution- Corporation", "moneyText": "", "startDate": "2009-11-23", "ownership": "D"}, {"maxAge": 1, "shares": 184475, "filerUrl": "", "transactionText": "", "filerName": "Zenith Investments Ltd", "filerRelation": "Institution- Corporation", "moneyText": "", "startDate": "2009-11-23", "ownership": "D"}, {"maxAge": 1, "shares": 1500000, "filerUrl": "", "transactionText": "", "filerName": "Divine Commotrade Pvt Ltd", "filerRelation": "Institution- Corporation", "moneyText": "", "startDate": "2009-11-10", "ownership": "D"}, {"maxAge": 1, "shares": 2000000, "filerUrl": "", "transactionText": "", "filerName": "IFB Pvt Ltd", "filerRelation": "Institution- Corporation", "moneyText": "", "startDate": "2009-11-10", "ownership": "D"}, {"maxAge": 1, "shares": 1500000, "filerUrl": "", "transactionText": "", "filerName": "Midelec Marketing Pvt Ltd", "filerRelation": "Institution- Corporation", "moneyText": "", "startDate": "2009-11-10", "ownership": "D"}], "maxAge": 1}, "sectorTrend": {"maxAge": 1, "symbol": null, "estimates": []}, "incomeStatementHistoryQuarterly": {"incomeStatementHistory": [{"maxAge": 1, "endDate": "2020-12-31", "totalRevenue": 9509900000, "costOfRevenue": 5322400000, "grossProfit": 4187500000, "researchDevelopment": {}, "sellingGeneralAdministrative": 821500000, "nonRecurring": {}, "otherOperatingExpenses": 2293600000, "totalOperatingExpenses": 8704500000, "operatingIncome": 805400000, "totalOtherIncomeExpenseNet": 2500000, "ebit": 805400000, "interestExpense": -92100000, "incomeBeforeTax": 807900000, "incomeTaxExpense": 95500000, "minorityInterest": {}, "netIncomeFromContinuingOps": 712400000, "discontinuedOperations": {}, "extraordinaryItems": {}, "effectOfAccountingCharges": {}, "otherItems": {}, "netIncome": 686600000, "netIncomeApplicableToCommonShares": 686600000}, {"maxAge": 1, "endDate": "2020-09-30", "totalRevenue": 7372600000, "costOfRevenue": 4024900000, "grossProfit": 3347700000, "researchDevelopment": {}, "sellingGeneralAdministrative": 778500000, "nonRecurring": {}, "otherOperatingExpenses": 1741300000, "totalOperatingExpenses": 6803700000, "operatingIncome": 568900000, "totalOtherIncomeExpenseNet": -60500000, "ebit": 568900000, "interestExpense": -86900000, "incomeBeforeTax": 508400000, "incomeTaxExpense": 197000000, "minorityInterest": -13100000, "netIncomeFromContinuingOps": 311400000, "discontinuedOperations": {}, "extraordinaryItems": {}, "effectOfAccountingCharges": {}, "otherItems": {}, "netIncome": 318700000, "netIncomeApplicableToCommonShares": 318700000}, {"maxAge": 1, "endDate": "2020-06-30", "totalRevenue": 2873900000, "costOfRevenue": 1650000000, "grossProfit": 1223900000, "researchDevelopment": {}, "sellingGeneralAdministrative": 669000000, "nonRecurring": {}, "otherOperatingExpenses": 897400000, "totalOperatingExpenses": 3450900000, "operatingIncome": -577000000, "totalOtherIncomeExpenseNet": -49700000, "ebit": -577000000, "interestExpense": -82500000, "incomeBeforeTax": -626700000, "incomeTaxExpense": -166900000, "minorityInterest": -13100000, "netIncomeFromContinuingOps": -459800000, "discontinuedOperations": {}, "extraordinaryItems": {}, "effectOfAccountingCharges": {}, "otherItems": {}, "netIncome": -450000000, "netIncomeApplicableToCommonShares": -450000000}, {"maxAge": 1, "endDate": "2020-03-31", "totalRevenue": 5069200000, "costOfRevenue": 15150700000, "grossProfit": -10081500000, "researchDevelopment": {}, "sellingGeneralAdministrative": 4886500000, "nonRecurring": {}, "otherOperatingExpenses": -14970700000, "totalOperatingExpenses": 5492000000, "operatingIncome": -422800000, "totalOtherIncomeExpenseNet": -41700000, "ebit": -422800000, "interestExpense": -10100000, "incomeBeforeTax": -464500000, "incomeTaxExpense": -260900000, "minorityInterest": 4000000, "netIncomeFromContinuingOps": -203600000, "discontinuedOperations": {}, "extraordinaryItems": {}, "effectOfAccountingCharges": {}, "otherItems": {}, "netIncome": -194900000, "netIncomeApplicableToCommonShares": -194900000}], "maxAge": 86400}, "cashflowStatementHistoryQuarterly": {"cashflowStatements": [{"maxAge": 1, "endDate": "2020-12-31", "netIncome": 686600000, "changeToLiabilities": 0}, {"maxAge": 1, "endDate": "2020-09-30", "netIncome": 318700000, "changeToLiabilities": 0}, {"maxAge": 1, "endDate": "2020-06-30", "netIncome": -450000000, "changeToLiabilities": 0}, {"maxAge": 1, "endDate": "2020-03-31", "netIncome": -194900000, "changeToLiabilities": 0}], "maxAge": 86400}, "earnings": {"maxAge": 86400, "earningsChart": {"quarterly": [{"date": "4Q2017", "actual": 4.6, "estimate": 6.77}, {"date": "1Q2018", "actual": 5.1, "estimate": 4.32}, {"date": "2Q2018", "actual": 3.49, "estimate": 6.87}, {"date": "3Q2018", "actual": 12.25, "estimate": 7.04}], "currentQuarterEstimateDate": "4Q", "currentQuarterEstimateYear": 2018, "earningsDate": ["2021-02-03 05:30:S"]}, "financialsChart": {"yearly": [{"date": 2017, "revenue": 17584400000, "earnings": 532700000}, {"date": 2018, "revenue": 22204500000, "earnings": 809700000}, {"date": 2019, "revenue": 26570700000, "earnings": 729500000}, {"date": 2020, "revenue": 26369700000, "earnings": 274100000}], "quarterly": [{"date": "1Q2020", "revenue": 5069200000, "earnings": -194900000}, {"date": "2Q2020", "revenue": 2873900000, "earnings": -450000000}, {"date": "3Q2020", "revenue": 7372600000, "earnings": 318700000}, {"date": "4Q2020", "revenue": 9509900000, "earnings": 686600000}]}, "financialCurrency": "INR"}, "financialData": {"maxAge": 86400, "currentPrice": 983.85, "targetHighPrice": 1345.0, "targetLowPrice": 945.0, "targetMeanPrice": 1157.67, "targetMedianPrice": 1183.0, "recommendationKey": "none", "numberOfAnalystOpinions": 3, "totalCash": 4350099968, "totalCashPerShare": 107.327, "ebitda": 1055275008, "totalDebt": 3417400064, "totalRevenue": 24825600000, "debtToEquity": 54.306, "revenuePerShare": 612.728, "grossProfits": 11219000000, "earningsGrowth": 3.616, "revenueGrowth": 0.322, "grossMargins": 0.43800998, "ebitdaMargins": 0.04251, "operatingMargins": 0.01565, "profitMargins": 0.014520001, "financialCurrency": "INR"}}}