{"IFCI.NS": {"assetProfile": {"address1": "IFCI Tower", "address2": "61 Nehru Place", "city": "New Delhi", "zip": "110019", "country": "India", "phone": "91 11 4179 2800", "fax": "91 11 2623 0201", "website": "http://www.ifciltd.com", "industry": "Credit Services", "sector": "Financial Services", "longBusinessSummary": "IFCI Limited provides non-banking financial services to the public sector in India. The company offers project finance for the power sector, including renewable energy, telecommunications, roads, oil and gas, ports, airports, basic metals, chemicals, pharmaceuticals, electronics, textiles, real estate, smart cities, urban infrastructure, etc. It also provides corporate finance, such as balance sheet funding, loan against shares, lease rental discounting, promoter funding, long term working capital requirement, capital expenditure, and regular maintenance capex services, as well as short term loans for various businesses that include bridge financing and short term working capital to small, mid, and large corporates. In addition, the company offers financial/investment appraisal, business reengineering, and advisory services for various corporate houses and companies; and structured debt/mezzanine products, as well as assistance in sponsor financing, acquisition financing, pre-IPO financing, off-balance sheet structured solutions, and others. Further, it provides sales and resolution services for non-performing assets; nodal agency services; and credit enhancement guarantee scheme for scheduled castes, as well as acts as debenture trustee for debenture issues. Additionally, the company offers factoring, broking, merchant banking, currency trading, , mutual fund distribution and advisory, insurance products distribution, real estate and infrastructure, venture capital fund, technical consultancy, stamp duty collection, and depository participation services. It provides financial support services for airports, roads, telecom, power, real estate, manufacturing, and services sectors; and other allied industries. The company was formerly known as Industrial Finance Corporation of India and changed its name to IFCI Limited in October 1999. IFCI Limited was founded in 1948 and is headquartered in New Delhi, India.", "fullTimeEmployees": 215, "companyOfficers": [{"maxAge": 1, "name": "Ms. Jhummi  Mantri", "title": "GM & CFO", "fiscalYear": 2020, "totalPay": 4354580, "exercisedValue": 0, "unexercisedValue": 0}, {"maxAge": 1, "name": "Ms. Rupa Deb Sarkar", "title": "GM, Compliance Officer & Company Sec.", "fiscalYear": 2020, "totalPay": 4492958, "exercisedValue": 0, "unexercisedValue": 0}, {"maxAge": 1, "name": "Mr. Harjeet  Singh", "title": "Chief Technical Officer & GM", "exercisedValue": 0, "unexercisedValue": 0}, {"maxAge": 1, "name": "Ms. Anamika  Ranawat", "title": "Deputy Gen. Mang. of Law", "exercisedValue": 0, "unexercisedValue": 0}, {"maxAge": 1, "name": "Ms. Pooja S. Mahajan", "age": 41, "title": "Gen. Mang. of HR", "yearBorn": 1979, "exercisedValue": 0, "unexercisedValue": 0}, {"maxAge": 1, "name": "Mr. Sanjeev Kumar Jain", "title": "Chief Gen. Mang.", "exercisedValue": 0, "unexercisedValue": 0}, {"maxAge": 1, "name": "Mr. Prasoon  Kumar", "title": "Chief Gen. Mang.", "exercisedValue": 0, "unexercisedValue": 0}, {"maxAge": 1, "name": "Mr. Suneet  Shukla", "age": 51, "title": "Chief Risk Officer & GM", "yearBorn": 1969, "exercisedValue": 0, "unexercisedValue": 0}, {"maxAge": 1, "name": "Mr. Sachikanta  Mishra", "title": "Chief Gen. Mang.", "exercisedValue": 0, "unexercisedValue": 0}, {"maxAge": 1, "name": "Ms. Barkha  Chhabra", "title": "Deputy Gen. Mang.", "exercisedValue": 0, "unexercisedValue": 0}], "compensationAsOfEpochDate": "2020-12-31 05:30:00", "maxAge": 86400}, "recommendationTrend": {"trend": [{"period": "0m", "strongBuy": 0, "buy": 0, "hold": 0, "sell": 0, "strongSell": 0}, {"period": "-1m", "strongBuy": 0, "buy": 0, "hold": 0, "sell": 0, "strongSell": 0}, {"period": "-2m", "strongBuy": 0, "buy": 0, "hold": 0, "sell": 0, "strongSell": 0}, {"period": "-3m", "strongBuy": 0, "buy": 0, "hold": 0, "sell": 0, "strongSell": 0}], "maxAge": 86400}, "cashflowStatementHistory": {"cashflowStatements": [{"maxAge": 1, "endDate": "2020-03-31", "netIncome": -2304400000, "depreciation": 780000000, "changeToNetincome": 3061900000, "changeToLiabilities": 604200000, "changeToInventory": 365200000, "changeToOperatingActivities": 4165300000, "totalCashFromOperatingActivities": 6351800000, "capitalExpenditures": -417900000, "otherCashflowsFromInvestingActivities": 100000, "totalCashflowsFromInvestingActivities": -325000000, "otherCashflowsFromFinancingActivities": -42100000, "totalCashFromFinancingActivities": 1957900000, "changeInCash": 7984600000, "issuanceOfStock": 2000000000}, {"maxAge": 1, "endDate": "2019-03-31", "netIncome": -4886700000, "depreciation": 601500000, "changeToNetincome": 5103700000, "changeToLiabilities": 826300000, "changeToInventory": 432400000, "changeToOperatingActivities": 2262800000, "totalCashFromOperatingActivities": 4435800000, "capitalExpenditures": -439200000, "investments": 128600000, "otherCashflowsFromInvestingActivities": 100000, "totalCashflowsFromInvestingActivities": -231500000, "dividendsPaid": -14700000, "otherCashflowsFromFinancingActivities": -77700000, "totalCashFromFinancingActivities": -2343300000, "changeInCash": 1861100000, "issuanceOfStock": 2000000000}, {"maxAge": 1, "endDate": "2018-03-31", "netIncome": 3831200000, "depreciation": 591600000, "changeToNetincome": 13781600000, "changeToLiabilities": 707900000, "changeToInventory": 118300000, "changeToOperatingActivities": -28571500000, "totalCashFromOperatingActivities": -9716600000, "capitalExpenditures": -532900000, "investments": 1696500000, "otherCashflowsFromInvestingActivities": 100000, "totalCashflowsFromInvestingActivities": 1949600000, "dividendsPaid": -32100000, "otherCashflowsFromFinancingActivities": -150700000, "totalCashFromFinancingActivities": 426400000, "changeInCash": -7340600000, "issuanceOfStock": 1000000000}, {"maxAge": 1, "endDate": "2017-03-31", "netIncome": -3775300000, "depreciation": 379100000, "changeToNetincome": 9806500000, "changeToLiabilities": 0, "changeToInventory": 118300000, "changeToOperatingActivities": 1578300000, "totalCashFromOperatingActivities": 8018500000, "capitalExpenditures": -299400000, "investments": 1696500000, "otherCashflowsFromInvestingActivities": 100000, "totalCashflowsFromInvestingActivities": -82100000, "dividendsPaid": -293600000, "otherCashflowsFromFinancingActivities": -150700000, "totalCashFromFinancingActivities": -285100000, "changeInCash": 7651300000, "issuanceOfStock": 8500000}], "maxAge": 86400}, "indexTrend": {"maxAge": 1, "symbol": "SP5", "peRatio": 19.7411, "pegRatio": 1.34172, "estimates": [{"period": "0q", "growth": 0.549}, {"period": "+1q", "growth": 0.431}, {"period": "0y", "growth": 0.305}, {"period": "+1y", "growth": 0.109}, {"period": "+5y", "growth": 0.120865}, {"period": "-5y"}]}, "defaultKeyStatistics": {"maxAge": 1, "priceHint": 2, "enterpriseValue": 126367236096, "profitMargins": -0.34263, "floatShares": 670698903, "sharesOutstanding": 2041980032, "heldPercentInsiders": 0.64771, "heldPercentInstitutions": 0.05288, "beta": 1.379944, "category": null, "bookValue": 26.856, "priceToBook": 0.40586832, "fundFamily": null, "legalType": null, "lastFiscalYearEnd": "2020-03-31 05:30:00", "nextFiscalYearEnd": "2022-03-31 05:30:00", "mostRecentQuarter": "2020-09-30 05:30:00", "netIncomeToCommon": -6048200192, "trailingEps": -3.445, "forwardEps": 3.52, "lastSplitFactor": null, "enterpriseToRevenue": 7.159}, "industryTrend": {"maxAge": 1, "symbol": null, "estimates": []}, "quoteType": {"exchange": "NSI", "quoteType": "EQUITY", "symbol": "IFCI.NS", "underlyingSymbol": "IFCI.NS", "shortName": "IFCI LTD", "longName": "IFCI Limited", "firstTradeDateEpochUtc": "2002-07-01 09:15:00", "timeZoneFullName": "Asia/Kolkata", "timeZoneShortName": "IST", "uuid": "be55284c-41be-3645-987f-2e6118c4eca9", "gmtOffSetMilliseconds": 19800000, "maxAge": 1}, "incomeStatementHistory": {"incomeStatementHistory": [{"maxAge": 1, "endDate": "2020-03-31", "totalRevenue": 14227900000, "costOfRevenue": 1256100000, "grossProfit": 12971800000, "researchDevelopment": {}, "sellingGeneralAdministrative": 3358500000, "nonRecurring": {}, "otherOperatingExpenses": 9453800000, "totalOperatingExpenses": 14881800000, "operatingIncome": -653900000, "totalOtherIncomeExpenseNet": -288500000, "ebit": 0, "interestExpense": {}, "incomeBeforeTax": -942400000, "incomeTaxExpense": 1289700000, "minorityInterest": 10780200000, "netIncomeFromContinuingOps": -2232100000, "discontinuedOperations": {}, "extraordinaryItems": {}, "effectOfAccountingCharges": {}, "otherItems": {}, "netIncome": -2304400000, "netIncomeApplicableToCommonShares": -2304400000}, {"maxAge": 1, "endDate": "2019-03-31", "totalRevenue": 10188700000, "costOfRevenue": 1465200000, "grossProfit": 8723500000, "researchDevelopment": {}, "sellingGeneralAdministrative": 3408300000, "nonRecurring": {}, "otherOperatingExpenses": 14503800000, "totalOperatingExpenses": 19918000000, "operatingIncome": -9729300000, "totalOtherIncomeExpenseNet": 2772900000, "ebit": 0, "interestExpense": {}, "incomeBeforeTax": -6956400000, "incomeTaxExpense": -2196500000, "minorityInterest": 11107900000, "netIncomeFromContinuingOps": -4759900000, "discontinuedOperations": {}, "extraordinaryItems": {}, "effectOfAccountingCharges": {}, "otherItems": {}, "netIncome": -4886700000, "netIncomeApplicableToCommonShares": -4886700000}, {"maxAge": 1, "endDate": "2018-03-31", "totalRevenue": 19131400000, "costOfRevenue": 1335300000, "grossProfit": 17796100000, "researchDevelopment": {}, "sellingGeneralAdministrative": 3332200000, "nonRecurring": {}, "otherOperatingExpenses": 11987100000, "totalOperatingExpenses": 17186000000, "operatingIncome": 1945400000, "totalOtherIncomeExpenseNet": 2457900000, "ebit": 0, "interestExpense": {}, "incomeBeforeTax": 4403300000, "incomeTaxExpense": 223900000, "minorityInterest": 10995100000, "netIncomeFromContinuingOps": 4179400000, "discontinuedOperations": {}, "extraordinaryItems": {}, "effectOfAccountingCharges": {}, "otherItems": {}, "netIncome": 3831200000, "netIncomeApplicableToCommonShares": 3831200000}, {"maxAge": 1, "endDate": "2017-03-31", "totalRevenue": -521400000, "costOfRevenue": 527200000, "grossProfit": -1048600000, "researchDevelopment": {}, "sellingGeneralAdministrative": 2746400000, "nonRecurring": {}, "otherOperatingExpenses": 1888800000, "totalOperatingExpenses": 5768600000, "operatingIncome": -6290000000, "totalOtherIncomeExpenseNet": 360300000, "ebit": 0, "interestExpense": {}, "incomeBeforeTax": -5929700000, "incomeTaxExpense": -2847400000, "minorityInterest": 3667900000, "netIncomeFromContinuingOps": -3082300000, "discontinuedOperations": {}, "extraordinaryItems": {}, "effectOfAccountingCharges": {}, "otherItems": {}, "netIncome": -3775300000, "netIncomeApplicableToCommonShares": -3777900000}], "maxAge": 86400}, "fundOwnership": {"ownershipList": [{"maxAge": 1, "reportDate": "2021-01-31", "organization": "Vanguard International Stock Index-Emerging Markets Stk", "pctHeld": 0.0054, "position": 10202238, "value": 89779694}, {"maxAge": 1, "reportDate": "2021-01-31", "organization": "Vanguard International Stock Index-Total Intl Stock Indx", "pctHeld": 0.0044, "position": 8279760, "value": 72861888}, {"maxAge": 1, "reportDate": "2021-01-31", "organization": "DFA Investment Dimensions-DFA Emerging Mkts Value", "pctHeld": 0.0026, "position": 5015523, "value": 44136602}, {"maxAge": 1, "reportDate": "2021-01-31", "organization": "DFA Emerging Markets Small Cap Series", "pctHeld": 0.0019, "position": 3634437, "value": 31983045}, {"maxAge": 1, "reportDate": "2021-01-31", "organization": "DFA Emerging Markets Core Equity Portfolio", "pctHeld": 0.0019, "position": 3575000, "value": 31460000}, {"maxAge": 1, "reportDate": "2021-01-31", "organization": "Vanguard Intl Equity Index Fds-FTSE All World ex U.S.Small Cap Index", "pctHeld": 0.0011999999, "position": 2289812, "value": 20150345}, {"maxAge": 1, "reportDate": "2021-01-31", "organization": "Vanguard Intl Equity Index - Total World Stock Index Fd", "pctHeld": 0.0004, "position": 842125, "value": 7410700}, {"maxAge": 1, "reportDate": "2021-01-31", "organization": "DFA Investment Dimensions-Emerging Markets Social Core Equity", "pctHeld": 0.0002, "position": 325050, "value": 2860440}, {"maxAge": 1, "reportDate": "2021-01-31", "organization": "DFA Investment Dimensions-World Ex U.S. Core Equity Port", "pctHeld": 0.0002, "position": 305817, "value": 2691189}, {"maxAge": 1, "reportDate": "2021-01-31", "organization": "DFA T.A. World Ex U.S. Core Equity Portfolio", "pctHeld": 0.0002, "position": 304825, "value": 2682460}], "maxAge": 1}, "summaryDetail": {"maxAge": 1, "priceHint": 2, "previousClose": 11.05, "open": 11.05, "dayLow": 10.85, "dayHigh": 11.05, "regularMarketPreviousClose": 11.05, "regularMarketOpen": 11.05, "regularMarketDayLow": 10.85, "regularMarketDayHigh": 11.05, "exDividendDate": "2016-02-17 05:30:00", "payoutRatio": 0.0, "beta": 1.379944, "forwardPE": 3.0965908, "volume": 1900302, "regularMarketVolume": 1900302, "averageVolume": 11173578, "averageVolume10days": 4278674, "averageDailyVolume10Day": 4278674, "bid": 0.0, "ask": 0.0, "bidSize": 0, "askSize": 0, "marketCap": 22257582080, "fiftyTwoWeekLow": 3.75, "fiftyTwoWeekHigh": 16.0, "priceToSalesTrailing12Months": 1.2608813, "fiftyDayAverage": 11.680882, "twoHundredDayAverage": 8.570212, "trailingAnnualDividendRate": 1.0, "trailingAnnualDividendYield": 0.09049774, "currency": "INR", "fromCurrency": null, "lastMarket": null, "algorithm": null, "tradeable": false}, "insiderHolders": {"holders": [{"maxAge": 1, "name": "Government of India", "relation": "UNREPORTED", "url": "", "transactionDescription": "Acquisition", "latestTransDate": "2012-12-20", "positionDirect": 923000000, "positionDirectDate": "2012-12-20"}, {"maxAge": 1, "name": "President of India", "relation": "Promoter", "url": "", "transactionDescription": "Other", "latestTransDate": "2021-04-23", "positionDirect": 1302941258, "positionDirectDate": "2021-04-23"}, {"maxAge": 1, "name": "Rai (Atul Kumar)", "relation": "Chief Executive Officer", "url": "", "transactionDescription": "Acquisition", "latestTransDate": "2011-11-24", "positionDirect": 118000, "positionDirectDate": "2011-11-24"}], "maxAge": 1}, "calendarEvents": {"maxAge": 1, "earnings": {"earningsDate": []}, "exDividendDate": "2016-02-17 05:30:00"}, "upgradeDowngradeHistory": {"history": [], "maxAge": 86400}, "price": {"maxAge": 1, "regularMarketChangePercent": -0.013574712, "regularMarketChange": -0.15000057, "regularMarketTime": "2021-04-30 15:30:00", "priceHint": 2, "regularMarketPrice": 10.9, "regularMarketDayHigh": 11.05, "regularMarketDayLow": 10.85, "regularMarketVolume": 1900302, "averageDailyVolume10Day": 4278674, "averageDailyVolume3Month": 11173578, "regularMarketPreviousClose": 11.05, "regularMarketSource": "FREE_REALTIME", "regularMarketOpen": 11.05, "exchange": "NSI", "exchangeName": "NSE", "exchangeDataDelayedBy": 15, "marketState": "CLOSED", "quoteType": "EQUITY", "symbol": "IFCI.NS", "underlyingSymbol": null, "shortName": "IFCI LTD", "longName": "IFCI Limited", "currency": "INR", "quoteSourceName": "Delayed Quote", "currencySymbol": "\u20b9", "fromCurrency": null, "lastMarket": null, "marketCap": 22257582080}, "balanceSheetHistory": {"balanceSheetStatements": [{"maxAge": 1, "endDate": "2020-03-31", "cash": 15277200000, "netReceivables": 119928200000, "inventory": 1185300000, "otherCurrentAssets": 13936900000, "totalCurrentAssets": 162018000000, "longTermInvestments": 28435500000, "propertyPlantEquipment": 10673400000, "goodWill": 4466400000, "intangibleAssets": 45000000, "otherAssets": 18749700000, "deferredLongTermAssetCharges": 16359300000, "totalAssets": 224388000000, "accountsPayable": 2476000000, "otherCurrentLiab": 6655000000, "longTermDebt": 125306100000, "otherLiab": 11121200000, "minorityInterest": 10780200000, "totalCurrentLiabilities": 24182400000, "totalLiab": 161117500000, "commonStock": 16959900000, "retainedEarnings": 13783400000, "treasuryStock": 11426300000, "capitalSurplus": 10320700000, "otherStockholderEquity": 11426300000, "totalStockholderEquity": 52490300000, "netTangibleAssets": 47978900000}, {"maxAge": 1, "endDate": "2019-03-31", "cash": 7292500000, "netReceivables": 148100300000, "inventory": 1550500000, "otherCurrentAssets": 12135200000, "totalCurrentAssets": 192901200000, "longTermInvestments": 32124800000, "propertyPlantEquipment": 10415500000, "goodWill": 4466400000, "intangibleAssets": 45700000, "otherAssets": 20467800000, "deferredLongTermAssetCharges": 17678200000, "totalAssets": 260421400000, "accountsPayable": 2532800000, "otherCurrentLiab": 5938300000, "longTermDebt": 163718500000, "otherLiab": 9478600000, "minorityInterest": 11107900000, "totalCurrentLiabilities": 22549700000, "totalLiab": 195746800000, "commonStock": 16959900000, "retainedEarnings": 16057600000, "treasuryStock": 10228500000, "capitalSurplus": 10320700000, "otherStockholderEquity": 10228500000, "totalStockholderEquity": 53566700000, "netTangibleAssets": 49054600000}, {"maxAge": 1, "endDate": "2018-03-31", "cash": 5431500000, "netReceivables": 174783700000, "inventory": 1982900000, "otherCurrentAssets": 19438900000, "totalCurrentAssets": 236931200000, "longTermInvestments": 38545100000, "propertyPlantEquipment": 10528000000, "goodWill": 4466400000, "intangibleAssets": 64200000, "otherAssets": 17440900000, "deferredLongTermAssetCharges": 15246900000, "totalAssets": 307975800000, "accountsPayable": 1962300000, "shortLongTermDebt": 40623500000, "otherCurrentLiab": 4902100000, "longTermDebt": 166154900000, "otherLiab": 11249600000, "minorityInterest": 10995100000, "totalCurrentLiabilities": 60686900000, "totalLiab": 238091400000, "commonStock": 16959900000, "retainedEarnings": 21458800000, "treasuryStock": 10149900000, "capitalSurplus": 10320700000, "otherStockholderEquity": 10149900000, "totalStockholderEquity": 58889300000, "netTangibleAssets": 54358700000}, {"maxAge": 1, "endDate": "2017-03-31", "cash": 22134600000, "netReceivables": 232209400000, "inventory": 2112900000, "otherCurrentAssets": 1964700000, "totalCurrentAssets": 258421600000, "longTermInvestments": 52072200000, "propertyPlantEquipment": 13711000000, "goodWill": 4466400000, "intangibleAssets": 80700000, "otherAssets": 14065400000, "deferredLongTermAssetCharges": 10727000000, "totalAssets": 342817300000, "accountsPayable": 1486500000, "shortLongTermDebt": 39025700000, "otherCurrentLiab": 13540400000, "longTermDebt": 195367500000, "otherLiab": 10723000000, "minorityInterest": 3667900000, "totalCurrentLiabilities": 61721100000, "totalLiab": 267811600000, "commonStock": 16620400000, "treasuryStock": 52079000000, "otherStockholderEquity": 52079000000, "totalStockholderEquity": 68699400000, "netTangibleAssets": 64152300000}], "maxAge": 86400}, "earningsTrend": {"trend": [{"maxAge": 1, "period": "0q", "endDate": null, "growth": {}, "earningsEstimate": {"avg": 0.0, "low": 0.0, "high": 0.0, "yearAgoEps": {}, "numberOfAnalysts": 0, "growth": {}}, "revenueEstimate": {"avg": 0, "low": 0, "high": 0, "numberOfAnalysts": 0, "yearAgoRevenue": {}, "growth": {}}, "epsTrend": {"current": 0.0, "7daysAgo": 0.0, "30daysAgo": 0.0, "60daysAgo": 0.0, "90daysAgo": 0.0}, "epsRevisions": {"upLast7days": 0, "upLast30days": 0, "downLast30days": 0, "downLast90days": {}}}, {"maxAge": 1, "period": "+1q", "endDate": null, "growth": {}, "earningsEstimate": {"avg": 0.0, "low": 0.0, "high": 0.0, "yearAgoEps": {}, "numberOfAnalysts": 0, "growth": {}}, "revenueEstimate": {"avg": 0, "low": 0, "high": 0, "numberOfAnalysts": 0, "yearAgoRevenue": {}, "growth": {}}, "epsTrend": {"current": 0.0, "7daysAgo": 0.0, "30daysAgo": 0.0, "60daysAgo": 0.0, "90daysAgo": 0.0}, "epsRevisions": {"upLast7days": 0, "upLast30days": 0, "downLast30days": 0, "downLast90days": {}}}, {"maxAge": 1, "period": "0y", "endDate": null, "growth": {}, "earningsEstimate": {"avg": 0.0, "low": 0.0, "high": 0.0, "yearAgoEps": {}, "numberOfAnalysts": 0, "growth": {}}, "revenueEstimate": {"avg": 0, "low": 0, "high": 0, "numberOfAnalysts": 0, "yearAgoRevenue": {}, "growth": {}}, "epsTrend": {"current": 0.0, "7daysAgo": 0.0, "30daysAgo": 0.0, "60daysAgo": 0.0, "90daysAgo": 0.0}, "epsRevisions": {"upLast7days": 0, "upLast30days": 0, "downLast30days": 0, "downLast90days": {}}}, {"maxAge": 1, "period": "+1y", "endDate": null, "growth": {}, "earningsEstimate": {"avg": 0.0, "low": 0.0, "high": 0.0, "yearAgoEps": {}, "numberOfAnalysts": 0, "growth": {}}, "revenueEstimate": {"avg": 0, "low": 0, "high": 0, "numberOfAnalysts": 0, "yearAgoRevenue": {}, "growth": {}}, "epsTrend": {"current": 0.0, "7daysAgo": 0.0, "30daysAgo": 0.0, "60daysAgo": 0.0, "90daysAgo": 0.0}, "epsRevisions": {"upLast7days": 0, "upLast30days": 0, "downLast30days": 0, "downLast90days": {}}}, {"maxAge": 1, "period": "+5y", "endDate": null, "growth": {}, "earningsEstimate": {"avg": {}, "low": {}, "high": {}, "yearAgoEps": {}, "numberOfAnalysts": {}, "growth": {}}, "revenueEstimate": {"avg": {}, "low": {}, "high": {}, "numberOfAnalysts": {}, "yearAgoRevenue": {}, "growth": {}}, "epsTrend": {"current": {}, "7daysAgo": {}, "30daysAgo": {}, "60daysAgo": {}, "90daysAgo": {}}, "epsRevisions": {"upLast7days": {}, "upLast30days": {}, "downLast30days": {}, "downLast90days": {}}}, {"maxAge": 1, "period": "-5y", "endDate": null, "growth": -0.03917, "earningsEstimate": {"avg": {}, "low": {}, "high": {}, "yearAgoEps": {}, "numberOfAnalysts": {}, "growth": {}}, "revenueEstimate": {"avg": {}, "low": {}, "high": {}, "numberOfAnalysts": {}, "yearAgoRevenue": {}, "growth": {}}, "epsTrend": {"current": {}, "7daysAgo": {}, "30daysAgo": {}, "60daysAgo": {}, "90daysAgo": {}}, "epsRevisions": {"upLast7days": {}, "upLast30days": {}, "downLast30days": {}, "downLast90days": {}}}], "maxAge": 1}, "institutionOwnership": {"ownershipList": [], "maxAge": 1}, "majorHoldersBreakdown": {"maxAge": 1, "insidersPercentHeld": 0.64771, "institutionsPercentHeld": 0.05288, "institutionsFloatPercentHeld": 0.15010999, "institutionsCount": 11}, "balanceSheetHistoryQuarterly": {"balanceSheetStatements": [{"maxAge": 1, "endDate": "2020-09-30", "cash": 22261000000, "netReceivables": 101582900000, "inventory": 1184800000, "otherCurrentAssets": 113200000, "totalCurrentAssets": 125382000000, "longTermInvestments": 56364700000, "propertyPlantEquipment": 10061300000, "goodWill": 4466400000, "intangibleAssets": 491800000, "otherAssets": 20798800000, "deferredLongTermAssetCharges": 17898800000, "totalAssets": 217565000000, "accountsPayable": 3409900000, "longTermDebt": 116159500000, "otherLiab": 35663500000, "minorityInterest": 11999000000, "totalCurrentLiabilities": 3409900000, "totalLiab": 155232900000, "commonStock": 18959900000, "treasuryStock": 31373200000, "otherStockholderEquity": 31373200000, "totalStockholderEquity": 50333100000, "netTangibleAssets": 45374900000}, {"maxAge": 1, "endDate": "2020-06-30", "totalStockholderEquity": 52490300000, "netTangibleAssets": 47525600000}, {"maxAge": 1, "endDate": "2020-03-31", "cash": 15277200000, "netReceivables": 119928200000, "inventory": 1185300000, "otherCurrentAssets": 13936900000, "totalCurrentAssets": 162018000000, "longTermInvestments": 28435500000, "propertyPlantEquipment": 10673400000, "goodWill": 4466400000, "intangibleAssets": 45000000, "otherAssets": 18749700000, "deferredLongTermAssetCharges": 16359300000, "totalAssets": 224388000000, "accountsPayable": 2476000000, "otherCurrentLiab": 6655000000, "longTermDebt": 125306100000, "otherLiab": 11121200000, "minorityInterest": 10780200000, "totalCurrentLiabilities": 24182400000, "totalLiab": 161117500000, "commonStock": 16959900000, "retainedEarnings": 13783400000, "treasuryStock": 11426300000, "capitalSurplus": 10320700000, "otherStockholderEquity": 11426300000, "totalStockholderEquity": 52490300000, "netTangibleAssets": 47978900000}, {"maxAge": 1, "endDate": "2019-12-31", "totalStockholderEquity": 51814900000, "netTangibleAssets": 47307500000}], "maxAge": 86400}, "earningsHistory": {"history": [{"maxAge": 1, "epsActual": {}, "epsEstimate": {}, "epsDifference": {}, "surprisePercent": {}, "quarter": {}, "period": "-4q"}, {"maxAge": 1, "epsActual": {}, "epsEstimate": {}, "epsDifference": {}, "surprisePercent": {}, "quarter": {}, "period": "-3q"}, {"maxAge": 1, "epsActual": {}, "epsEstimate": {}, "epsDifference": {}, "surprisePercent": {}, "quarter": {}, "period": "-2q"}, {"maxAge": 1, "epsActual": {}, "epsEstimate": {}, "epsDifference": {}, "surprisePercent": {}, "quarter": {}, "period": "-1q"}], "maxAge": 86400}, "summaryProfile": {"address1": "IFCI Tower", "address2": "61 Nehru Place", "city": "New Delhi", "zip": "110019", "country": "India", "phone": "91 11 4179 2800", "fax": "91 11 2623 0201", "website": "http://www.ifciltd.com", "industry": "Credit Services", "sector": "Financial Services", "longBusinessSummary": "IFCI Limited provides non-banking financial services to the public sector in India. The company offers project finance for the power sector, including renewable energy, telecommunications, roads, oil and gas, ports, airports, basic metals, chemicals, pharmaceuticals, electronics, textiles, real estate, smart cities, urban infrastructure, etc. It also provides corporate finance, such as balance sheet funding, loan against shares, lease rental discounting, promoter funding, long term working capital requirement, capital expenditure, and regular maintenance capex services, as well as short term loans for various businesses that include bridge financing and short term working capital to small, mid, and large corporates. In addition, the company offers financial/investment appraisal, business reengineering, and advisory services for various corporate houses and companies; and structured debt/mezzanine products, as well as assistance in sponsor financing, acquisition financing, pre-IPO financing, off-balance sheet structured solutions, and others. Further, it provides sales and resolution services for non-performing assets; nodal agency services; and credit enhancement guarantee scheme for scheduled castes, as well as acts as debenture trustee for debenture issues. Additionally, the company offers factoring, broking, merchant banking, currency trading, , mutual fund distribution and advisory, insurance products distribution, real estate and infrastructure, venture capital fund, technical consultancy, stamp duty collection, and depository participation services. It provides financial support services for airports, roads, telecom, power, real estate, manufacturing, and services sectors; and other allied industries. The company was formerly known as Industrial Finance Corporation of India and changed its name to IFCI Limited in October 1999. IFCI Limited was founded in 1948 and is headquartered in New Delhi, India.", "fullTimeEmployees": 215, "companyOfficers": [], "maxAge": 86400}, "netSharePurchaseActivity": {"maxAge": 1, "period": "6m", "buyInfoCount": 0, "buyInfoShares": 0, "sellInfoCount": 0, "netInfoCount": 0, "netInfoShares": 0, "netPercentInsiderShares": 0.0, "totalInsiderShares": 1213933952}, "insiderTransactions": {"transactions": [{"maxAge": 1, "shares": 145985401, "value": 26686131, "filerUrl": "", "transactionText": "Other at price 0.18 per share.", "filerName": "President of India", "filerRelation": "Promoter", "moneyText": "", "startDate": "2021-04-23", "ownership": "D"}, {"maxAge": 1, "shares": 200000000, "filerUrl": "", "transactionText": "", "filerName": "President of India", "filerRelation": "Promoter", "moneyText": "", "startDate": "2020-05-21", "ownership": "D"}, {"maxAge": 1, "shares": 33955857, "filerUrl": "", "transactionText": "", "filerName": "President of India", "filerRelation": "Promoter", "moneyText": "", "startDate": "2018-03-31", "ownership": "D"}, {"maxAge": 1, "shares": 523000000, "filerUrl": "", "transactionText": "", "filerName": "Government of India", "filerRelation": "UNREPORTED", "moneyText": "", "startDate": "2012-12-20", "ownership": "D"}, {"maxAge": 1, "shares": 400000000, "filerUrl": "", "transactionText": "", "filerName": "Government of India", "filerRelation": "UNREPORTED", "moneyText": "", "startDate": "2012-10-17", "ownership": "D"}, {"maxAge": 1, "shares": 10000, "filerUrl": "", "transactionText": "", "filerName": "Rai (Atul Kumar)", "filerRelation": "Chief Executive Officer", "moneyText": "", "startDate": "2011-11-24", "ownership": "D"}, {"maxAge": 1, "shares": 30000, "filerUrl": "", "transactionText": "", "filerName": "Rai (Atul Kumar)", "filerRelation": "Chief Executive Officer", "moneyText": "", "startDate": "2011-09-27", "ownership": "D"}, {"maxAge": 1, "shares": 40000, "filerUrl": "", "transactionText": "", "filerName": "Rai (Atul Kumar)", "filerRelation": "Chief Executive Officer", "moneyText": "", "startDate": "2011-09-02", "ownership": "D"}, {"maxAge": 1, "shares": 18000, "filerUrl": "", "transactionText": "", "filerName": "Rai (Atul Kumar)", "filerRelation": "Chief Executive Officer", "moneyText": "", "startDate": "2010-07-28", "ownership": "D"}], "maxAge": 1}, "sectorTrend": {"maxAge": 1, "symbol": null, "estimates": []}, "incomeStatementHistoryQuarterly": {"incomeStatementHistory": [{"maxAge": 1, "endDate": "2020-09-30", "totalRevenue": 5510500000, "costOfRevenue": 159000000, "grossProfit": 5351500000, "researchDevelopment": {}, "sellingGeneralAdministrative": 631300000, "nonRecurring": {}, "otherOperatingExpenses": 5826000000, "totalOperatingExpenses": 6797600000, "operatingIncome": -1287100000, "totalOtherIncomeExpenseNet": 111000000, "ebit": 0, "interestExpense": {}, "incomeBeforeTax": -1176100000, "incomeTaxExpense": -743000000, "minorityInterest": 11999000000, "netIncomeFromContinuingOps": -433100000, "discontinuedOperations": {}, "extraordinaryItems": {}, "effectOfAccountingCharges": {}, "otherItems": {}, "netIncome": -581000000, "netIncomeApplicableToCommonShares": -581000000}, {"maxAge": 1, "endDate": "2020-06-30", "totalRevenue": 3075800000, "costOfRevenue": 113800000, "grossProfit": 2962000000, "researchDevelopment": {}, "sellingGeneralAdministrative": 677000000, "nonRecurring": {}, "otherOperatingExpenses": 6606700000, "totalOperatingExpenses": 7584300000, "operatingIncome": -4508500000, "totalOtherIncomeExpenseNet": 76100000, "ebit": 0, "interestExpense": {}, "incomeBeforeTax": -4432400000, "incomeTaxExpense": -1419200000, "minorityInterest": 11999000000, "netIncomeFromContinuingOps": -3013200000, "discontinuedOperations": {}, "extraordinaryItems": {}, "effectOfAccountingCharges": {}, "otherItems": {}, "netIncome": -3020900000, "netIncomeApplicableToCommonShares": -3020900000}, {"maxAge": 1, "endDate": "2020-03-31", "totalRevenue": 6159600000, "costOfRevenue": 661000000, "grossProfit": 5498600000, "researchDevelopment": {}, "sellingGeneralAdministrative": 1304100000, "nonRecurring": {}, "otherOperatingExpenses": 7791500000, "totalOperatingExpenses": 9951000000, "operatingIncome": -3791400000, "totalOtherIncomeExpenseNet": -1334500000, "ebit": 0, "interestExpense": {}, "incomeBeforeTax": -5125900000, "incomeTaxExpense": 715900000, "minorityInterest": 10780200000, "netIncomeFromContinuingOps": -5841800000, "discontinuedOperations": {}, "extraordinaryItems": {}, "effectOfAccountingCharges": {}, "otherItems": {}, "netIncome": -5728200000, "netIncomeApplicableToCommonShares": -5728200000}, {"maxAge": 1, "endDate": "2019-12-31", "totalRevenue": 2908200000, "costOfRevenue": 267500000, "grossProfit": 2640700000, "researchDevelopment": {}, "sellingGeneralAdministrative": 712500000, "nonRecurring": {}, "otherOperatingExpenses": 2027800000, "totalOperatingExpenses": 3246000000, "operatingIncome": -337800000, "totalOtherIncomeExpenseNet": 393100000, "ebit": 0, "interestExpense": {}, "incomeBeforeTax": 55300000, "incomeTaxExpense": -3298500000, "minorityInterest": 10780200000, "netIncomeFromContinuingOps": 3353800000, "discontinuedOperations": {}, "extraordinaryItems": {}, "effectOfAccountingCharges": {}, "otherItems": {}, "netIncome": 3282000000, "netIncomeApplicableToCommonShares": 3282000000}], "maxAge": 86400}, "cashflowStatementHistoryQuarterly": {"cashflowStatements": [{"maxAge": 1, "endDate": "2020-09-30", "netIncome": -581000000, "changeToLiabilities": 0}, {"maxAge": 1, "endDate": "2020-06-30", "netIncome": -3020900000, "changeToLiabilities": 0}, {"maxAge": 1, "endDate": "2020-03-31", "netIncome": -5728200000, "changeToLiabilities": 0}, {"maxAge": 1, "endDate": "2019-12-31", "netIncome": 3282000000, "changeToLiabilities": 0}], "maxAge": 86400}, "earnings": {"maxAge": 86400, "earningsChart": {"quarterly": [], "earningsDate": []}, "financialsChart": {"yearly": [{"date": 2017, "revenue": -521400000, "earnings": -3775300000}, {"date": 2018, "revenue": 19131400000, "earnings": 3831200000}, {"date": 2019, "revenue": 10188700000, "earnings": -4886700000}, {"date": 2020, "revenue": 14227900000, "earnings": -2304400000}], "quarterly": [{"date": "4Q2019", "revenue": 2908200000, "earnings": 3282000000}, {"date": "1Q2020", "revenue": 6159600000, "earnings": -5728200000}, {"date": "2Q2020", "revenue": 3075800000, "earnings": -3020900000}, {"date": "3Q2020", "revenue": 5510500000, "earnings": -581000000}]}, "financialCurrency": "INR"}, "financialData": {"maxAge": 86400, "currentPrice": 10.9, "targetHighPrice": 26.0, "targetLowPrice": 26.0, "targetMeanPrice": 26.0, "targetMedianPrice": 26.0, "recommendationMean": 2.0, "recommendationKey": "buy", "numberOfAnalystOpinions": 1, "totalCash": 22501099520, "totalCashPerShare": 12.006, "totalDebt": 116159496192, "quickRatio": 36.389, "currentRatio": 36.77, "totalRevenue": 17652400128, "debtToEquity": 186.356, "revenuePerShare": 10.056, "returnOnAssets": -0.02575, "returnOnEquity": -0.09463, "grossProfits": 12971800000, "operatingCashflow": -1192099968, "revenueGrowth": 0.91, "grossMargins": 0.95341, "ebitdaMargins": 0.0, "operatingMargins": -0.59433997, "profitMargins": -0.34263, "financialCurrency": "INR"}}}