{"IFCI.BO": {"recommendationTrend": {"trend": [{"period": "0m", "strongBuy": 0, "buy": 0, "hold": 0, "sell": 0, "strongSell": 0}, {"period": "-1m", "strongBuy": 0, "buy": 0, "hold": 0, "sell": 0, "strongSell": 0}, {"period": "-2m", "strongBuy": 0, "buy": 0, "hold": 0, "sell": 0, "strongSell": 0}, {"period": "-3m", "strongBuy": 0, "buy": 0, "hold": 0, "sell": 0, "strongSell": 0}], "maxAge": 86400}, "cashflowStatementHistory": {"cashflowStatements": [{"maxAge": 1, "endDate": "2020-03-31", "netIncome": -2304400000, "depreciation": 813400000, "changeToNetincome": 3061900000, "changeToLiabilities": 604200000, "changeToInventory": 365200000, "changeToOperatingActivities": 4165300000, "totalCashFromOperatingActivities": 6351800000, "capitalExpenditures": -417900000, "otherCashflowsFromInvestingActivities": 100000, "totalCashflowsFromInvestingActivities": -325000000, "dividendsPaid": -42100000, "totalCashFromFinancingActivities": 1957900000, "changeInCash": 7984600000, "issuanceOfStock": 2000000000}, {"maxAge": 1, "endDate": "2019-03-31", "netIncome": -4886700000, "depreciation": 601500000, "changeToNetincome": 5103700000, "changeToLiabilities": 826300000, "changeToInventory": 432400000, "changeToOperatingActivities": 2262800000, "totalCashFromOperatingActivities": 4435800000, "capitalExpenditures": -439200000, "investments": 128600000, "otherCashflowsFromInvestingActivities": 100000, "totalCashflowsFromInvestingActivities": -231500000, "dividendsPaid": -14700000, "otherCashflowsFromFinancingActivities": -77700000, "totalCashFromFinancingActivities": -2343300000, "changeInCash": 1861100000, "issuanceOfStock": 2000000000}, {"maxAge": 1, "endDate": "2018-03-31", "netIncome": 3831200000, "depreciation": 591600000, "changeToNetincome": 13781600000, "changeToLiabilities": 707900000, "changeToInventory": 118300000, "changeToOperatingActivities": -28571500000, "totalCashFromOperatingActivities": -9716600000, "capitalExpenditures": -532900000, "investments": 1696500000, "otherCashflowsFromInvestingActivities": 100000, "totalCashflowsFromInvestingActivities": 1949600000, "dividendsPaid": -32100000, "otherCashflowsFromFinancingActivities": -150700000, "totalCashFromFinancingActivities": 426400000, "changeInCash": -7340600000, "issuanceOfStock": 1000000000}, {"maxAge": 1, "endDate": "2017-03-31", "netIncome": -3775300000, "depreciation": 379100000, "changeToNetincome": 9806500000, "changeToLiabilities": 0, "changeToInventory": 118300000, "changeToOperatingActivities": 1578300000, "totalCashFromOperatingActivities": 8018500000, "capitalExpenditures": -299400000, "investments": 1696500000, "otherCashflowsFromInvestingActivities": 100000, "totalCashflowsFromInvestingActivities": -82100000, "dividendsPaid": -293600000, "otherCashflowsFromFinancingActivities": -150700000, "totalCashFromFinancingActivities": -285100000, "changeInCash": 7651300000, "issuanceOfStock": 8500000}], "maxAge": 86400}, "institutionOwnership": {"ownershipList": [], "maxAge": 1}, "balanceSheetHistoryQuarterly": {"balanceSheetStatements": [{"maxAge": 1, "endDate": "2020-06-30", "totalStockholderEquity": 52490300000, "netTangibleAssets": 47525600000}, {"maxAge": 1, "endDate": "2020-03-31", "cash": 25805800000, "netReceivables": 112362900000, "inventory": 1185300000, "otherCurrentAssets": 112800000, "totalCurrentAssets": 139967200000, "longTermInvestments": 50017000000, "propertyPlantEquipment": 10220100000, "goodWill": 4466400000, "intangibleAssets": 498300000, "otherAssets": 19219000000, "deferredLongTermAssetCharges": 16359300000, "totalAssets": 224388000000, "accountsPayable": 2476000000, "otherCurrentLiab": 1925000000, "longTermDebt": 125663400000, "otherLiab": 31053100000, "minorityInterest": 10780200000, "totalCurrentLiabilities": 4401000000, "totalLiab": 161117500000, "commonStock": 16959900000, "treasuryStock": 35530400000, "otherStockholderEquity": 35530400000, "totalStockholderEquity": 52490300000, "netTangibleAssets": 47525600000}, {"maxAge": 1, "endDate": "2019-12-31", "totalStockholderEquity": 51814900000, "netTangibleAssets": 47307500000}, {"maxAge": 1, "endDate": "2019-09-30", "cash": 16117200000, "netReceivables": 135328900000, "inventory": 1472000000, "totalCurrentAssets": 153244500000, "longTermInvestments": 57428000000, "propertyPlantEquipment": 10862000000, "goodWill": 4466400000, "intangibleAssets": 41000000, "otherAssets": 17357900000, "deferredLongTermAssetCharges": 14113000000, "totalAssets": 243399800000, "accountsPayable": 2182500000, "longTermDebt": 146305600000, "otherLiab": 31818000000, "minorityInterest": 11278800000, "totalCurrentLiabilities": 2182500000, "totalLiab": 180306100000, "commonStock": 16959900000, "treasuryStock": 34855000000, "otherStockholderEquity": 34855000000, "totalStockholderEquity": 51814900000, "netTangibleAssets": 47307500000}], "maxAge": 86400}, "earningsHistory": {"history": [{"maxAge": 1, "epsActual": {}, "epsEstimate": {}, "epsDifference": {}, "surprisePercent": {}, "quarter": {}, "period": "-4q"}, {"maxAge": 1, "epsActual": {}, "epsEstimate": {}, "epsDifference": {}, "surprisePercent": {}, "quarter": {}, "period": "-3q"}, {"maxAge": 1, "epsActual": {}, "epsEstimate": {}, "epsDifference": {}, "surprisePercent": {}, "quarter": {}, "period": "-2q"}, {"maxAge": 1, "epsActual": {}, "epsEstimate": {}, "epsDifference": {}, "surprisePercent": {}, "quarter": {}, "period": "-1q"}], "maxAge": 86400}, "indexTrend": {"maxAge": 1, "symbol": "SP5", "peRatio": 19.7411, "pegRatio": 1.34172, "estimates": [{"period": "0q", "growth": 0.549}, {"period": "+1q", "growth": 0.431}, {"period": "0y", "growth": 0.305}, {"period": "+1y", "growth": 0.109}, {"period": "+5y", "growth": 0.120865}, {"period": "-5y"}]}, "industryTrend": {"maxAge": 1, "symbol": null, "estimates": []}, "insiderTransactions": {"transactions": [{"maxAge": 1, "shares": 200000000, "filerUrl": "", "transactionText": "", "filerName": "President of India", "filerRelation": "Promoter", "moneyText": "", "startDate": "2020-05-21", "ownership": "D"}, {"maxAge": 1, "shares": 33955857, "filerUrl": "", "transactionText": "", "filerName": "President of India", "filerRelation": "Promoter", "moneyText": "", "startDate": "2018-03-31", "ownership": "D"}, {"maxAge": 1, "shares": 523000000, "filerUrl": "", "transactionText": "", "filerName": "Government of India", "filerRelation": "UNREPORTED", "moneyText": "", "startDate": "2012-12-20", "ownership": "D"}, {"maxAge": 1, "shares": 400000000, "filerUrl": "", "transactionText": "", "filerName": "Government of India", "filerRelation": "UNREPORTED", "moneyText": "", "startDate": "2012-10-17", "ownership": "D"}, {"maxAge": 1, "shares": 10000, "filerUrl": "", "transactionText": "", "filerName": "Rai (Atul Kumar)", "filerRelation": "Chief Executive Officer", "moneyText": "", "startDate": "2011-11-24", "ownership": "D"}, {"maxAge": 1, "shares": 30000, "filerUrl": "", "transactionText": "", "filerName": "Rai (Atul Kumar)", "filerRelation": "Chief Executive Officer", "moneyText": "", "startDate": "2011-09-27", "ownership": "D"}, {"maxAge": 1, "shares": 40000, "filerUrl": "", "transactionText": "", "filerName": "Rai (Atul Kumar)", "filerRelation": "Chief Executive Officer", "moneyText": "", "startDate": "2011-09-02", "ownership": "D"}, {"maxAge": 1, "shares": 18000, "filerUrl": "", "transactionText": "", "filerName": "Rai (Atul Kumar)", "filerRelation": "Chief Executive Officer", "moneyText": "", "startDate": "2010-07-28", "ownership": "D"}], "maxAge": 1}, "quoteType": {"exchange": "BSE", "quoteType": "EQUITY", "symbol": "IFCI.BO", "underlyingSymbol": "IFCI.BO", "shortName": "IFCI LTD.", "longName": "IFCI Limited", "firstTradeDateEpochUtc": "2000-01-03 09:15:00", "timeZoneFullName": "Asia/Kolkata", "timeZoneShortName": "IST", "uuid": "61e5c348-ba90-3332-8e96-be052519c6fe", "gmtOffSetMilliseconds": 19800000, "maxAge": 1}, "incomeStatementHistory": {"incomeStatementHistory": [{"maxAge": 1, "endDate": "2020-03-31", "totalRevenue": 14226300000, "costOfRevenue": 877200000, "grossProfit": 13349100000, "researchDevelopment": {}, "sellingGeneralAdministrative": 3260600000, "nonRecurring": {}, "otherOperatingExpenses": 10495700000, "totalOperatingExpenses": 15446900000, "operatingIncome": -1220600000, "totalOtherIncomeExpenseNet": 278200000, "ebit": 0, "interestExpense": {}, "incomeBeforeTax": -942400000, "incomeTaxExpense": 1289700000, "minorityInterest": 10780200000, "netIncomeFromContinuingOps": -2232100000, "discontinuedOperations": {}, "extraordinaryItems": {}, "effectOfAccountingCharges": {}, "otherItems": {}, "netIncome": -2304400000, "netIncomeApplicableToCommonShares": -2304400000}, {"maxAge": 1, "endDate": "2019-03-31", "totalRevenue": 10188700000, "costOfRevenue": 1465200000, "grossProfit": 8723500000, "researchDevelopment": {}, "sellingGeneralAdministrative": 3408300000, "nonRecurring": {}, "otherOperatingExpenses": 14503800000, "totalOperatingExpenses": 19918000000, "operatingIncome": -9729300000, "totalOtherIncomeExpenseNet": 2772900000, "ebit": 0, "interestExpense": {}, "incomeBeforeTax": -6956400000, "incomeTaxExpense": -2196500000, "minorityInterest": 11107900000, "netIncomeFromContinuingOps": -4759900000, "discontinuedOperations": {}, "extraordinaryItems": {}, "effectOfAccountingCharges": {}, "otherItems": {}, "netIncome": -4886700000, "netIncomeApplicableToCommonShares": -4886700000}, {"maxAge": 1, "endDate": "2018-03-31", "totalRevenue": 19131400000, "costOfRevenue": 1335300000, "grossProfit": 17796100000, "researchDevelopment": {}, "sellingGeneralAdministrative": 3332200000, "nonRecurring": {}, "otherOperatingExpenses": 11987100000, "totalOperatingExpenses": 17186000000, "operatingIncome": 1945400000, "totalOtherIncomeExpenseNet": 2457900000, "ebit": 0, "interestExpense": {}, "incomeBeforeTax": 4403300000, "incomeTaxExpense": 223900000, "minorityInterest": 10995100000, "netIncomeFromContinuingOps": 4179400000, "discontinuedOperations": {}, "extraordinaryItems": {}, "effectOfAccountingCharges": {}, "otherItems": {}, "netIncome": 3831200000, "netIncomeApplicableToCommonShares": 3831200000}, {"maxAge": 1, "endDate": "2017-03-31", "totalRevenue": -521400000, "costOfRevenue": 527200000, "grossProfit": -1048600000, "researchDevelopment": {}, "sellingGeneralAdministrative": 2746400000, "nonRecurring": {}, "otherOperatingExpenses": 1888800000, "totalOperatingExpenses": 5768600000, "operatingIncome": -6290000000, "totalOtherIncomeExpenseNet": 360300000, "ebit": 0, "interestExpense": {}, "incomeBeforeTax": -5929700000, "incomeTaxExpense": -2847400000, "minorityInterest": 3667900000, "netIncomeFromContinuingOps": -3082300000, "discontinuedOperations": {}, "extraordinaryItems": {}, "effectOfAccountingCharges": {}, "otherItems": {}, "netIncome": -3775300000, "netIncomeApplicableToCommonShares": -3777900000}], "maxAge": 86400}, "fundOwnership": {"ownershipList": [{"maxAge": 1, "reportDate": "2020-07-31", "organization": "Vanguard International Stock Index-Total Intl Stock Indx", "pctHeld": 0.0057, "position": 10795959, "value": 67042905}, {"maxAge": 1, "reportDate": "2020-07-31", "organization": "Vanguard International Stock Index-Emerging Markets Stk", "pctHeld": 0.0054, "position": 10202238, "value": 63355897}, {"maxAge": 1, "reportDate": "2020-07-31", "organization": "DFA Investment Dimensions-DFA Emerging Mkts Value", "pctHeld": 0.0031, "position": 5911797, "value": 36712259}, {"maxAge": 1, "reportDate": "2020-07-31", "organization": "DFA Emerging Markets Core Equity Portfolio", "pctHeld": 0.0026, "position": 4961535, "value": 30811132}, {"maxAge": 1, "reportDate": "2020-07-31", "organization": "DFA Emerging Markets Small Cap Series", "pctHeld": 0.0023999999, "position": 4484391, "value": 27848068}, {"maxAge": 1, "reportDate": "2020-07-31", "organization": "Vanguard Intl Equity Index Fds-FTSE All World ex U.S.Small Cap Index", "pctHeld": 0.0011, "position": 2080451, "value": 12919600}, {"maxAge": 1, "reportDate": "2020-07-31", "organization": "Vanguard Intl Equity Index - Total World Stock Index Fd", "pctHeld": 0.0004, "position": 842125, "value": 5229596}, {"maxAge": 1, "reportDate": "2020-07-31", "organization": "DFA Investment Dimensions-Emerging Markets Social Core Equity", "pctHeld": 0.0002, "position": 325050, "value": 2018560}, {"maxAge": 1, "reportDate": "2020-07-31", "organization": "DFA Investment Dimensions-World Ex U.S. Core Equity Port", "pctHeld": 0.0002, "position": 305817, "value": 1899123}, {"maxAge": 1, "reportDate": "2020-07-31", "organization": "DFA T.A. World Ex U.S. Core Equity Portfolio", "pctHeld": 0.0002, "position": 304825, "value": 1892963}], "maxAge": 1}, "summaryDetail": {"maxAge": 1, "priceHint": 2, "previousClose": 11.05, "open": 10.7, "dayLow": 10.7, "dayHigh": 11.07, "regularMarketPreviousClose": 11.05, "regularMarketOpen": 10.7, "regularMarketDayLow": 10.7, "regularMarketDayHigh": 11.07, "volume": 163509, "regularMarketVolume": 163509, "averageVolume": 1372698, "averageVolume10days": 722309, "averageDailyVolume10Day": 722309, "bid": 10.9, "ask": 10.93, "bidSize": 0, "askSize": 0, "marketCap": 18537170944, "fiftyTwoWeekLow": 3.1, "fiftyTwoWeekHigh": 11.45, "fiftyDayAverage": 9.332727, "twoHundredDayAverage": 7.2713237, "trailingAnnualDividendRate": 1.0, "trailingAnnualDividendYield": 0.09049774, "currency": "INR", "fromCurrency": null, "lastMarket": null, "algorithm": null, "tradeable": false}, "sectorTrend": {"maxAge": 1, "symbol": null, "estimates": []}, "incomeStatementHistoryQuarterly": {"incomeStatementHistory": [{"maxAge": 1, "endDate": "2020-06-30", "totalRevenue": 3075800000, "costOfRevenue": 113800000, "grossProfit": 2962000000, "researchDevelopment": {}, "sellingGeneralAdministrative": 677000000, "nonRecurring": {}, "otherOperatingExpenses": 6606700000, "totalOperatingExpenses": 7584300000, "operatingIncome": -4508500000, "totalOtherIncomeExpenseNet": 76100000, "ebit": 0, "interestExpense": {}, "incomeBeforeTax": -4432400000, "incomeTaxExpense": -1419200000, "minorityInterest": {}, "netIncomeFromContinuingOps": -3013200000, "discontinuedOperations": {}, "extraordinaryItems": {}, "effectOfAccountingCharges": {}, "otherItems": {}, "netIncome": -3020900000, "netIncomeApplicableToCommonShares": -3020900000}, {"maxAge": 1, "endDate": "2020-03-31", "totalRevenue": 6158000000, "costOfRevenue": 282100000, "grossProfit": 5875900000, "researchDevelopment": {}, "sellingGeneralAdministrative": 1206200000, "nonRecurring": {}, "otherOperatingExpenses": 8833400000, "totalOperatingExpenses": 10516100000, "operatingIncome": -4358100000, "totalOtherIncomeExpenseNet": -767700000, "ebit": 0, "interestExpense": {}, "incomeBeforeTax": -5125800000, "incomeTaxExpense": 715900000, "minorityInterest": 10780200000, "netIncomeFromContinuingOps": -5841700000, "discontinuedOperations": {}, "extraordinaryItems": {}, "effectOfAccountingCharges": {}, "otherItems": {}, "netIncome": -5728200000, "netIncomeApplicableToCommonShares": -5728200000}, {"maxAge": 1, "endDate": "2019-12-31", "totalRevenue": 2908200000, "costOfRevenue": 267500000, "grossProfit": 2640700000, "researchDevelopment": {}, "sellingGeneralAdministrative": 712500000, "nonRecurring": {}, "otherOperatingExpenses": 2027800000, "totalOperatingExpenses": 3246000000, "operatingIncome": -337800000, "totalOtherIncomeExpenseNet": 393100000, "ebit": 0, "interestExpense": {}, "incomeBeforeTax": 55300000, "incomeTaxExpense": -3298500000, "minorityInterest": 10780200000, "netIncomeFromContinuingOps": 3353800000, "discontinuedOperations": {}, "extraordinaryItems": {}, "effectOfAccountingCharges": {}, "otherItems": {}, "netIncome": 3282000000, "netIncomeApplicableToCommonShares": 3282000000}, {"maxAge": 1, "endDate": "2019-09-30", "totalRevenue": 2884800000, "costOfRevenue": 161600000, "grossProfit": 2723200000, "researchDevelopment": {}, "sellingGeneralAdministrative": 540600000, "nonRecurring": {}, "otherOperatingExpenses": 2336700000, "totalOperatingExpenses": 3224200000, "operatingIncome": -339400000, "totalOtherIncomeExpenseNet": 419700000, "ebit": 0, "interestExpense": {}, "incomeBeforeTax": 80300000, "incomeTaxExpense": -242900000, "minorityInterest": 11278800000, "netIncomeFromContinuingOps": 323200000, "discontinuedOperations": {}, "extraordinaryItems": {}, "effectOfAccountingCharges": {}, "otherItems": {}, "netIncome": 236700000, "netIncomeApplicableToCommonShares": 236700000}], "maxAge": 86400}, "cashflowStatementHistoryQuarterly": {"cashflowStatements": [{"maxAge": 1, "endDate": "2020-06-30", "netIncome": -3020900000, "changeToLiabilities": 0}, {"maxAge": 1, "endDate": "2020-03-31", "netIncome": -5728200000, "changeToLiabilities": 0}, {"maxAge": 1, "endDate": "2019-12-31", "netIncome": 3282000000, "changeToLiabilities": 0}, {"maxAge": 1, "endDate": "2019-09-30", "netIncome": 236700000, "changeToLiabilities": 0}], "maxAge": 86400}, "insiderHolders": {"holders": [{"maxAge": 1, "name": "Government of India", "relation": "UNREPORTED", "url": "", "transactionDescription": "Acquisition", "latestTransDate": "2012-12-20", "positionDirect": 923000000, "positionDirectDate": "2012-12-20"}, {"maxAge": 1, "name": "President of India", "relation": "Promoter", "url": "", "transactionDescription": "Other", "latestTransDate": "2020-05-21", "positionDirect": 1156955857, "positionDirectDate": "2020-05-21"}, {"maxAge": 1, "name": "Rai (Atul Kumar)", "relation": "Chief Executive Officer", "url": "", "transactionDescription": "Acquisition", "latestTransDate": "2011-11-24", "positionDirect": 118000, "positionDirectDate": "2011-11-24"}], "maxAge": 1}, "earnings": {"maxAge": 86400, "earningsChart": {"quarterly": [], "earningsDate": ["2020-09-14 05:30:S"]}, "financialsChart": {"yearly": [{"date": 2017, "revenue": -521400000, "earnings": -3775300000}, {"date": 2018, "revenue": 19131400000, "earnings": 3831200000}, {"date": 2019, "revenue": 10188700000, "earnings": -4886700000}, {"date": 2020, "revenue": 14226300000, "earnings": -2304400000}], "quarterly": [{"date": "3Q2019", "revenue": 2884800000, "earnings": 236700000}, {"date": "4Q2019", "revenue": 2908200000, "earnings": 3282000000}, {"date": "1Q2020", "revenue": 6158000000, "earnings": -5728200000}, {"date": "2Q2020", "revenue": 3075800000, "earnings": -3020900000}]}, "financialCurrency": "INR"}, "calendarEvents": {"maxAge": 1, "earnings": {"earningsDate": ["2020-09-14 05:30:S"]}}, "upgradeDowngradeHistory": {"history": [], "maxAge": 86400}, "price": {"maxAge": 1, "regularMarketChangePercent": -0.010859717, "regularMarketChange": -0.119999886, "regularMarketTime": "2021-04-30 15:40:34", "priceHint": 2, "regularMarketPrice": 10.93, "regularMarketDayHigh": 11.07, "regularMarketDayLow": 10.7, "regularMarketVolume": 163509, "averageDailyVolume10Day": 722309, "averageDailyVolume3Month": 1372698, "regularMarketPreviousClose": 11.05, "regularMarketSource": "FREE_REALTIME", "regularMarketOpen": 10.7, "exchange": "BSE", "exchangeName": "BSE", "exchangeDataDelayedBy": 0, "marketState": "CLOSED", "quoteType": "EQUITY", "symbol": "IFCI.BO", "underlyingSymbol": null, "shortName": "IFCI LTD.", "longName": "IFCI Limited", "currency": "INR", "quoteSourceName": "Delayed Quote", "currencySymbol": "\u20b9", "fromCurrency": null, "lastMarket": null, "marketCap": 18537170944}, "balanceSheetHistory": {"balanceSheetStatements": [{"maxAge": 1, "endDate": "2020-03-31", "cash": 25805800000, "netReceivables": 112362900000, "inventory": 1185300000, "otherCurrentAssets": 112800000, "totalCurrentAssets": 139967200000, "longTermInvestments": 50017000000, "propertyPlantEquipment": 10220100000, "goodWill": 4466400000, "intangibleAssets": 498300000, "otherAssets": 19219000000, "deferredLongTermAssetCharges": 16359300000, "totalAssets": 224388000000, "accountsPayable": 2476000000, "otherCurrentLiab": 1925000000, "longTermDebt": 125663400000, "otherLiab": 31053100000, "minorityInterest": 10780200000, "totalCurrentLiabilities": 4401000000, "totalLiab": 161117500000, "commonStock": 16959900000, "treasuryStock": 35530400000, "otherStockholderEquity": 35530400000, "totalStockholderEquity": 52490300000, "netTangibleAssets": 47525600000}, {"maxAge": 1, "endDate": "2019-03-31", "cash": 7292500000, "netReceivables": 134374900000, "inventory": 1550500000, "otherCurrentAssets": 12780400000, "totalCurrentAssets": 211945800000, "longTermInvestments": 13725400000, "propertyPlantEquipment": 10415500000, "goodWill": 4466400000, "intangibleAssets": 45700000, "otherAssets": 19822600000, "deferredLongTermAssetCharges": 17678200000, "totalAssets": 260421400000, "accountsPayable": 2532800000, "shortLongTermDebt": 35865600000, "otherCurrentLiab": 7202300000, "longTermDebt": 128144300000, "otherLiab": 8214600000, "minorityInterest": 11107900000, "totalCurrentLiabilities": 59387900000, "totalLiab": 195746800000, "commonStock": 16959900000, "retainedEarnings": 16057600000, "treasuryStock": 10228500000, "capitalSurplus": 10320700000, "otherStockholderEquity": 10228500000, "totalStockholderEquity": 53566700000, "netTangibleAssets": 49054600000}, {"maxAge": 1, "endDate": "2018-03-31", "cash": 5431500000, "netReceivables": 156476300000, "inventory": 1982900000, "otherCurrentAssets": 19438900000, "totalCurrentAssets": 257040300000, "longTermInvestments": 18436000000, "propertyPlantEquipment": 10528000000, "goodWill": 4466400000, "intangibleAssets": 64200000, "otherAssets": 17440900000, "deferredLongTermAssetCharges": 15246900000, "totalAssets": 307975800000, "accountsPayable": 1962300000, "shortLongTermDebt": 40623500000, "otherCurrentLiab": 4902100000, "longTermDebt": 166154900000, "otherLiab": 11249600000, "minorityInterest": 10995100000, "totalCurrentLiabilities": 60686900000, "totalLiab": 238091400000, "commonStock": 16959900000, "retainedEarnings": 21458800000, "treasuryStock": 10149900000, "capitalSurplus": 10320700000, "otherStockholderEquity": 10149900000, "totalStockholderEquity": 58889300000, "netTangibleAssets": 54358700000}, {"maxAge": 1, "endDate": "2017-03-31", "cash": 22134600000, "netReceivables": 232209400000, "inventory": 2112900000, "otherCurrentAssets": 1964700000, "totalCurrentAssets": 258421600000, "longTermInvestments": 52072200000, "propertyPlantEquipment": 13711000000, "goodWill": 4466400000, "intangibleAssets": 80700000, "otherAssets": 14065400000, "deferredLongTermAssetCharges": 10727000000, "totalAssets": 342817300000, "accountsPayable": 1486500000, "shortLongTermDebt": 39025700000, "otherCurrentLiab": 13540400000, "longTermDebt": 195367500000, "otherLiab": 10723000000, "minorityInterest": 3667900000, "totalCurrentLiabilities": 61721100000, "totalLiab": 267811600000, "commonStock": 16620400000, "treasuryStock": 52079000000, "otherStockholderEquity": 52079000000, "totalStockholderEquity": 68699400000, "netTangibleAssets": 64152300000}], "maxAge": 86400}, "earningsTrend": {"trend": [{"maxAge": 1, "period": "0q", "endDate": null, "growth": {}, "earningsEstimate": {"avg": 0.0, "low": 0.0, "high": 0.0, "yearAgoEps": {}, "numberOfAnalysts": 0, "growth": {}}, "revenueEstimate": {"avg": 0, "low": 0, "high": 0, "numberOfAnalysts": 0, "yearAgoRevenue": {}, "growth": {}}, "epsTrend": {"current": 0.0, "7daysAgo": 0.0, "30daysAgo": 0.0, "60daysAgo": 0.0, "90daysAgo": 0.0}, "epsRevisions": {"upLast7days": 0, "upLast30days": 0, "downLast30days": 0, "downLast90days": {}}}, {"maxAge": 1, "period": "+1q", "endDate": null, "growth": {}, "earningsEstimate": {"avg": 0.0, "low": 0.0, "high": 0.0, "yearAgoEps": {}, "numberOfAnalysts": 0, "growth": {}}, "revenueEstimate": {"avg": 0, "low": 0, "high": 0, "numberOfAnalysts": 0, "yearAgoRevenue": {}, "growth": {}}, "epsTrend": {"current": 0.0, "7daysAgo": 0.0, "30daysAgo": 0.0, "60daysAgo": 0.0, "90daysAgo": 0.0}, "epsRevisions": {"upLast7days": 0, "upLast30days": 0, "downLast30days": 0, "downLast90days": {}}}, {"maxAge": 1, "period": "0y", "endDate": null, "growth": {}, "earningsEstimate": {"avg": 0.0, "low": 0.0, "high": 0.0, "yearAgoEps": {}, "numberOfAnalysts": 0, "growth": {}}, "revenueEstimate": {"avg": 0, "low": 0, "high": 0, "numberOfAnalysts": 0, "yearAgoRevenue": {}, "growth": {}}, "epsTrend": {"current": 0.0, "7daysAgo": 0.0, "30daysAgo": 0.0, "60daysAgo": 0.0, "90daysAgo": 0.0}, "epsRevisions": {"upLast7days": 0, "upLast30days": 0, "downLast30days": 0, "downLast90days": {}}}, {"maxAge": 1, "period": "+1y", "endDate": null, "growth": {}, "earningsEstimate": {"avg": 0.0, "low": 0.0, "high": 0.0, "yearAgoEps": {}, "numberOfAnalysts": 0, "growth": {}}, "revenueEstimate": {"avg": 0, "low": 0, "high": 0, "numberOfAnalysts": 0, "yearAgoRevenue": {}, "growth": {}}, "epsTrend": {"current": 0.0, "7daysAgo": 0.0, "30daysAgo": 0.0, "60daysAgo": 0.0, "90daysAgo": 0.0}, "epsRevisions": {"upLast7days": 0, "upLast30days": 0, "downLast30days": 0, "downLast90days": {}}}, {"maxAge": 1, "period": "+5y", "endDate": null, "growth": {}, "earningsEstimate": {"avg": {}, "low": {}, "high": {}, "yearAgoEps": {}, "numberOfAnalysts": {}, "growth": {}}, "revenueEstimate": {"avg": {}, "low": {}, "high": {}, "numberOfAnalysts": {}, "yearAgoRevenue": {}, "growth": {}}, "epsTrend": {"current": {}, "7daysAgo": {}, "30daysAgo": {}, "60daysAgo": {}, "90daysAgo": {}}, "epsRevisions": {"upLast7days": {}, "upLast30days": {}, "downLast30days": {}, "downLast90days": {}}}, {"maxAge": 1, "period": "-5y", "endDate": null, "growth": -0.03917, "earningsEstimate": {"avg": {}, "low": {}, "high": {}, "yearAgoEps": {}, "numberOfAnalysts": {}, "growth": {}}, "revenueEstimate": {"avg": {}, "low": {}, "high": {}, "numberOfAnalysts": {}, "yearAgoRevenue": {}, "growth": {}}, "epsTrend": {"current": {}, "7daysAgo": {}, "30daysAgo": {}, "60daysAgo": {}, "90daysAgo": {}}, "epsRevisions": {"upLast7days": {}, "upLast30days": {}, "downLast30days": {}, "downLast90days": {}}}], "maxAge": 1}, "financialData": {"maxAge": 86400, "currentPrice": 10.93, "targetHighPrice": 26.0, "targetLowPrice": 26.0, "targetMeanPrice": 26.0, "targetMedianPrice": 26.0, "recommendationMean": 2.0, "recommendationKey": "buy", "numberOfAnalystOpinions": 1, "grossProfits": 13349100000, "financialCurrency": "INR"}}}