{"IFGLEXPOR.NS": {"assetProfile": {"address1": "Mcleod House", "address2": "3, Netaji Subhas Road", "city": "Kolkata", "zip": "700001", "country": "India", "phone": "91 33 4010 6100", "fax": "91 33 2243 0886", "website": "http://www.ifglref.com", "industry": "Building Materials", "sector": "Basic Materials", "longBusinessSummary": "IFGL Refractories Limited engages in the manufacture, trade, and sale of refractory items used in steel plants in India and internationally. The company offers isostatic and slide gate refractories, tube changer systems, and purging systems refractories; cast products and monolithics, zircon and zircona nozzles, spray machines, robotic gunning, and slag control darts and machines; and foundry ceramics, wire guides, and heating ovens. The company was formerly known as IFGL Exports Limited has changed its name to IFGL Refractories Limited in October 2017. IFGL Refractories Limited was incorporated in 2007 and is headquartered in Kolkata, India. IFGL Refractories Limited is a subsidiary of Bajoria Financial Services Private Limited.", "fullTimeEmployees": 685, "companyOfficers": [{"maxAge": 1, "name": "Mr. Shishir Kumar Bajoria", "age": 63, "title": "Exec. Chairman", "yearBorn": 1957, "fiscalYear": 2020, "totalPay": 22345000, "exercisedValue": 0, "unexercisedValue": 0}, {"maxAge": 1, "name": "Mr. Kamal  Sarda", "age": 57, "title": "CEO, CFO, Chief Investor Relations Officer & Director", "yearBorn": 1963, "fiscalYear": 2020, "totalPay": 10193000, "exercisedValue": 0, "unexercisedValue": 0}, {"maxAge": 1, "name": "Mr. Pradeep  Bajoria", "age": 60, "title": "MD & Director", "yearBorn": 1960, "fiscalYear": 2020, "totalPay": 39065000, "exercisedValue": 0, "unexercisedValue": 0}, {"maxAge": 1, "name": "Mr. Rajesh  Agarwal FCS", "title": "Compliance Officer & Company Sec.", "fiscalYear": 2020, "totalPay": 11189000, "exercisedValue": 0, "unexercisedValue": 0}, {"maxAge": 1, "name": "Ms. Mansi  Damani", "title": "Deputy Company Sec.", "fiscalYear": 2017, "exercisedValue": 0, "unexercisedValue": 0}], "compensationAsOfEpochDate": "2020-12-31 05:30:00", "maxAge": 86400}, "recommendationTrend": {"trend": [{"period": "0m", "strongBuy": 0, "buy": 0, "hold": 0, "sell": 0, "strongSell": 0}, {"period": "-1m", "strongBuy": 0, "buy": 0, "hold": 0, "sell": 0, "strongSell": 0}, {"period": "-2m", "strongBuy": 0, "buy": 0, "hold": 0, "sell": 0, "strongSell": 0}, {"period": "-3m", "strongBuy": 0, "buy": 0, "hold": 0, "sell": 0, "strongSell": 0}], "maxAge": 86400}, "cashflowStatementHistory": {"cashflowStatements": [{"maxAge": 1, "endDate": "2020-03-31", "netIncome": 194567000, "depreciation": 212099000, "changeToNetincome": 629531000, "changeToAccountReceivables": 131730000, "changeToLiabilities": 156725000, "changeToInventory": 169720000, "totalCashFromOperatingActivities": 1498710000, "capitalExpenditures": -249496000, "investments": -324362000, "otherCashflowsFromInvestingActivities": 29361000, "totalCashflowsFromInvestingActivities": -537040000, "dividendsPaid": -180199000, "netBorrowings": -417435000, "otherCashflowsFromFinancingActivities": -63950000, "totalCashFromFinancingActivities": -661584000, "effectOfExchangeRate": 33036000, "changeInCash": 333122000}, {"maxAge": 1, "endDate": "2019-03-31", "netIncome": 504603000, "depreciation": 185580000, "changeToNetincome": 260846000, "changeToAccountReceivables": 622594000, "changeToLiabilities": -8082000, "changeToInventory": -481764000, "totalCashFromOperatingActivities": 1093741000, "capitalExpenditures": -393935000, "investments": -348859000, "otherCashflowsFromInvestingActivities": 16024000, "totalCashflowsFromInvestingActivities": -711400000, "dividendsPaid": -72079000, "netBorrowings": -233736000, "otherCashflowsFromFinancingActivities": -59282000, "totalCashFromFinancingActivities": -365097000, "effectOfExchangeRate": 8907000, "changeInCash": 26151000}, {"maxAge": 1, "endDate": "2018-03-31", "netIncome": 471215000, "depreciation": 164806000, "changeToNetincome": 498537000, "changeToAccountReceivables": -662045000, "changeToLiabilities": 78424000, "changeToInventory": -147094000, "totalCashFromOperatingActivities": 410963000, "capitalExpenditures": -448594000, "investments": -57233000, "otherCashflowsFromInvestingActivities": 9811000, "totalCashflowsFromInvestingActivities": -477220000, "dividendsPaid": -72079000, "netBorrowings": 309912000, "otherCashflowsFromFinancingActivities": -59214000, "totalCashFromFinancingActivities": 178619000, "effectOfExchangeRate": 81036000, "changeInCash": 193398000}, {"maxAge": 1, "endDate": "2017-03-31", "netIncome": 499683000, "depreciation": 170238000, "changeToNetincome": 248618000, "changeToAccountReceivables": -659961000, "changeToLiabilities": 179735000, "changeToInventory": -164224000, "totalCashFromOperatingActivities": 278356000, "capitalExpenditures": -133417000, "investments": -21338000, "otherCashflowsFromInvestingActivities": 148751000, "totalCashflowsFromInvestingActivities": -2313000, "dividendsPaid": -5452000, "netBorrowings": 9344000, "otherCashflowsFromFinancingActivities": -45273000, "totalCashFromFinancingActivities": -41381000, "effectOfExchangeRate": -91556000, "changeInCash": 143106000}], "maxAge": 86400}, "indexTrend": {"maxAge": 1, "symbol": "SP5", "peRatio": 19.7411, "pegRatio": 1.34172, "estimates": [{"period": "0q", "growth": 0.549}, {"period": "+1q", "growth": 0.431}, {"period": "0y", "growth": 0.305}, {"period": "+1y", "growth": 0.109}, {"period": "+5y", "growth": 0.120865}, {"period": "-5y"}]}, "defaultKeyStatistics": {"maxAge": 1, "priceHint": 2, "enterpriseValue": 11502495744, "profitMargins": 0.05641, "floatShares": 9219769, "sharesOutstanding": 36039300, "heldPercentInsiders": 0.73748, "heldPercentInstitutions": 0.14463, "beta": 1.300787, "category": null, "bookValue": 233.914, "priceToBook": 1.5862666, "fundFamily": null, "legalType": null, "lastFiscalYearEnd": "2020-03-31 05:30:00", "nextFiscalYearEnd": "2022-03-31 05:30:00", "mostRecentQuarter": "2020-12-31 05:30:00", "earningsQuarterlyGrowth": 4.128, "netIncomeToCommon": 541867008, "trailingEps": 15.039, "forwardEps": 10.9, "lastSplitFactor": null, "enterpriseToRevenue": 1.198, "enterpriseToEbitda": 8.998}, "industryTrend": {"maxAge": 1, "symbol": null, "estimates": []}, "quoteType": {"exchange": "NSI", "quoteType": "EQUITY", "symbol": "IFGLEXPOR.NS", "underlyingSymbol": "IFGLEXPOR.NS", "shortName": "IFGL EXPORTS LTD", "longName": "IFGL Refractories Limited", "firstTradeDateEpochUtc": "2004-01-08 09:15:00", "timeZoneFullName": "Asia/Kolkata", "timeZoneShortName": "IST", "uuid": "06f80b38-8dda-3318-b029-c767028abc4d", "gmtOffSetMilliseconds": 19800000, "maxAge": 1}, "incomeStatementHistory": {"incomeStatementHistory": [{"maxAge": 1, "endDate": "2020-03-31", "totalRevenue": 9173470000, "costOfRevenue": 4705939000, "grossProfit": 4467531000, "researchDevelopment": {}, "sellingGeneralAdministrative": 1536295000, "nonRecurring": {}, "otherOperatingExpenses": 2011625000, "totalOperatingExpenses": 8470296000, "operatingIncome": 703174000, "totalOtherIncomeExpenseNet": -403493000, "ebit": 703174000, "interestExpense": -36121000, "incomeBeforeTax": 299681000, "incomeTaxExpense": 105114000, "minorityInterest": {}, "netIncomeFromContinuingOps": 194567000, "discontinuedOperations": {}, "extraordinaryItems": {}, "effectOfAccountingCharges": {}, "otherItems": {}, "netIncome": 194567000, "netIncomeApplicableToCommonShares": 194567000}, {"maxAge": 1, "endDate": "2019-03-31", "totalRevenue": 9504133000, "costOfRevenue": 4885753000, "grossProfit": 4618380000, "researchDevelopment": {}, "sellingGeneralAdministrative": 1523574000, "nonRecurring": {}, "otherOperatingExpenses": 2000397000, "totalOperatingExpenses": 8602931000, "operatingIncome": 901202000, "totalOtherIncomeExpenseNet": -260710000, "ebit": 901202000, "interestExpense": -36888000, "incomeBeforeTax": 640492000, "incomeTaxExpense": 135889000, "minorityInterest": {}, "netIncomeFromContinuingOps": 504603000, "discontinuedOperations": {}, "extraordinaryItems": {}, "effectOfAccountingCharges": {}, "otherItems": {}, "netIncome": 504603000, "netIncomeApplicableToCommonShares": 504603000}, {"maxAge": 1, "endDate": "2018-03-31", "totalRevenue": 8353375000, "costOfRevenue": 4305248000, "grossProfit": 4048127000, "researchDevelopment": {}, "sellingGeneralAdministrative": 1316061000, "nonRecurring": {}, "otherOperatingExpenses": 1772011000, "totalOperatingExpenses": 7564281000, "operatingIncome": 789094000, "totalOtherIncomeExpenseNet": -163630000, "ebit": 789094000, "interestExpense": -39679000, "incomeBeforeTax": 625464000, "incomeTaxExpense": 154249000, "minorityInterest": {}, "netIncomeFromContinuingOps": 471215000, "discontinuedOperations": {}, "extraordinaryItems": {}, "effectOfAccountingCharges": {}, "otherItems": {}, "netIncome": 471215000, "netIncomeApplicableToCommonShares": 471215000}, {"maxAge": 1, "endDate": "2017-03-31", "totalRevenue": 7655735000, "costOfRevenue": 3712124000, "grossProfit": 3943611000, "researchDevelopment": {}, "sellingGeneralAdministrative": 1261870000, "nonRecurring": {}, "otherOperatingExpenses": 1693064000, "totalOperatingExpenses": 6840598000, "operatingIncome": 815137000, "totalOtherIncomeExpenseNet": -270019000, "ebit": 815137000, "interestExpense": -44871000, "incomeBeforeTax": 545118000, "incomeTaxExpense": 45525000, "minorityInterest": 305000, "netIncomeFromContinuingOps": 499593000, "discontinuedOperations": {}, "extraordinaryItems": {}, "effectOfAccountingCharges": {}, "otherItems": {}, "netIncome": 499683000, "netIncomeApplicableToCommonShares": 499683000}], "maxAge": 86400}, "fundOwnership": {"ownershipList": [], "maxAge": 1}, "summaryDetail": {"maxAge": 1, "priceHint": 2, "previousClose": 371.9, "open": 366.4, "dayLow": 366.4, "dayHigh": 378.25, "regularMarketPreviousClose": 371.9, "regularMarketOpen": 366.4, "regularMarketDayLow": 366.4, "regularMarketDayHigh": 378.25, "exDividendDate": "2020-02-17 05:30:00", "payoutRatio": 0.1204, "beta": 1.300787, "trailingPE": 24.672518, "forwardPE": 34.041283, "volume": 32037, "regularMarketVolume": 32037, "averageVolume": 122031, "averageVolume10days": 39618, "averageDailyVolume10Day": 39618, "bid": 0.0, "ask": 0.0, "bidSize": 0, "askSize": 0, "marketCap": 13426332672, "fiftyTwoWeekLow": 86.7, "fiftyTwoWeekHigh": 378.25, "priceToSalesTrailing12Months": 1.3978235, "fiftyDayAverage": 282.76178, "twoHundredDayAverage": 216.0078, "trailingAnnualDividendRate": 0.0, "trailingAnnualDividendYield": 0.0, "currency": "INR", "fromCurrency": null, "lastMarket": null, "algorithm": null, "tradeable": false}, "insiderHolders": {"holders": [{"maxAge": 1, "name": "Krosaki Harima Corporation", "relation": "Promoter", "url": "", "transactionDescription": "Acquisition", "latestTransDate": "2013-02-19", "positionDirect": 5006956, "positionDirectDate": "2013-02-19"}, {"maxAge": 1, "name": "Sojitz Corporation", "relation": "Promoter", "url": "", "transactionDescription": "Sale", "latestTransDate": "2013-02-19", "positionDirect": 0, "positionDirectDate": "2013-02-19"}, {"maxAge": 1, "name": "UTI Master Value Fund", "relation": "Institution- Corporation", "url": "", "transactionDescription": "Sale", "latestTransDate": "2010-02-09", "positionDirect": 1124130, "positionDirectDate": "2010-02-09"}], "maxAge": 1}, "calendarEvents": {"maxAge": 1, "earnings": {"earningsDate": []}, "exDividendDate": "2020-02-17 05:30:00"}, "upgradeDowngradeHistory": {"history": [], "maxAge": 86400}, "price": {"maxAge": 1, "regularMarketChangePercent": -0.0022855771, "regularMarketChange": -0.8500061, "regularMarketTime": "2021-04-30 15:29:48", "priceHint": 2, "regularMarketPrice": 371.05, "regularMarketDayHigh": 378.25, "regularMarketDayLow": 366.4, "regularMarketVolume": 32037, "averageDailyVolume10Day": 39618, "averageDailyVolume3Month": 122031, "regularMarketPreviousClose": 371.9, "regularMarketSource": "FREE_REALTIME", "regularMarketOpen": 366.4, "exchange": "NSI", "exchangeName": "NSE", "exchangeDataDelayedBy": 15, "marketState": "CLOSED", "quoteType": "EQUITY", "symbol": "IFGLEXPOR.NS", "underlyingSymbol": null, "shortName": "IFGL EXPORTS LTD", "longName": "IFGL Refractories Limited", "currency": "INR", "quoteSourceName": "Delayed Quote", "currencySymbol": "\u20b9", "fromCurrency": null, "lastMarket": null, "marketCap": 13426332672}, "balanceSheetHistory": {"balanceSheetStatements": [{"maxAge": 1, "endDate": "2020-03-31", "cash": 1096533000, "netReceivables": 2107200000, "inventory": 1417461000, "otherCurrentAssets": 120064000, "totalCurrentAssets": 5686245000, "longTermInvestments": 5205000, "propertyPlantEquipment": 1811719000, "goodWill": 2638172000, "intangibleAssets": 23173000, "otherAssets": 127266000, "deferredLongTermAssetCharges": 56171000, "totalAssets": 10291780000, "accountsPayable": 1242173000, "shortLongTermDebt": 32139000, "otherCurrentLiab": 80370000, "longTermDebt": 135187000, "otherLiab": 122142000, "totalCurrentLiabilities": 1836345000, "totalLiab": 2202297000, "commonStock": 360393000, "retainedEarnings": 3179226000, "treasuryStock": 575067000, "capitalSurplus": 3974797000, "otherStockholderEquity": 575067000, "totalStockholderEquity": 8089483000, "netTangibleAssets": 5428138000}, {"maxAge": 1, "endDate": "2019-03-31", "cash": 763411000, "shortTermInvestments": 106109000, "netReceivables": 2289808000, "inventory": 1565115000, "otherCurrentAssets": 119608000, "totalCurrentAssets": 5326976000, "longTermInvestments": 8075000, "propertyPlantEquipment": 1501083000, "goodWill": 3078211000, "intangibleAssets": 24920000, "otherAssets": 302630000, "deferredLongTermAssetCharges": 50300000, "totalAssets": 10241895000, "accountsPayable": 1243844000, "shortLongTermDebt": 48616000, "otherCurrentLiab": 19341000, "longTermDebt": 155785000, "otherLiab": 104551000, "totalCurrentLiabilities": 2035122000, "totalLiab": 2295458000, "commonStock": 360393000, "retainedEarnings": 3202995000, "treasuryStock": 408252000, "capitalSurplus": 3974797000, "otherStockholderEquity": 408252000, "totalStockholderEquity": 7946437000, "netTangibleAssets": 4843306000}, {"maxAge": 1, "endDate": "2018-03-31", "cash": 737260000, "shortTermInvestments": 65577000, "netReceivables": 2853783000, "inventory": 1083351000, "otherCurrentAssets": 178565000, "totalCurrentAssets": 5055098000, "longTermInvestments": 14823000, "propertyPlantEquipment": 1302234000, "goodWill": 3358886000, "intangibleAssets": 34186000, "otherAssets": 220038000, "totalAssets": 9985265000, "accountsPayable": 1254065000, "shortLongTermDebt": 63451000, "otherCurrentLiab": 17224000, "longTermDebt": 205225000, "otherLiab": 33977000, "totalCurrentLiabilities": 2226112000, "totalLiab": 2465314000, "commonStock": 360393000, "retainedEarnings": 2831944000, "treasuryStock": 352817000, "capitalSurplus": 3974797000, "otherStockholderEquity": 352817000, "totalStockholderEquity": 7519951000, "netTangibleAssets": 4126879000}, {"maxAge": 1, "endDate": "2017-03-31", "cash": 543862000, "shortTermInvestments": 8725000, "netReceivables": 2289169000, "inventory": 936257000, "otherCurrentAssets": 105422000, "totalCurrentAssets": 4028773000, "longTermInvestments": 5630000, "propertyPlantEquipment": 1210435000, "goodWill": 3492040000, "intangibleAssets": 26661000, "otherAssets": 180951000, "totalAssets": 8944490000, "accountsPayable": 1168124000, "shortLongTermDebt": 83091000, "otherCurrentLiab": 12642000, "longTermDebt": 143631000, "otherLiab": 23781000, "minorityInterest": 305000, "totalCurrentLiabilities": 1919321000, "totalLiab": 2086733000, "commonStock": 360393000, "retainedEarnings": 2451307000, "treasuryStock": 70955000, "capitalSurplus": 3974797000, "otherStockholderEquity": 70955000, "totalStockholderEquity": 6857452000, "netTangibleAssets": 3338751000}], "maxAge": 86400}, "earningsTrend": {"trend": [{"maxAge": 1, "period": "0q", "endDate": null, "growth": {}, "earningsEstimate": {"avg": 0.0, "low": 0.0, "high": 0.0, "yearAgoEps": {}, "numberOfAnalysts": 0, "growth": {}}, "revenueEstimate": {"avg": 0, "low": 0, "high": 0, "numberOfAnalysts": 0, "yearAgoRevenue": {}, "growth": {}}, "epsTrend": {"current": 0.0, "7daysAgo": 0.0, "30daysAgo": 0.0, "60daysAgo": 0.0, "90daysAgo": 0.0}, "epsRevisions": {"upLast7days": 0, "upLast30days": 0, "downLast30days": 0, "downLast90days": {}}}, {"maxAge": 1, "period": "+1q", "endDate": null, "growth": {}, "earningsEstimate": {"avg": 0.0, "low": 0.0, "high": 0.0, "yearAgoEps": {}, "numberOfAnalysts": 0, "growth": {}}, "revenueEstimate": {"avg": 0, "low": 0, "high": 0, "numberOfAnalysts": 0, "yearAgoRevenue": {}, "growth": {}}, "epsTrend": {"current": 0.0, "7daysAgo": 0.0, "30daysAgo": 0.0, "60daysAgo": 0.0, "90daysAgo": 0.0}, "epsRevisions": {"upLast7days": 0, "upLast30days": 0, "downLast30days": 0, "downLast90days": {}}}, {"maxAge": 1, "period": "0y", "endDate": null, "growth": {}, "earningsEstimate": {"avg": 0.0, "low": 0.0, "high": 0.0, "yearAgoEps": {}, "numberOfAnalysts": 0, "growth": {}}, "revenueEstimate": {"avg": 0, "low": 0, "high": 0, "numberOfAnalysts": 0, "yearAgoRevenue": {}, "growth": {}}, "epsTrend": {"current": 0.0, "7daysAgo": 0.0, "30daysAgo": 0.0, "60daysAgo": 0.0, "90daysAgo": 0.0}, "epsRevisions": {"upLast7days": 0, "upLast30days": 0, "downLast30days": 0, "downLast90days": {}}}, {"maxAge": 1, "period": "+1y", "endDate": null, "growth": {}, "earningsEstimate": {"avg": 0.0, "low": 0.0, "high": 0.0, "yearAgoEps": {}, "numberOfAnalysts": 0, "growth": {}}, "revenueEstimate": {"avg": 0, "low": 0, "high": 0, "numberOfAnalysts": 0, "yearAgoRevenue": {}, "growth": {}}, "epsTrend": {"current": 0.0, "7daysAgo": 0.0, "30daysAgo": 0.0, "60daysAgo": 0.0, "90daysAgo": 0.0}, "epsRevisions": {"upLast7days": 0, "upLast30days": 0, "downLast30days": 0, "downLast90days": {}}}, {"maxAge": 1, "period": "+5y", "endDate": null, "growth": {}, "earningsEstimate": {"avg": {}, "low": {}, "high": {}, "yearAgoEps": {}, "numberOfAnalysts": {}, "growth": {}}, "revenueEstimate": {"avg": {}, "low": {}, "high": {}, "numberOfAnalysts": {}, "yearAgoRevenue": {}, "growth": {}}, "epsTrend": {"current": {}, "7daysAgo": {}, "30daysAgo": {}, "60daysAgo": {}, "90daysAgo": {}}, "epsRevisions": {"upLast7days": {}, "upLast30days": {}, "downLast30days": {}, "downLast90days": {}}}, {"maxAge": 1, "period": "-5y", "endDate": null, "growth": {}, "earningsEstimate": {"avg": {}, "low": {}, "high": {}, "yearAgoEps": {}, "numberOfAnalysts": {}, "growth": {}}, "revenueEstimate": {"avg": {}, "low": {}, "high": {}, "numberOfAnalysts": {}, "yearAgoRevenue": {}, "growth": {}}, "epsTrend": {"current": {}, "7daysAgo": {}, "30daysAgo": {}, "60daysAgo": {}, "90daysAgo": {}}, "epsRevisions": {"upLast7days": {}, "upLast30days": {}, "downLast30days": {}, "downLast90days": {}}}], "maxAge": 1}, "institutionOwnership": {"ownershipList": [], "maxAge": 1}, "majorHoldersBreakdown": {"maxAge": 1, "insidersPercentHeld": 0.73748, "institutionsPercentHeld": 0.14463, "institutionsFloatPercentHeld": 0.55092, "institutionsCount": 4}, "balanceSheetHistoryQuarterly": {"balanceSheetStatements": [{"maxAge": 1, "endDate": "2020-12-31", "totalStockholderEquity": 8425800000, "netTangibleAssets": 5794900000}, {"maxAge": 1, "endDate": "2020-09-30", "cash": 1771700000, "shortTermInvestments": 650500000, "netReceivables": 2030700000, "inventory": 1637000000, "otherCurrentAssets": 122100000, "totalCurrentAssets": 6212000000, "longTermInvestments": 5200000, "propertyPlantEquipment": 1685900000, "goodWill": 1052000000, "intangibleAssets": 1578900000, "otherAssets": 109200000, "deferredLongTermAssetCharges": 33300000, "totalAssets": 10643200000, "accountsPayable": 1333700000, "otherCurrentLiab": 183900000, "longTermDebt": 131100000, "otherLiab": 150400000, "totalCurrentLiabilities": 1831300000, "totalLiab": 2217400000, "commonStock": 360400000, "treasuryStock": 8065400000, "otherStockholderEquity": 8065400000, "totalStockholderEquity": 8425800000, "netTangibleAssets": 5794900000}, {"maxAge": 1, "endDate": "2020-06-30"}, {"maxAge": 1, "endDate": "2020-03-31", "cash": 1096533000, "netReceivables": 2107200000, "inventory": 1417461000, "otherCurrentAssets": 120064000, "totalCurrentAssets": 5686245000, "longTermInvestments": 5205000, "propertyPlantEquipment": 1811719000, "goodWill": 2638172000, "intangibleAssets": 23173000, "otherAssets": 127266000, "deferredLongTermAssetCharges": 56171000, "totalAssets": 10291780000, "accountsPayable": 1242173000, "shortLongTermDebt": 32139000, "otherCurrentLiab": 80370000, "longTermDebt": 135187000, "otherLiab": 122142000, "totalCurrentLiabilities": 1836345000, "totalLiab": 2202297000, "commonStock": 360393000, "retainedEarnings": 3179226000, "treasuryStock": 575067000, "capitalSurplus": 3974797000, "otherStockholderEquity": 575067000, "totalStockholderEquity": 8089483000, "netTangibleAssets": 5428138000}], "maxAge": 86400}, "earningsHistory": {"history": [{"maxAge": 1, "epsActual": {}, "epsEstimate": {}, "epsDifference": {}, "surprisePercent": {}, "quarter": {}, "period": "-4q"}, {"maxAge": 1, "epsActual": {}, "epsEstimate": {}, "epsDifference": {}, "surprisePercent": {}, "quarter": {}, "period": "-3q"}, {"maxAge": 1, "epsActual": {}, "epsEstimate": {}, "epsDifference": {}, "surprisePercent": {}, "quarter": {}, "period": "-2q"}, {"maxAge": 1, "epsActual": {}, "epsEstimate": {}, "epsDifference": {}, "surprisePercent": {}, "quarter": {}, "period": "-1q"}], "maxAge": 86400}, "summaryProfile": {"address1": "Mcleod House", "address2": "3, Netaji Subhas Road", "city": "Kolkata", "zip": "700001", "country": "India", "phone": "91 33 4010 6100", "fax": "91 33 2243 0886", "website": "http://www.ifglref.com", "industry": "Building Materials", "sector": "Basic Materials", "longBusinessSummary": "IFGL Refractories Limited engages in the manufacture, trade, and sale of refractory items used in steel plants in India and internationally. The company offers isostatic and slide gate refractories, tube changer systems, and purging systems refractories; cast products and monolithics, zircon and zircona nozzles, spray machines, robotic gunning, and slag control darts and machines; and foundry ceramics, wire guides, and heating ovens. The company was formerly known as IFGL Exports Limited has changed its name to IFGL Refractories Limited in October 2017. IFGL Refractories Limited was incorporated in 2007 and is headquartered in Kolkata, India. IFGL Refractories Limited is a subsidiary of Bajoria Financial Services Private Limited.", "fullTimeEmployees": 685, "companyOfficers": [], "maxAge": 86400}, "netSharePurchaseActivity": {"maxAge": 1, "period": "6m", "buyInfoCount": 0, "buyInfoShares": 0, "sellInfoCount": 0, "netInfoCount": 0, "netInfoShares": 0, "netPercentInsiderShares": 0.0, "totalInsiderShares": 26589222}, "insiderTransactions": {"transactions": [{"maxAge": 1, "shares": 3425546, "filerUrl": "", "transactionText": "", "filerName": "Krosaki Harima Corporation", "filerRelation": "Promoter", "moneyText": "", "startDate": "2013-02-19", "ownership": "D"}, {"maxAge": 1, "shares": 3425546, "filerUrl": "", "transactionText": "", "filerName": "Sojitz Corporation", "filerRelation": "Promoter", "moneyText": "", "startDate": "2013-02-19", "ownership": "D"}, {"maxAge": 1, "shares": 696332, "filerUrl": "", "transactionText": "", "filerName": "UTI Master Value Fund", "filerRelation": "Institution- Corporation", "moneyText": "", "startDate": "2010-02-09", "ownership": "D"}], "maxAge": 1}, "sectorTrend": {"maxAge": 1, "symbol": null, "estimates": []}, "incomeStatementHistoryQuarterly": {"incomeStatementHistory": [{"maxAge": 1, "endDate": "2020-12-31", "totalRevenue": 2890000000, "costOfRevenue": 1358300000, "grossProfit": 1531700000, "researchDevelopment": {}, "sellingGeneralAdministrative": 400800000, "nonRecurring": {}, "otherOperatingExpenses": 642300000, "totalOperatingExpenses": 2519200000, "operatingIncome": 370800000, "totalOtherIncomeExpenseNet": 101200000, "ebit": 370800000, "interestExpense": -6000000, "incomeBeforeTax": 472000000, "incomeTaxExpense": 99200000, "minorityInterest": {}, "netIncomeFromContinuingOps": 372800000, "discontinuedOperations": {}, "extraordinaryItems": {}, "effectOfAccountingCharges": {}, "otherItems": {}, "netIncome": 372800000, "netIncomeApplicableToCommonShares": 372800000}, {"maxAge": 1, "endDate": "2020-09-30", "totalRevenue": 2462100000, "costOfRevenue": 1095200000, "grossProfit": 1366900000, "researchDevelopment": {}, "sellingGeneralAdministrative": 379300000, "nonRecurring": {}, "otherOperatingExpenses": 597100000, "totalOperatingExpenses": 2196200000, "operatingIncome": 265900000, "totalOtherIncomeExpenseNet": 13600000, "ebit": 265900000, "interestExpense": -8500000, "incomeBeforeTax": 279500000, "incomeTaxExpense": 73100000, "minorityInterest": {}, "netIncomeFromContinuingOps": 206400000, "discontinuedOperations": {}, "extraordinaryItems": {}, "effectOfAccountingCharges": {}, "otherItems": {}, "netIncome": 206400000, "netIncomeApplicableToCommonShares": 206400000}, {"maxAge": 1, "endDate": "2020-06-30", "totalRevenue": 2032200000, "costOfRevenue": 959100000, "grossProfit": 1073100000, "researchDevelopment": {}, "sellingGeneralAdministrative": 347700000, "nonRecurring": {}, "otherOperatingExpenses": 491800000, "totalOperatingExpenses": 1917900000, "operatingIncome": 114300000, "totalOtherIncomeExpenseNet": 24200000, "ebit": 114300000, "interestExpense": -7300000, "incomeBeforeTax": 138500000, "incomeTaxExpense": 36600000, "minorityInterest": {}, "netIncomeFromContinuingOps": 101900000, "discontinuedOperations": {}, "extraordinaryItems": {}, "effectOfAccountingCharges": {}, "otherItems": {}, "netIncome": 101900000, "netIncomeApplicableToCommonShares": 101900000}, {"maxAge": 1, "endDate": "2020-03-31", "totalRevenue": 2258170000, "costOfRevenue": 1187339000, "grossProfit": 1070831000, "researchDevelopment": {}, "sellingGeneralAdministrative": 404895000, "nonRecurring": {}, "otherOperatingExpenses": 463925000, "totalOperatingExpenses": 1925496000, "operatingIncome": 332674000, "totalOtherIncomeExpenseNet": -456393000, "ebit": 332674000, "interestExpense": -11321000, "incomeBeforeTax": -123719000, "incomeTaxExpense": 15614000, "minorityInterest": {}, "netIncomeFromContinuingOps": -139333000, "discontinuedOperations": {}, "extraordinaryItems": {}, "effectOfAccountingCharges": {}, "otherItems": {}, "netIncome": -139333000, "netIncomeApplicableToCommonShares": -139333000}], "maxAge": 86400}, "cashflowStatementHistoryQuarterly": {"cashflowStatements": [{"maxAge": 1, "endDate": "2020-12-31", "netIncome": 372800000, "changeToLiabilities": 0}, {"maxAge": 1, "endDate": "2020-09-30", "netIncome": 206400000, "changeToLiabilities": 0}, {"maxAge": 1, "endDate": "2020-06-30", "netIncome": 101900000, "changeToLiabilities": 0}, {"maxAge": 1, "endDate": "2020-03-31", "netIncome": -139333000, "changeToLiabilities": 0}], "maxAge": 86400}, "earnings": {"maxAge": 86400, "earningsChart": {"quarterly": [], "earningsDate": []}, "financialsChart": {"yearly": [{"date": 2017, "revenue": 7655735000, "earnings": 499683000}, {"date": 2018, "revenue": 8353375000, "earnings": 471215000}, {"date": 2019, "revenue": 9504133000, "earnings": 504603000}, {"date": 2020, "revenue": 9173470000, "earnings": 194567000}], "quarterly": [{"date": "1Q2020", "revenue": 2258170000, "earnings": -139333000}, {"date": "2Q2020", "revenue": 2032200000, "earnings": 101900000}, {"date": "3Q2020", "revenue": 2462100000, "earnings": 206400000}, {"date": "4Q2020", "revenue": 2890000000, "earnings": 372800000}]}, "financialCurrency": "INR"}, "financialData": {"maxAge": 86400, "currentPrice": 371.05, "targetHighPrice": 409.0, "targetLowPrice": 191.0, "targetMeanPrice": 306.67, "targetMedianPrice": 320.0, "recommendationKey": "none", "numberOfAnalystOpinions": 3, "totalCash": 2422200064, "totalCashPerShare": 67.182, "ebitda": 1278352256, "totalDebt": 546800000, "totalRevenue": 9605170176, "debtToEquity": 6.489, "revenuePerShare": 266.577, "grossProfits": 4467531000, "earningsGrowth": 4.119, "revenueGrowth": 0.324, "grossMargins": 0.5211, "ebitdaMargins": 0.13309, "operatingMargins": 0.11282, "profitMargins": 0.05641, "financialCurrency": "INR"}}}