{"IFGLEXPOR.BO": {"recommendationTrend": {"trend": [{"period": "0m", "strongBuy": 0, "buy": 0, "hold": 0, "sell": 0, "strongSell": 0}, {"period": "-1m", "strongBuy": 0, "buy": 0, "hold": 0, "sell": 0, "strongSell": 0}, {"period": "-2m", "strongBuy": 0, "buy": 0, "hold": 0, "sell": 0, "strongSell": 0}, {"period": "-3m", "strongBuy": 0, "buy": 0, "hold": 0, "sell": 0, "strongSell": 0}], "maxAge": 86400}, "cashflowStatementHistory": {"cashflowStatements": [{"maxAge": 1, "endDate": "2020-03-31", "netIncome": 194567000, "depreciation": 212099000, "changeToNetincome": 629531000, "changeToAccountReceivables": 131730000, "changeToLiabilities": 156725000, "changeToInventory": 169720000, "totalCashFromOperatingActivities": 1498710000, "capitalExpenditures": -249496000, "investments": -324362000, "otherCashflowsFromInvestingActivities": 29361000, "totalCashflowsFromInvestingActivities": -537040000, "dividendsPaid": -180199000, "netBorrowings": -417435000, "otherCashflowsFromFinancingActivities": -63950000, "totalCashFromFinancingActivities": -661584000, "effectOfExchangeRate": 33036000, "changeInCash": 333122000}, {"maxAge": 1, "endDate": "2019-03-31", "netIncome": 504603000, "depreciation": 185580000, "changeToNetincome": 260846000, "changeToAccountReceivables": 622594000, "changeToLiabilities": -8082000, "changeToInventory": -481764000, "totalCashFromOperatingActivities": 1093741000, "capitalExpenditures": -393935000, "investments": -348859000, "otherCashflowsFromInvestingActivities": 16024000, "totalCashflowsFromInvestingActivities": -711400000, "dividendsPaid": -72079000, "netBorrowings": -233736000, "otherCashflowsFromFinancingActivities": -59282000, "totalCashFromFinancingActivities": -365097000, "effectOfExchangeRate": 8907000, "changeInCash": 26151000}, {"maxAge": 1, "endDate": "2018-03-31", "netIncome": 471215000, "depreciation": 164806000, "changeToNetincome": 498537000, "changeToAccountReceivables": -662045000, "changeToLiabilities": 78424000, "changeToInventory": -147094000, "totalCashFromOperatingActivities": 410963000, "capitalExpenditures": -448594000, "investments": -57233000, "otherCashflowsFromInvestingActivities": 9811000, "totalCashflowsFromInvestingActivities": -477220000, "dividendsPaid": -72079000, "netBorrowings": 309912000, "otherCashflowsFromFinancingActivities": -59214000, "totalCashFromFinancingActivities": 178619000, "effectOfExchangeRate": 81036000, "changeInCash": 193398000}, {"maxAge": 1, "endDate": "2017-03-31", "netIncome": 499683000, "depreciation": 170238000, "changeToNetincome": 248618000, "changeToAccountReceivables": -659961000, "changeToLiabilities": 179735000, "changeToInventory": -164224000, "totalCashFromOperatingActivities": 278356000, "capitalExpenditures": -133417000, "investments": -21338000, "otherCashflowsFromInvestingActivities": 148751000, "totalCashflowsFromInvestingActivities": -2313000, "dividendsPaid": -5452000, "netBorrowings": 9344000, "otherCashflowsFromFinancingActivities": -45273000, "totalCashFromFinancingActivities": -41381000, "effectOfExchangeRate": -91556000, "changeInCash": 143106000}], "maxAge": 86400}, "institutionOwnership": {"ownershipList": [], "maxAge": 1}, "balanceSheetHistoryQuarterly": {"balanceSheetStatements": [{"maxAge": 1, "endDate": "2020-06-30"}, {"maxAge": 1, "endDate": "2020-03-31", "cash": 1096533000, "netReceivables": 2107200000, "inventory": 1417461000, "otherCurrentAssets": 120064000, "totalCurrentAssets": 5686245000, "longTermInvestments": 5205000, "propertyPlantEquipment": 1811719000, "goodWill": 2638172000, "intangibleAssets": 23173000, "otherAssets": 127266000, "deferredLongTermAssetCharges": 56171000, "totalAssets": 10291780000, "accountsPayable": 1242173000, "shortLongTermDebt": 32139000, "otherCurrentLiab": 80370000, "longTermDebt": 135187000, "otherLiab": 122142000, "totalCurrentLiabilities": 1836345000, "totalLiab": 2202297000, "commonStock": 360393000, "retainedEarnings": 3179226000, "treasuryStock": 575067000, "capitalSurplus": 3974797000, "otherStockholderEquity": 575067000, "totalStockholderEquity": 8089483000, "netTangibleAssets": 5428138000}, {"maxAge": 1, "endDate": "2019-12-31", "totalStockholderEquity": 8032000000, "netTangibleAssets": 5104800000}, {"maxAge": 1, "endDate": "2019-09-30", "cash": 1019500000, "shortTermInvestments": 712100000, "netReceivables": 2138500000, "inventory": 1526200000, "otherCurrentAssets": 155600000, "totalCurrentAssets": 5551900000, "longTermInvestments": 47600000, "propertyPlantEquipment": 1584900000, "goodWill": 1166800000, "intangibleAssets": 1760400000, "otherAssets": 182500000, "deferredLongTermAssetCharges": 58000000, "totalAssets": 10294100000, "accountsPayable": 1148300000, "otherCurrentLiab": 80300000, "longTermDebt": 168700000, "otherLiab": 117100000, "totalCurrentLiabilities": 1889500000, "totalLiab": 2262100000, "commonStock": 360400000, "treasuryStock": 7671600000, "otherStockholderEquity": 7671600000, "totalStockholderEquity": 8032000000, "netTangibleAssets": 5104800000}], "maxAge": 86400}, "earningsHistory": {"history": [{"maxAge": 1, "epsActual": 3.07, "epsEstimate": 4.62, "epsDifference": -1.55, "surprisePercent": -0.335, "quarter": "2016-03-31", "period": "-4q"}, {"maxAge": 1, "epsActual": 2.89, "epsEstimate": 3.68, "epsDifference": -0.79, "surprisePercent": -0.215, "quarter": "2016-06-30", "period": "-3q"}, {"maxAge": 1, "epsActual": 5.16, "epsEstimate": 3.84, "epsDifference": 1.32, "surprisePercent": 0.344, "quarter": "2016-09-30", "period": "-2q"}, {"maxAge": 1, "epsActual": 3.07, "epsEstimate": 6.45, "epsDifference": -3.38, "surprisePercent": -0.524, "quarter": "2016-12-31", "period": "-1q"}], "maxAge": 86400}, "indexTrend": {"maxAge": 1, "symbol": "SP5", "peRatio": 19.7411, "pegRatio": 1.34172, "estimates": [{"period": "0q", "growth": 0.549}, {"period": "+1q", "growth": 0.431}, {"period": "0y", "growth": 0.305}, {"period": "+1y", "growth": 0.109}, {"period": "+5y", "growth": 0.120865}, {"period": "-5y"}]}, "industryTrend": {"maxAge": 1, "symbol": null, "estimates": []}, "insiderTransactions": {"transactions": [{"maxAge": 1, "shares": 3425546, "filerUrl": "", "transactionText": "", "filerName": "Krosaki Harima Corporation", "filerRelation": "Promoter", "moneyText": "", "startDate": "2013-02-19", "ownership": "D"}, {"maxAge": 1, "shares": 3425546, "filerUrl": "", "transactionText": "", "filerName": "Sojitz Corporation", "filerRelation": "Promoter", "moneyText": "", "startDate": "2013-02-19", "ownership": "D"}, {"maxAge": 1, "shares": 696332, "filerUrl": "", "transactionText": "", "filerName": "UTI Master Value Fund", "filerRelation": "Institution- Corporation", "moneyText": "", "startDate": "2010-02-09", "ownership": "D"}], "maxAge": 1}, "quoteType": {"exchange": "BSE", "quoteType": "EQUITY", "symbol": "IFGLEXPOR.BO", "underlyingSymbol": "IFGLEXPOR.BO", "shortName": "IFGL Refractories Limited", "longName": "IFGL Refractories Limited", "firstTradeDateEpochUtc": "2000-04-12 09:15:00", "timeZoneFullName": "Asia/Kolkata", "timeZoneShortName": "IST", "uuid": "b6a97dda-78e6-33a5-a07a-aea9b9f23849", "gmtOffSetMilliseconds": 19800000, "maxAge": 1}, "incomeStatementHistory": {"incomeStatementHistory": [{"maxAge": 1, "endDate": "2020-03-31", "totalRevenue": 9173470000, "costOfRevenue": 4705939000, "grossProfit": 4467531000, "researchDevelopment": {}, "sellingGeneralAdministrative": 1536295000, "nonRecurring": {}, "otherOperatingExpenses": 2011625000, "totalOperatingExpenses": 8470296000, "operatingIncome": 703174000, "totalOtherIncomeExpenseNet": -403493000, "ebit": 703174000, "interestExpense": -36121000, "incomeBeforeTax": 299681000, "incomeTaxExpense": 105114000, "minorityInterest": {}, "netIncomeFromContinuingOps": 194567000, "discontinuedOperations": {}, "extraordinaryItems": {}, "effectOfAccountingCharges": {}, "otherItems": {}, "netIncome": 194567000, "netIncomeApplicableToCommonShares": 194567000}, {"maxAge": 1, "endDate": "2019-03-31", "totalRevenue": 9504133000, "costOfRevenue": 4885753000, "grossProfit": 4618380000, "researchDevelopment": {}, "sellingGeneralAdministrative": 1523574000, "nonRecurring": {}, "otherOperatingExpenses": 2000397000, "totalOperatingExpenses": 8602931000, "operatingIncome": 901202000, "totalOtherIncomeExpenseNet": -260710000, "ebit": 901202000, "interestExpense": -36888000, "incomeBeforeTax": 640492000, "incomeTaxExpense": 135889000, "minorityInterest": {}, "netIncomeFromContinuingOps": 504603000, "discontinuedOperations": {}, "extraordinaryItems": {}, "effectOfAccountingCharges": {}, "otherItems": {}, "netIncome": 504603000, "netIncomeApplicableToCommonShares": 504603000}, {"maxAge": 1, "endDate": "2018-03-31", "totalRevenue": 8353375000, "costOfRevenue": 4305248000, "grossProfit": 4048127000, "researchDevelopment": {}, "sellingGeneralAdministrative": 1316061000, "nonRecurring": {}, "otherOperatingExpenses": 1772011000, "totalOperatingExpenses": 7564281000, "operatingIncome": 789094000, "totalOtherIncomeExpenseNet": -163630000, "ebit": 789094000, "interestExpense": -39679000, "incomeBeforeTax": 625464000, "incomeTaxExpense": 154249000, "minorityInterest": {}, "netIncomeFromContinuingOps": 471215000, "discontinuedOperations": {}, "extraordinaryItems": {}, "effectOfAccountingCharges": {}, "otherItems": {}, "netIncome": 471215000, "netIncomeApplicableToCommonShares": 471215000}, {"maxAge": 1, "endDate": "2017-03-31", "totalRevenue": 7655735000, "costOfRevenue": 3712124000, "grossProfit": 3943611000, "researchDevelopment": {}, "sellingGeneralAdministrative": 1261870000, "nonRecurring": {}, "otherOperatingExpenses": 1693064000, "totalOperatingExpenses": 6840598000, "operatingIncome": 815137000, "totalOtherIncomeExpenseNet": -270019000, "ebit": 815137000, "interestExpense": -44871000, "incomeBeforeTax": 545118000, "incomeTaxExpense": 45525000, "minorityInterest": 305000, "netIncomeFromContinuingOps": 499593000, "discontinuedOperations": {}, "extraordinaryItems": {}, "effectOfAccountingCharges": {}, "otherItems": {}, "netIncome": 499683000, "netIncomeApplicableToCommonShares": 499683000}], "maxAge": 86400}, "fundOwnership": {"ownershipList": [], "maxAge": 1}, "summaryDetail": {"maxAge": 1, "priceHint": 2, "previousClose": 373.4, "open": 375.35, "dayLow": 362.55, "dayHigh": 379.0, "regularMarketPreviousClose": 373.4, "regularMarketOpen": 375.35, "regularMarketDayLow": 362.55, "regularMarketDayHigh": 379.0, "trailingPE": 83.5871, "forwardPE": 30.226719, "volume": 7255, "regularMarketVolume": 7255, "averageVolume": 6883, "averageVolume10days": 2368, "averageDailyVolume10Day": 2368, "bid": 369.75, "ask": 379.0, "bidSize": 0, "askSize": 0, "marketCap": 13441636352, "fiftyTwoWeekLow": 64.1, "fiftyTwoWeekHigh": 379.0, "fiftyDayAverage": 242.47575, "twoHundredDayAverage": 174.15735, "trailingAnnualDividendRate": 2.5, "trailingAnnualDividendYield": 0.0066952333, "currency": "INR", "fromCurrency": null, "lastMarket": null, "algorithm": null, "tradeable": false}, "sectorTrend": {"maxAge": 1, "symbol": null, "estimates": []}, "incomeStatementHistoryQuarterly": {"incomeStatementHistory": [{"maxAge": 1, "endDate": "2020-06-30", "totalRevenue": 2032200000, "costOfRevenue": 959100000, "grossProfit": 1073100000, "researchDevelopment": {}, "sellingGeneralAdministrative": 347700000, "nonRecurring": {}, "otherOperatingExpenses": 491800000, "totalOperatingExpenses": 1917900000, "operatingIncome": 114300000, "totalOtherIncomeExpenseNet": 24200000, "ebit": 114300000, "interestExpense": -7300000, "incomeBeforeTax": 138500000, "incomeTaxExpense": 36600000, "minorityInterest": {}, "netIncomeFromContinuingOps": 101900000, "discontinuedOperations": {}, "extraordinaryItems": {}, "effectOfAccountingCharges": {}, "otherItems": {}, "netIncome": 101900000, "netIncomeApplicableToCommonShares": 101900000}, {"maxAge": 1, "endDate": "2020-03-31", "totalRevenue": 2258170000, "costOfRevenue": 1187339000, "grossProfit": 1070831000, "researchDevelopment": {}, "sellingGeneralAdministrative": 404895000, "nonRecurring": {}, "otherOperatingExpenses": 463925000, "totalOperatingExpenses": 1925496000, "operatingIncome": 332674000, "totalOtherIncomeExpenseNet": -456393000, "ebit": 332674000, "interestExpense": -11321000, "incomeBeforeTax": -123719000, "incomeTaxExpense": 15614000, "minorityInterest": {}, "netIncomeFromContinuingOps": -139333000, "discontinuedOperations": {}, "extraordinaryItems": {}, "effectOfAccountingCharges": {}, "otherItems": {}, "netIncome": -139333000, "netIncomeApplicableToCommonShares": -139333000}, {"maxAge": 1, "endDate": "2019-12-31", "totalRevenue": 2183200000, "costOfRevenue": 1084000000, "grossProfit": 1099200000, "researchDevelopment": {}, "sellingGeneralAdministrative": 381900000, "nonRecurring": {}, "otherOperatingExpenses": 504000000, "totalOperatingExpenses": 2085400000, "operatingIncome": 97800000, "totalOtherIncomeExpenseNet": 10400000, "ebit": 97800000, "interestExpense": -7500000, "incomeBeforeTax": 108200000, "incomeTaxExpense": 35500000, "minorityInterest": {}, "netIncomeFromContinuingOps": 72700000, "discontinuedOperations": {}, "extraordinaryItems": {}, "effectOfAccountingCharges": {}, "otherItems": {}, "netIncome": 72700000, "netIncomeApplicableToCommonShares": 72700000}, {"maxAge": 1, "endDate": "2019-09-30", "totalRevenue": 2185600000, "costOfRevenue": 1103400000, "grossProfit": 1082200000, "researchDevelopment": {}, "sellingGeneralAdministrative": 377200000, "nonRecurring": {}, "otherOperatingExpenses": 488000000, "totalOperatingExpenses": 2084700000, "operatingIncome": 100900000, "totalOtherIncomeExpenseNet": 37400000, "ebit": 100900000, "interestExpense": -7400000, "incomeBeforeTax": 138300000, "incomeTaxExpense": 13000000, "minorityInterest": {}, "netIncomeFromContinuingOps": 125300000, "discontinuedOperations": {}, "extraordinaryItems": {}, "effectOfAccountingCharges": {}, "otherItems": {}, "netIncome": 125300000, "netIncomeApplicableToCommonShares": 125300000}], "maxAge": 86400}, "cashflowStatementHistoryQuarterly": {"cashflowStatements": [{"maxAge": 1, "endDate": "2020-06-30", "netIncome": 101900000, "changeToLiabilities": 0}, {"maxAge": 1, "endDate": "2020-03-31", "netIncome": -139333000, "changeToLiabilities": 0}, {"maxAge": 1, "endDate": "2019-12-31", "netIncome": 72700000, "changeToLiabilities": 0}, {"maxAge": 1, "endDate": "2019-09-30", "netIncome": 125300000, "changeToLiabilities": 0}], "maxAge": 86400}, "insiderHolders": {"holders": [{"maxAge": 1, "name": "Krosaki Harima Corporation", "relation": "Promoter", "url": "", "transactionDescription": "Acquisition", "latestTransDate": "2013-02-19", "positionDirect": 5006956, "positionDirectDate": "2013-02-19"}, {"maxAge": 1, "name": "Sojitz Corporation", "relation": "Promoter", "url": "", "transactionDescription": "Sale", "latestTransDate": "2013-02-19", "positionDirect": 0, "positionDirectDate": "2013-02-19"}, {"maxAge": 1, "name": "UTI Master Value Fund", "relation": "Institution- Corporation", "url": "", "transactionDescription": "Sale", "latestTransDate": "2010-02-09", "positionDirect": 1124130, "positionDirectDate": "2010-02-09"}], "maxAge": 1}, "earnings": {"maxAge": 86400, "earningsChart": {"quarterly": [{"date": "1Q2016", "actual": 3.07, "estimate": 4.62}, {"date": "2Q2016", "actual": 2.89, "estimate": 3.68}, {"date": "3Q2016", "actual": 5.16, "estimate": 3.84}, {"date": "4Q2016", "actual": 3.07, "estimate": 6.45}], "currentQuarterEstimateDate": "1Q", "currentQuarterEstimateYear": 2017, "earningsDate": []}, "financialsChart": {"yearly": [{"date": 2017, "revenue": 7655735000, "earnings": 499683000}, {"date": 2018, "revenue": 8353375000, "earnings": 471215000}, {"date": 2019, "revenue": 9504133000, "earnings": 504603000}, {"date": 2020, "revenue": 9173470000, "earnings": 194567000}], "quarterly": [{"date": "3Q2019", "revenue": 2185600000, "earnings": 125300000}, {"date": "4Q2019", "revenue": 2183200000, "earnings": 72700000}, {"date": "1Q2020", "revenue": 2258170000, "earnings": -139333000}, {"date": "2Q2020", "revenue": 2032200000, "earnings": 101900000}]}, "financialCurrency": "INR"}, "calendarEvents": {"maxAge": 1, "earnings": {"earningsDate": [], "revenueAverage": 2083900000, "revenueLow": 2009000000, "revenueHigh": 2009000000}}, "upgradeDowngradeHistory": {"history": [], "maxAge": 86400}, "price": {"maxAge": 1, "regularMarketChangePercent": -0.00026782567, "regularMarketChange": -0.1000061, "regularMarketTime": "2021-04-30 15:28:53", "priceHint": 2, "regularMarketPrice": 373.3, "regularMarketDayHigh": 379.0, "regularMarketDayLow": 362.55, "regularMarketVolume": 7255, "averageDailyVolume10Day": 2368, "averageDailyVolume3Month": 6883, "regularMarketPreviousClose": 373.4, "regularMarketSource": "FREE_REALTIME", "regularMarketOpen": 375.35, "exchange": "BSE", "exchangeName": "BSE", "exchangeDataDelayedBy": 0, "marketState": "CLOSED", "quoteType": "EQUITY", "symbol": "IFGLEXPOR.BO", "underlyingSymbol": null, "shortName": "IFGL Refractories Limited", "longName": "IFGL Refractories Limited", "currency": "INR", "quoteSourceName": "Delayed Quote", "currencySymbol": "\u20b9", "fromCurrency": null, "lastMarket": null, "marketCap": 13441636352}, "balanceSheetHistory": {"balanceSheetStatements": [{"maxAge": 1, "endDate": "2020-03-31", "cash": 1096533000, "netReceivables": 2107200000, "inventory": 1417461000, "otherCurrentAssets": 120064000, "totalCurrentAssets": 5686245000, "longTermInvestments": 5205000, "propertyPlantEquipment": 1811719000, "goodWill": 2638172000, "intangibleAssets": 23173000, "otherAssets": 127266000, "deferredLongTermAssetCharges": 56171000, "totalAssets": 10291780000, "accountsPayable": 1242173000, "shortLongTermDebt": 32139000, "otherCurrentLiab": 80370000, "longTermDebt": 135187000, "otherLiab": 122142000, "totalCurrentLiabilities": 1836345000, "totalLiab": 2202297000, "commonStock": 360393000, "retainedEarnings": 3179226000, "treasuryStock": 575067000, "capitalSurplus": 3974797000, "otherStockholderEquity": 575067000, "totalStockholderEquity": 8089483000, "netTangibleAssets": 5428138000}, {"maxAge": 1, "endDate": "2019-03-31", "cash": 763411000, "shortTermInvestments": 106109000, "netReceivables": 2289808000, "inventory": 1565115000, "otherCurrentAssets": 119608000, "totalCurrentAssets": 5326976000, "longTermInvestments": 8075000, "propertyPlantEquipment": 1501083000, "goodWill": 3078211000, "intangibleAssets": 24920000, "otherAssets": 302630000, "deferredLongTermAssetCharges": 50300000, "totalAssets": 10241895000, "accountsPayable": 1243844000, "shortLongTermDebt": 48616000, "otherCurrentLiab": 19341000, "longTermDebt": 155785000, "otherLiab": 104551000, "totalCurrentLiabilities": 2035122000, "totalLiab": 2295458000, "commonStock": 360393000, "retainedEarnings": 3202995000, "treasuryStock": 408252000, "capitalSurplus": 3974797000, "otherStockholderEquity": 408252000, "totalStockholderEquity": 7946437000, "netTangibleAssets": 4843306000}, {"maxAge": 1, "endDate": "2018-03-31", "cash": 737260000, "shortTermInvestments": 65577000, "netReceivables": 2853783000, "inventory": 1083351000, "otherCurrentAssets": 178565000, "totalCurrentAssets": 5055098000, "longTermInvestments": 14823000, "propertyPlantEquipment": 1302234000, "goodWill": 3358886000, "intangibleAssets": 34186000, "otherAssets": 220038000, "totalAssets": 9985265000, "accountsPayable": 1254065000, "shortLongTermDebt": 63451000, "otherCurrentLiab": 17224000, "longTermDebt": 205225000, "otherLiab": 33977000, "totalCurrentLiabilities": 2226112000, "totalLiab": 2465314000, "commonStock": 360393000, "retainedEarnings": 2831944000, "treasuryStock": 352817000, "capitalSurplus": 3974797000, "otherStockholderEquity": 352817000, "totalStockholderEquity": 7519951000, "netTangibleAssets": 4126879000}, {"maxAge": 1, "endDate": "2017-03-31", "cash": 543862000, "shortTermInvestments": 8725000, "netReceivables": 2289169000, "inventory": 936257000, "otherCurrentAssets": 105422000, "totalCurrentAssets": 4028773000, "longTermInvestments": 5630000, "propertyPlantEquipment": 1210435000, "goodWill": 3492040000, "intangibleAssets": 26661000, "otherAssets": 180951000, "totalAssets": 8944490000, "accountsPayable": 1168124000, "shortLongTermDebt": 83091000, "otherCurrentLiab": 12642000, "longTermDebt": 143631000, "otherLiab": 23781000, "minorityInterest": 305000, "totalCurrentLiabilities": 1919321000, "totalLiab": 2086733000, "commonStock": 360393000, "retainedEarnings": 2451307000, "treasuryStock": 70955000, "capitalSurplus": 3974797000, "otherStockholderEquity": 70955000, "totalStockholderEquity": 6857452000, "netTangibleAssets": 3338751000}], "maxAge": 86400}, "earningsTrend": {"trend": [{"maxAge": 1, "period": "0q", "endDate": "2017-03-31", "growth": {}, "earningsEstimate": {"avg": 0.0, "low": 0.0, "high": 0.0, "yearAgoEps": 3.07, "numberOfAnalysts": 0, "growth": {}}, "revenueEstimate": {"avg": 2083900000, "low": 2009000000, "high": 2009000000, "numberOfAnalysts": 1, "yearAgoRevenue": 1765000000, "growth": 0.18100001}, "epsTrend": {"current": 0.0, "7daysAgo": 4.36, "30daysAgo": 4.36, "60daysAgo": 4.36, "90daysAgo": 4.36}, "epsRevisions": {"upLast7days": 0, "upLast30days": 0, "downLast30days": 0, "downLast90days": {}}}, {"maxAge": 1, "period": "+1q", "endDate": "2017-06-30", "growth": {}, "earningsEstimate": {"avg": 0.0, "low": 0.0, "high": 0.0, "yearAgoEps": 2.89, "numberOfAnalysts": 0, "growth": {}}, "revenueEstimate": {"avg": 1977500000, "low": 1964000000, "high": 1964000000, "numberOfAnalysts": 1, "yearAgoRevenue": 1809800000, "growth": 0.093}, "epsTrend": {"current": 0.0, "7daysAgo": 5.09, "30daysAgo": 5.09, "60daysAgo": 5.09, "90daysAgo": 5.09}, "epsRevisions": {"upLast7days": 0, "upLast30days": 0, "downLast30days": 0, "downLast90days": {}}}, {"maxAge": 1, "period": "0y", "endDate": "2017-03-31", "growth": {}, "earningsEstimate": {"avg": 0.0, "low": 0.0, "high": 0.0, "yearAgoEps": {}, "numberOfAnalysts": 0, "growth": {}}, "revenueEstimate": {"avg": 7655700000, "low": 7475310000, "high": 7783000000, "numberOfAnalysts": 2, "yearAgoRevenue": 7169700000, "growth": 0.068}, "epsTrend": {"current": 0.0, "7daysAgo": 15.77, "30daysAgo": 15.77, "60daysAgo": 15.77, "90daysAgo": 15.77}, "epsRevisions": {"upLast7days": 0, "upLast30days": 0, "downLast30days": 0, "downLast90days": {}}}, {"maxAge": 1, "period": "+1y", "endDate": "2018-03-31", "growth": {}, "earningsEstimate": {"avg": 12.35, "low": 11.6, "high": 13.1, "yearAgoEps": {}, "numberOfAnalysts": 2, "growth": {}}, "revenueEstimate": {"avg": 8209700000, "low": 8077000000, "high": 8342400000, "numberOfAnalysts": 2, "yearAgoRevenue": 7655700000, "growth": 0.072}, "epsTrend": {"current": 12.35, "7daysAgo": 12.75, "30daysAgo": 12.75, "60daysAgo": 13.1, "90daysAgo": 15.32}, "epsRevisions": {"upLast7days": 0, "upLast30days": 0, "downLast30days": 1, "downLast90days": {}}}, {"maxAge": 1, "period": "+5y", "endDate": null, "growth": {}, "earningsEstimate": {"avg": {}, "low": {}, "high": {}, "yearAgoEps": {}, "numberOfAnalysts": {}, "growth": {}}, "revenueEstimate": {"avg": {}, "low": {}, "high": {}, "numberOfAnalysts": {}, "yearAgoRevenue": {}, "growth": {}}, "epsTrend": {"current": {}, "7daysAgo": {}, "30daysAgo": {}, "60daysAgo": {}, "90daysAgo": {}}, "epsRevisions": {"upLast7days": {}, "upLast30days": {}, "downLast30days": {}, "downLast90days": {}}}, {"maxAge": 1, "period": "-5y", "endDate": null, "growth": -0.07357, "earningsEstimate": {"avg": {}, "low": {}, "high": {}, "yearAgoEps": {}, "numberOfAnalysts": {}, "growth": {}}, "revenueEstimate": {"avg": {}, "low": {}, "high": {}, "numberOfAnalysts": {}, "yearAgoRevenue": {}, "growth": {}}, "epsTrend": {"current": {}, "7daysAgo": {}, "30daysAgo": {}, "60daysAgo": {}, "90daysAgo": {}}, "epsRevisions": {"upLast7days": {}, "upLast30days": {}, "downLast30days": {}, "downLast90days": {}}}], "maxAge": 1}, "financialData": {"maxAge": 86400, "currentPrice": 373.3, "targetHighPrice": 403.0, "targetLowPrice": 310.0, "targetMeanPrice": 356.5, "targetMedianPrice": 356.5, "recommendationMean": 2.0, "recommendationKey": "buy", "numberOfAnalystOpinions": 2, "grossProfits": 4467531000, "financialCurrency": "INR"}}}