{"IGL.BO": {"recommendationTrend": {"trend": [{"period": "0m", "strongBuy": 0, "buy": 0, "hold": 0, "sell": 0, "strongSell": 0}, {"period": "-1m", "strongBuy": 0, "buy": 0, "hold": 0, "sell": 0, "strongSell": 0}, {"period": "-2m", "strongBuy": 0, "buy": 0, "hold": 0, "sell": 0, "strongSell": 0}, {"period": "-3m", "strongBuy": 0, "buy": 0, "hold": 0, "sell": 0, "strongSell": 0}], "maxAge": 86400}, "cashflowStatementHistory": {"cashflowStatements": [{"maxAge": 1, "endDate": "2020-03-31", "netIncome": 12489900000, "depreciation": 2452700000, "changeToNetincome": -3125300000, "changeToAccountReceivables": 478700000, "changeToLiabilities": -978900000, "changeToInventory": 1000000, "changeToOperatingActivities": 2219600000, "totalCashFromOperatingActivities": 13607500000, "capitalExpenditures": -9632200000, "investments": 4009000000, "otherCashflowsFromInvestingActivities": 416000000, "totalCashflowsFromInvestingActivities": -5207200000, "dividendsPaid": -1680000000, "netBorrowings": -409300000, "otherCashflowsFromFinancingActivities": -345500000, "totalCashFromFinancingActivities": -2434800000, "changeInCash": 5965500000}, {"maxAge": 1, "endDate": "2019-03-31", "netIncome": 8421000000, "depreciation": 1950500000, "changeToNetincome": -1501900000, "changeToAccountReceivables": 20700000, "changeToLiabilities": 947800000, "changeToInventory": 14500000, "changeToOperatingActivities": 1658700000, "totalCashFromOperatingActivities": 11571500000, "capitalExpenditures": -6807200000, "investments": -4858700000, "otherCashflowsFromInvestingActivities": 457500000, "totalCashflowsFromInvestingActivities": -11208400000, "dividendsPaid": -1397000000, "netBorrowings": -409300000, "otherCashflowsFromFinancingActivities": -291300000, "totalCashFromFinancingActivities": -1688300000, "changeInCash": -1325200000}, {"maxAge": 1, "endDate": "2018-03-31", "netIncome": 7217200000, "depreciation": 1762500000, "changeToNetincome": -1077800000, "changeToAccountReceivables": -246600000, "changeToLiabilities": 647800000, "changeToInventory": 5000000, "changeToOperatingActivities": 434800000, "totalCashFromOperatingActivities": 8793300000, "capitalExpenditures": -4698800000, "investments": -3392100000, "otherCashflowsFromInvestingActivities": 920600000, "totalCashflowsFromInvestingActivities": -7169900000, "dividendsPaid": -699800000, "netBorrowings": -409300000, "otherCashflowsFromFinancingActivities": -142500000, "totalCashFromFinancingActivities": -842300000, "changeInCash": 781100000}, {"maxAge": 1, "endDate": "2017-03-31", "netIncome": 6063400000, "depreciation": 1624800000, "changeToNetincome": -716900000, "changeToAccountReceivables": 483200000, "changeToLiabilities": 1127800000, "changeToInventory": 40600000, "changeToOperatingActivities": 794600000, "totalCashFromOperatingActivities": 9463400000, "capitalExpenditures": -2714100000, "investments": -9003600000, "otherCashflowsFromInvestingActivities": 572700000, "totalCashflowsFromInvestingActivities": -11139600000, "dividendsPaid": -1330000000, "netBorrowings": -409300000, "otherCashflowsFromFinancingActivities": -270800000, "totalCashFromFinancingActivities": -1600800000, "changeInCash": -3277000000}], "maxAge": 86400}, "institutionOwnership": {"ownershipList": [], "maxAge": 1}, "balanceSheetHistoryQuarterly": {"balanceSheetStatements": [{"maxAge": 1, "endDate": "2020-06-30", "totalStockholderEquity": 53579700000, "netTangibleAssets": 53398000000}, {"maxAge": 1, "endDate": "2020-03-31", "cash": 6677100000, "shortTermInvestments": 14999900000, "netReceivables": 2367100000, "inventory": 511100000, "otherCurrentAssets": 172000000, "totalCurrentAssets": 24976400000, "longTermInvestments": 6302600000, "propertyPlantEquipment": 43154200000, "intangibleAssets": 181700000, "otherAssets": 828600000, "totalAssets": 75443500000, "accountsPayable": 2249600000, "otherCurrentLiab": 12427500000, "otherLiab": 3147100000, "totalCurrentLiabilities": 17954900000, "totalLiab": 21863800000, "commonStock": 1400000000, "retainedEarnings": 52179700000, "totalStockholderEquity": 53579700000, "netTangibleAssets": 53398000000}, {"maxAge": 1, "endDate": "2019-12-31", "totalStockholderEquity": 47735300000, "netTangibleAssets": 47545500000}, {"maxAge": 1, "endDate": "2019-09-30", "cash": 8039400000, "shortTermInvestments": 12682200000, "netReceivables": 2722400000, "inventory": 552900000, "otherCurrentAssets": 393600000, "totalCurrentAssets": 24390500000, "longTermInvestments": 5681900000, "propertyPlantEquipment": 38144200000, "intangibleAssets": 189800000, "otherAssets": 1203900000, "totalAssets": 69610300000, "accountsPayable": 5413500000, "otherCurrentLiab": 12836400000, "otherLiab": 2915800000, "totalCurrentLiabilities": 18417300000, "totalLiab": 21875000000, "commonStock": 1400000000, "retainedEarnings": 46335300000, "totalStockholderEquity": 47735300000, "netTangibleAssets": 47545500000}], "maxAge": 86400}, "earningsHistory": {"history": [{"maxAge": 1, "epsActual": 2.37, "epsEstimate": 3.36, "epsDifference": -0.99, "surprisePercent": -0.295, "quarter": "2017-12-31", "period": "-4q"}, {"maxAge": 1, "epsActual": 2.5, "epsEstimate": 2.52, "epsDifference": -0.02, "surprisePercent": -0.008, "quarter": "2018-03-31", "period": "-3q"}, {"maxAge": 1, "epsActual": 2.51, "epsEstimate": 2.56, "epsDifference": -0.05, "surprisePercent": -0.02, "quarter": "2018-06-30", "period": "-2q"}, {"maxAge": 1, "epsActual": 2.68, "epsEstimate": 2.72, "epsDifference": -0.04, "surprisePercent": -0.015, "quarter": "2018-09-30", "period": "-1q"}], "maxAge": 86400}, "indexTrend": {"maxAge": 1, "symbol": "SP5", "peRatio": 19.7411, "pegRatio": 1.34172, "estimates": [{"period": "0q", "growth": 0.549}, {"period": "+1q", "growth": 0.431}, {"period": "0y", "growth": 0.305}, {"period": "+1y", "growth": 0.109}, {"period": "+5y", "growth": 0.120865}, {"period": "-5y"}]}, "industryTrend": {"maxAge": 1, "symbol": null, "estimates": []}, "insiderTransactions": {"transactions": [{"maxAge": 1, "shares": 10000, "filerUrl": "", "transactionText": "", "filerName": "HDFC Standard Life Insurance Company Ltd", "filerRelation": "Institution- Corporation", "moneyText": "", "startDate": "2015-04-10", "ownership": "D"}, {"maxAge": 1, "shares": 181489, "filerUrl": "", "transactionText": "", "filerName": "Life Insurance Corporation of India", "filerRelation": "Institution- Corporation", "moneyText": "", "startDate": "2013-08-30", "ownership": "D"}, {"maxAge": 1, "shares": 100000, "filerUrl": "", "transactionText": "", "filerName": "Sundaram Mutual Fund", "filerRelation": "Investment Advisor", "moneyText": "", "startDate": "2013-08-01", "ownership": "D"}, {"maxAge": 1, "shares": 2400, "filerUrl": "", "transactionText": "", "filerName": "Vedvyas (Rajesh)", "filerRelation": "Managing Director", "moneyText": "", "startDate": "2010-05-25", "ownership": "D"}, {"maxAge": 1, "shares": 4505000, "filerUrl": "", "transactionText": "", "filerName": "Genesis Indian Investment Company, Ltd.", "filerRelation": "UNREPORTED", "moneyText": "", "startDate": "2009-12-11", "ownership": "D"}], "maxAge": 1}, "quoteType": {"exchange": "BSE", "quoteType": "EQUITY", "symbol": "IGL.BO", "underlyingSymbol": "IGL.BO", "shortName": "INDRAPRASTHA GAS LTD.", "longName": "Indraprastha Gas Limited", "firstTradeDateEpochUtc": "2003-12-26 09:15:00", "timeZoneFullName": "Asia/Kolkata", "timeZoneShortName": "IST", "uuid": "7f350e5e-0296-385b-b266-118250d56440", "gmtOffSetMilliseconds": 19800000, "maxAge": 1}, "incomeStatementHistory": {"incomeStatementHistory": [{"maxAge": 1, "endDate": "2020-03-31", "totalRevenue": 64852700000, "costOfRevenue": 39800300000, "grossProfit": 25052400000, "researchDevelopment": {}, "sellingGeneralAdministrative": 3386800000, "nonRecurring": {}, "otherOperatingExpenses": 6432800000, "totalOperatingExpenses": 52142400000, "operatingIncome": 12710300000, "totalOtherIncomeExpenseNet": 2854700000, "ebit": 12710300000, "interestExpense": -65200000, "incomeBeforeTax": 15565000000, "incomeTaxExpense": 3075100000, "minorityInterest": {}, "netIncomeFromContinuingOps": 12489900000, "discontinuedOperations": {}, "extraordinaryItems": {}, "effectOfAccountingCharges": {}, "otherItems": {}, "netIncome": 12489900000, "netIncomeApplicableToCommonShares": 12489900000}, {"maxAge": 1, "endDate": "2019-03-31", "totalRevenue": 57648400000, "costOfRevenue": 36374100000, "grossProfit": 21274300000, "researchDevelopment": {}, "sellingGeneralAdministrative": 2879900000, "nonRecurring": {}, "otherOperatingExpenses": 5799700000, "totalOperatingExpenses": 47064400000, "operatingIncome": 10584000000, "totalOtherIncomeExpenseNet": 2108700000, "ebit": 10584000000, "interestExpense": -2600000, "incomeBeforeTax": 12692700000, "incomeTaxExpense": 4271700000, "minorityInterest": {}, "netIncomeFromContinuingOps": 8421000000, "discontinuedOperations": {}, "extraordinaryItems": {}, "effectOfAccountingCharges": {}, "otherItems": {}, "netIncome": 8421000000, "netIncomeApplicableToCommonShares": 8421000000}, {"maxAge": 1, "endDate": "2018-03-31", "totalRevenue": 45354700000, "costOfRevenue": 26946600000, "grossProfit": 18408100000, "researchDevelopment": {}, "sellingGeneralAdministrative": 2339200000, "nonRecurring": {}, "otherOperatingExpenses": 4797400000, "totalOperatingExpenses": 35896100000, "operatingIncome": 9458600000, "totalOtherIncomeExpenseNet": 1500800000, "ebit": 9458600000, "interestExpense": -2600000, "incomeBeforeTax": 10959400000, "incomeTaxExpense": 3742200000, "minorityInterest": {}, "netIncomeFromContinuingOps": 7217200000, "discontinuedOperations": {}, "extraordinaryItems": {}, "effectOfAccountingCharges": {}, "otherItems": {}, "netIncome": 7217200000, "netIncomeApplicableToCommonShares": 7217200000}, {"maxAge": 1, "endDate": "2017-03-31", "totalRevenue": 38147800000, "costOfRevenue": 22345700000, "grossProfit": 15802100000, "researchDevelopment": {}, "sellingGeneralAdministrative": 2478700000, "nonRecurring": {}, "otherOperatingExpenses": 3694200000, "totalOperatingExpenses": 30189300000, "operatingIncome": 7958500000, "totalOtherIncomeExpenseNet": 1080700000, "ebit": 7958500000, "interestExpense": -2600000, "incomeBeforeTax": 9039200000, "incomeTaxExpense": 2975800000, "minorityInterest": {}, "netIncomeFromContinuingOps": 6063400000, "discontinuedOperations": {}, "extraordinaryItems": {}, "effectOfAccountingCharges": {}, "otherItems": {}, "netIncome": 6063400000, "netIncomeApplicableToCommonShares": 6063400000}], "maxAge": 86400}, "fundOwnership": {"ownershipList": [], "maxAge": 1}, "summaryDetail": {"maxAge": 1, "priceHint": 2, "previousClose": 505.45, "open": 505.0, "dayLow": 498.6, "dayHigh": 522.75, "regularMarketPreviousClose": 505.45, "regularMarketOpen": 505.0, "regularMarketDayLow": 498.6, "regularMarketDayHigh": 522.75, "trailingPE": 34.36657, "forwardPE": 11.241174, "volume": 122775, "regularMarketVolume": 122775, "averageVolume": 150048, "averageVolume10days": 91739, "averageDailyVolume10Day": 91739, "bid": 508.6, "ask": 509.35, "bidSize": 0, "askSize": 0, "marketCap": 356615520256, "fiftyTwoWeekLow": 284.55, "fiftyTwoWeekHigh": 581.3, "fiftyDayAverage": 521.7697, "twoHundredDayAverage": 439.625, "trailingAnnualDividendRate": 2.8, "trailingAnnualDividendYield": 0.005539618, "currency": "INR", "fromCurrency": null, "lastMarket": null, "algorithm": null, "tradeable": false}, "sectorTrend": {"maxAge": 1, "symbol": null, "estimates": []}, "incomeStatementHistoryQuarterly": {"incomeStatementHistory": [{"maxAge": 1, "endDate": "2020-06-30", "totalRevenue": 6385700000, "costOfRevenue": 2990900000, "grossProfit": 3394800000, "researchDevelopment": {}, "sellingGeneralAdministrative": 314000000, "nonRecurring": {}, "otherOperatingExpenses": 2246400000, "totalOperatingExpenses": 6233000000, "operatingIncome": 152700000, "totalOtherIncomeExpenseNet": 341800000, "ebit": 152700000, "interestExpense": -23700000, "incomeBeforeTax": 494500000, "incomeTaxExpense": 142700000, "minorityInterest": {}, "netIncomeFromContinuingOps": 351800000, "discontinuedOperations": {}, "extraordinaryItems": {}, "effectOfAccountingCharges": {}, "otherItems": {}, "netIncome": 351800000, "netIncomeApplicableToCommonShares": 351800000}, {"maxAge": 1, "endDate": "2020-03-31", "totalRevenue": 15525300000, "costOfRevenue": 11268700000, "grossProfit": 4256600000, "researchDevelopment": {}, "sellingGeneralAdministrative": 2219900000, "nonRecurring": {}, "otherOperatingExpenses": -1767100000, "totalOperatingExpenses": 12376600000, "operatingIncome": 3148700000, "totalOtherIncomeExpenseNet": 735400000, "ebit": 3148700000, "interestExpense": -10700000, "incomeBeforeTax": 3884100000, "incomeTaxExpense": 976500000, "minorityInterest": {}, "netIncomeFromContinuingOps": 2907600000, "discontinuedOperations": {}, "extraordinaryItems": {}, "effectOfAccountingCharges": {}, "otherItems": {}, "netIncome": 2907600000, "netIncomeApplicableToCommonShares": 2907600000}, {"maxAge": 1, "endDate": "2019-12-31", "totalRevenue": 16641700000, "costOfRevenue": 9409600000, "grossProfit": 7232100000, "researchDevelopment": {}, "sellingGeneralAdministrative": 436600000, "nonRecurring": {}, "otherOperatingExpenses": 2877500000, "totalOperatingExpenses": 13365000000, "operatingIncome": 3276700000, "totalOtherIncomeExpenseNet": 649900000, "ebit": 3276700000, "interestExpense": -20100000, "incomeBeforeTax": 3926600000, "incomeTaxExpense": 952900000, "minorityInterest": {}, "netIncomeFromContinuingOps": 2973700000, "discontinuedOperations": {}, "extraordinaryItems": {}, "effectOfAccountingCharges": {}, "otherItems": {}, "netIncome": 2973700000, "netIncomeApplicableToCommonShares": 2973700000}, {"maxAge": 1, "endDate": "2019-09-30", "totalRevenue": 16924500000, "costOfRevenue": 9905000000, "grossProfit": 7019500000, "researchDevelopment": {}, "sellingGeneralAdministrative": 363600000, "nonRecurring": {}, "otherOperatingExpenses": 2729500000, "totalOperatingExpenses": 13619500000, "operatingIncome": 3305000000, "totalOtherIncomeExpenseNet": 795800000, "ebit": 3305000000, "interestExpense": -18100000, "incomeBeforeTax": 4100800000, "incomeTaxExpense": -57400000, "minorityInterest": {}, "netIncomeFromContinuingOps": 4158200000, "discontinuedOperations": {}, "extraordinaryItems": {}, "effectOfAccountingCharges": {}, "otherItems": {}, "netIncome": 4158200000, "netIncomeApplicableToCommonShares": 4158200000}], "maxAge": 86400}, "cashflowStatementHistoryQuarterly": {"cashflowStatements": [{"maxAge": 1, "endDate": "2020-06-30", "netIncome": 351800000, "changeToLiabilities": 0}, {"maxAge": 1, "endDate": "2020-03-31", "netIncome": 2907600000, "changeToLiabilities": 0}, {"maxAge": 1, "endDate": "2019-12-31", "netIncome": 2973700000, "changeToLiabilities": 0}, {"maxAge": 1, "endDate": "2019-09-30", "netIncome": 4158200000, "changeToLiabilities": 0}], "maxAge": 86400}, "insiderHolders": {"holders": [{"maxAge": 1, "name": "Genesis Indian Investment Company, Ltd.", "relation": "UNREPORTED", "url": "", "transactionDescription": "Sale", "latestTransDate": "2009-12-11", "positionDirect": 3045759, "positionDirectDate": "2009-12-11"}, {"maxAge": 1, "name": "HDFC Standard Life Insurance Company Ltd", "relation": "Institution- Corporation", "url": "", "transactionDescription": "Sale", "latestTransDate": "2015-04-10", "positionDirect": 4736302, "positionDirectDate": "2015-04-10"}, {"maxAge": 1, "name": "Life Insurance Corporation of India", "relation": "Institution- Corporation", "url": "", "transactionDescription": "Acquisition", "latestTransDate": "2013-08-30", "positionDirect": 7135806, "positionDirectDate": "2013-08-30"}, {"maxAge": 1, "name": "Sundaram Mutual Fund", "relation": "Investment Advisor", "url": "", "transactionDescription": "Sale", "latestTransDate": "2013-08-01", "positionDirect": 4253416, "positionDirectDate": "2013-08-01"}, {"maxAge": 1, "name": "Vedvyas (Rajesh)", "relation": "Managing Director", "url": "", "transactionDescription": "Acquisition", "latestTransDate": "2010-05-25", "positionDirect": 2400, "positionDirectDate": "2010-05-25"}], "maxAge": 1}, "earnings": {"maxAge": 86400, "earningsChart": {"quarterly": [{"date": "4Q2017", "actual": 2.37, "estimate": 3.36}, {"date": "1Q2018", "actual": 2.5, "estimate": 2.52}, {"date": "2Q2018", "actual": 2.51, "estimate": 2.56}, {"date": "3Q2018", "actual": 2.68, "estimate": 2.72}], "currentQuarterEstimateDate": "4Q", "currentQuarterEstimateYear": 2018, "earningsDate": ["2020-02-06 05:30:S"]}, "financialsChart": {"yearly": [{"date": 2017, "revenue": 38147800000, "earnings": 6063400000}, {"date": 2018, "revenue": 45354700000, "earnings": 7217200000}, {"date": 2019, "revenue": 57648400000, "earnings": 8421000000}, {"date": 2020, "revenue": 64852700000, "earnings": 12489900000}], "quarterly": [{"date": "3Q2019", "revenue": 16924500000, "earnings": 4158200000}, {"date": "4Q2019", "revenue": 16641700000, "earnings": 2973700000}, {"date": "1Q2020", "revenue": 15525300000, "earnings": 2907600000}, {"date": "2Q2020", "revenue": 6385700000, "earnings": 351800000}]}, "financialCurrency": "INR"}, "calendarEvents": {"maxAge": 1, "earnings": {"earningsDate": ["2020-02-06 05:30:S"], "revenueAverage": 15036200000, "revenueLow": 15036200000, "revenueHigh": 15036200000}}, "upgradeDowngradeHistory": {"history": [], "maxAge": 86400}, "price": {"maxAge": 1, "regularMarketChangePercent": 0.00791374, "regularMarketChange": 4.0, "regularMarketTime": "2021-04-30 15:29:47", "priceHint": 2, "regularMarketPrice": 509.45, "regularMarketDayHigh": 522.75, "regularMarketDayLow": 498.6, "regularMarketVolume": 122775, "averageDailyVolume10Day": 91739, "averageDailyVolume3Month": 150048, "regularMarketPreviousClose": 505.45, "regularMarketSource": "FREE_REALTIME", "regularMarketOpen": 505.0, "exchange": "BSE", "exchangeName": "BSE", "exchangeDataDelayedBy": 0, "marketState": "CLOSED", "quoteType": "EQUITY", "symbol": "IGL.BO", "underlyingSymbol": null, "shortName": "INDRAPRASTHA GAS LTD.", "longName": "Indraprastha Gas Limited", "currency": "INR", "quoteSourceName": "Delayed Quote", "currencySymbol": "\u20b9", "fromCurrency": null, "lastMarket": null, "marketCap": 356615520256}, "balanceSheetHistory": {"balanceSheetStatements": [{"maxAge": 1, "endDate": "2020-03-31", "cash": 6677100000, "shortTermInvestments": 14999900000, "netReceivables": 2367100000, "inventory": 511100000, "otherCurrentAssets": 172000000, "totalCurrentAssets": 24976400000, "longTermInvestments": 6302600000, "propertyPlantEquipment": 43154200000, "intangibleAssets": 181700000, "otherAssets": 828600000, "totalAssets": 75443500000, "accountsPayable": 2249600000, "otherCurrentLiab": 12427500000, "otherLiab": 3147100000, "totalCurrentLiabilities": 17954900000, "totalLiab": 21863800000, "commonStock": 1400000000, "retainedEarnings": 52179700000, "totalStockholderEquity": 53579700000, "netTangibleAssets": 53398000000}, {"maxAge": 1, "endDate": "2019-03-31", "cash": 711600000, "shortTermInvestments": 5283600000, "netReceivables": 2702800000, "inventory": 509400000, "otherCurrentAssets": 121200000, "totalCurrentAssets": 22423700000, "longTermInvestments": 4921100000, "propertyPlantEquipment": 33333800000, "intangibleAssets": 215500000, "otherAssets": 938800000, "totalAssets": 61832900000, "accountsPayable": 3260600000, "otherCurrentLiab": 9997800000, "otherLiab": 3368600000, "totalCurrentLiabilities": 15307200000, "totalLiab": 18675800000, "commonStock": 1400000000, "retainedEarnings": 41757100000, "totalStockholderEquity": 43157100000, "netTangibleAssets": 42941600000}, {"maxAge": 1, "endDate": "2018-03-31", "cash": 2036800000, "shortTermInvestments": 3500000000, "netReceivables": 2644300000, "inventory": 523700000, "otherCurrentAssets": 84700000, "totalCurrentAssets": 17825900000, "longTermInvestments": 4264300000, "propertyPlantEquipment": 28015700000, "intangibleAssets": 164800000, "otherAssets": 694000000, "totalAssets": 50964700000, "accountsPayable": 3385800000, "otherCurrentLiab": 8001400000, "otherLiab": 2732100000, "totalCurrentLiabilities": 11763100000, "totalLiab": 14495200000, "commonStock": 1400000000, "retainedEarnings": 35069500000, "totalStockholderEquity": 36469500000, "netTangibleAssets": 36304700000}, {"maxAge": 1, "endDate": "2017-03-31", "cash": 1255700000, "shortTermInvestments": 9003600000, "netReceivables": 2399300000, "inventory": 517200000, "otherCurrentAssets": 23000000, "totalCurrentAssets": 13300600000, "longTermInvestments": 3660600000, "propertyPlantEquipment": 24549700000, "intangibleAssets": 139700000, "otherAssets": 279600000, "totalAssets": 41930200000, "accountsPayable": 2740000000, "otherCurrentLiab": 6528100000, "otherLiab": 2227200000, "totalCurrentLiabilities": 9586100000, "totalLiab": 11813300000, "commonStock": 1400000000, "retainedEarnings": 28716900000, "totalStockholderEquity": 30116900000, "netTangibleAssets": 29977200000}], "maxAge": 86400}, "earningsTrend": {"trend": [{"maxAge": 1, "period": "0q", "endDate": "2018-12-31", "growth": {}, "earningsEstimate": {"avg": 0.0, "low": 0.0, "high": 0.0, "yearAgoEps": 2.37, "numberOfAnalysts": 0, "growth": {}}, "revenueEstimate": {"avg": 15036200000, "low": 15036200000, "high": 15036200000, "numberOfAnalysts": 1, "yearAgoRevenue": 11839000000, "growth": 0.27}, "epsTrend": {"current": 0.0, "7daysAgo": 2.93, "30daysAgo": 2.93, "60daysAgo": 2.93, "90daysAgo": 2.93}, "epsRevisions": {"upLast7days": 0, "upLast30days": 0, "downLast30days": 0, "downLast90days": {}}}, {"maxAge": 1, "period": "+1q", "endDate": "2019-03-31", "growth": {}, "earningsEstimate": {"avg": 0.0, "low": 0.0, "high": 0.0, "yearAgoEps": 2.5, "numberOfAnalysts": 0, "growth": {}}, "revenueEstimate": {"avg": 12913000000, "low": 12874000000, "high": 12952000000, "numberOfAnalysts": 2, "yearAgoRevenue": 12329300000, "growth": 0.047}, "epsTrend": {"current": 0.0, "7daysAgo": 2.61, "30daysAgo": 2.61, "60daysAgo": 2.61, "90daysAgo": 2.61}, "epsRevisions": {"upLast7days": 0, "upLast30days": 0, "downLast30days": 0, "downLast90days": {}}}, {"maxAge": 1, "period": "0y", "endDate": "2019-03-31", "growth": {}, "earningsEstimate": {"avg": 0.0, "low": 0.0, "high": 0.0, "yearAgoEps": {}, "numberOfAnalysts": 0, "growth": {}}, "revenueEstimate": {"avg": 55862400000, "low": 49616000000, "high": 59371000000, "numberOfAnalysts": 11, "yearAgoRevenue": 45921400000, "growth": 0.216}, "epsTrend": {"current": 0.0, "7daysAgo": 12.06, "30daysAgo": 12.06, "60daysAgo": 12.06, "90daysAgo": 12.06}, "epsRevisions": {"upLast7days": 0, "upLast30days": 0, "downLast30days": 0, "downLast90days": {}}}, {"maxAge": 1, "period": "+1y", "endDate": "2020-03-31", "growth": {}, "earningsEstimate": {"avg": 0.0, "low": 0.0, "high": 0.0, "yearAgoEps": {}, "numberOfAnalysts": 0, "growth": {}}, "revenueEstimate": {"avg": 64853100000, "low": 56319000000, "high": 72426000000, "numberOfAnalysts": 11, "yearAgoRevenue": 55862400000, "growth": 0.161}, "epsTrend": {"current": 0.0, "7daysAgo": 14.05, "30daysAgo": 14.05, "60daysAgo": 14.05, "90daysAgo": 14.05}, "epsRevisions": {"upLast7days": 0, "upLast30days": 0, "downLast30days": 0, "downLast90days": {}}}, {"maxAge": 1, "period": "+5y", "endDate": null, "growth": 0.14649999, "earningsEstimate": {"avg": {}, "low": {}, "high": {}, "yearAgoEps": {}, "numberOfAnalysts": {}, "growth": {}}, "revenueEstimate": {"avg": {}, "low": {}, "high": {}, "numberOfAnalysts": {}, "yearAgoRevenue": {}, "growth": {}}, "epsTrend": {"current": {}, "7daysAgo": {}, "30daysAgo": {}, "60daysAgo": {}, "90daysAgo": {}}, "epsRevisions": {"upLast7days": {}, "upLast30days": {}, "downLast30days": {}, "downLast90days": {}}}, {"maxAge": 1, "period": "-5y", "endDate": null, "growth": {}, "earningsEstimate": {"avg": {}, "low": {}, "high": {}, "yearAgoEps": {}, "numberOfAnalysts": {}, "growth": {}}, "revenueEstimate": {"avg": {}, "low": {}, "high": {}, "numberOfAnalysts": {}, "yearAgoRevenue": {}, "growth": {}}, "epsTrend": {"current": {}, "7daysAgo": {}, "30daysAgo": {}, "60daysAgo": {}, "90daysAgo": {}}, "epsRevisions": {"upLast7days": {}, "upLast30days": {}, "downLast30days": {}, "downLast90days": {}}}], "maxAge": 1}, "financialData": {"maxAge": 86400, "currentPrice": 509.45, "targetHighPrice": 400.0, "targetLowPrice": 220.0, "targetMeanPrice": 325.79, "targetMedianPrice": 340.0, "recommendationKey": "none", "numberOfAnalystOpinions": 28, "grossProfits": 25052400000, "financialCurrency": "INR"}}}