{"IGL.NS": {"assetProfile": {"address1": "IGL Bhawan", "address2": "Plot No. 4, Community Centre Sector 9 R K Puram", "city": "New Delhi", "zip": "110022", "country": "India", "phone": "91 11 4607 4607", "fax": "91 11 2617 1860", "website": "http://www.iglonline.net", "industry": "Utilities\u2014Regulated Gas", "sector": "Utilities", "longBusinessSummary": "Indraprastha Gas Limited distributes natural gas in India. The company supplies compressed natural gas (CNG) to the transport sector; and piped natural gas to domestic, industrial, and commercial sectors in Delhi and the National Capital Region. It operates 555 CNG stations; and serves 13.74 Lakh households, and 5,578 commercial and industrial consumers. The company's operates 1,150 kilometers of steel pipeline network; and 13,455 kilometers MDPE network. Indraprastha Gas Limited was incorporated in 1998 and is headquartered in New Delhi, India.", "fullTimeEmployees": 703, "companyOfficers": [{"maxAge": 1, "name": "Mr. Elavathur Subramania Ranganathan", "age": 57, "title": "Managing Director", "yearBorn": 1963, "fiscalYear": 2020, "totalPay": 10964000, "exercisedValue": 0, "unexercisedValue": 0}, {"maxAge": 1, "name": "Mr. Sunil Kumar Jain", "age": 55, "title": "VP, Compliance Officer & Company Sec.", "yearBorn": 1965, "fiscalYear": 2020, "totalPay": 7891402, "exercisedValue": 0, "unexercisedValue": 0}, {"maxAge": 1, "name": "Mr. Susheel  Jad", "age": 52, "title": "VP of Legal", "yearBorn": 1968, "exercisedValue": 0, "unexercisedValue": 0}, {"maxAge": 1, "name": "Mr. Praveen Kumar Pandey", "age": 57, "title": "Sr. VP of Marketing", "yearBorn": 1963, "exercisedValue": 0, "unexercisedValue": 0}, {"maxAge": 1, "name": "Mr. Ashim  Batra", "age": 59, "title": "Sr. VP of PNG Project and O&M", "yearBorn": 1961, "exercisedValue": 0, "unexercisedValue": 0}, {"maxAge": 1, "name": "Mr. Manjeet  Singh", "age": 58, "title": "Sr. VP of Project Engineering Services & JV Co-ord", "yearBorn": 1962, "exercisedValue": 0, "unexercisedValue": 0}, {"maxAge": 1, "name": "Mr. Amit  Garg", "age": 53, "title": "Director of Commercial & Director", "yearBorn": 1967, "fiscalYear": 2020, "totalPay": 7411220, "exercisedValue": 0, "unexercisedValue": 0}, {"maxAge": 1, "name": "Mr. Sudhanshu  Pant", "age": 59, "title": "VP of ERP & IT", "yearBorn": 1961, "exercisedValue": 0, "unexercisedValue": 0}, {"maxAge": 1, "name": "Mr. Ajai  Tyagi", "age": 51, "title": "VP of PNG Project and O&M", "yearBorn": 1969, "exercisedValue": 0, "unexercisedValue": 0}, {"maxAge": 1, "name": "Mr. Asit Kumar Jana", "age": 58, "title": "MD & Director", "yearBorn": 1962, "exercisedValue": 0, "unexercisedValue": 0}], "auditRisk": 2, "boardRisk": 4, "compensationRisk": 3, "shareHolderRightsRisk": 5, "overallRisk": 4, "governanceEpochDate": "2021-04-01 05:30:00", "compensationAsOfEpochDate": "2020-12-31 05:30:00", "maxAge": 86400}, "recommendationTrend": {"trend": [{"period": "0m", "strongBuy": 0, "buy": 0, "hold": 0, "sell": 0, "strongSell": 0}, {"period": "-1m", "strongBuy": 7, "buy": 11, "hold": 7, "sell": 1, "strongSell": 3}, {"period": "-2m", "strongBuy": 7, "buy": 10, "hold": 7, "sell": 2, "strongSell": 3}, {"period": "-3m", "strongBuy": 7, "buy": 10, "hold": 6, "sell": 3, "strongSell": 3}], "maxAge": 86400}, "cashflowStatementHistory": {"cashflowStatements": [{"maxAge": 1, "endDate": "2020-03-31", "netIncome": 12489900000, "depreciation": 2452700000, "changeToNetincome": -3125300000, "changeToAccountReceivables": 478700000, "changeToLiabilities": -978900000, "changeToInventory": 1000000, "changeToOperatingActivities": 2219600000, "totalCashFromOperatingActivities": 13607500000, "capitalExpenditures": -9632200000, "investments": 4009000000, "otherCashflowsFromInvestingActivities": 416000000, "totalCashflowsFromInvestingActivities": -5207200000, "dividendsPaid": -1680000000, "netBorrowings": -409300000, "otherCashflowsFromFinancingActivities": -345500000, "totalCashFromFinancingActivities": -2434800000, "changeInCash": 5965500000}, {"maxAge": 1, "endDate": "2019-03-31", "netIncome": 8421000000, "depreciation": 1950500000, "changeToNetincome": -1501900000, "changeToAccountReceivables": 20700000, "changeToLiabilities": 947800000, "changeToInventory": 14500000, "changeToOperatingActivities": 1658700000, "totalCashFromOperatingActivities": 11571500000, "capitalExpenditures": -6807200000, "investments": -4858700000, "otherCashflowsFromInvestingActivities": 457500000, "totalCashflowsFromInvestingActivities": -11208400000, "dividendsPaid": -1397000000, "netBorrowings": -409300000, "otherCashflowsFromFinancingActivities": -291300000, "totalCashFromFinancingActivities": -1688300000, "changeInCash": -1325200000}, {"maxAge": 1, "endDate": "2018-03-31", "netIncome": 7217200000, "depreciation": 1762500000, "changeToNetincome": -1077800000, "changeToAccountReceivables": -246600000, "changeToLiabilities": 647800000, "changeToInventory": 5000000, "changeToOperatingActivities": 434800000, "totalCashFromOperatingActivities": 8793300000, "capitalExpenditures": -4698800000, "investments": -3392100000, "otherCashflowsFromInvestingActivities": 920600000, "totalCashflowsFromInvestingActivities": -7169900000, "dividendsPaid": -699800000, "netBorrowings": -409300000, "otherCashflowsFromFinancingActivities": -142500000, "totalCashFromFinancingActivities": -842300000, "changeInCash": 781100000}, {"maxAge": 1, "endDate": "2017-03-31", "netIncome": 6063400000, "depreciation": 1624800000, "changeToNetincome": -716900000, "changeToAccountReceivables": 483200000, "changeToLiabilities": 1127800000, "changeToInventory": 40600000, "changeToOperatingActivities": 794600000, "totalCashFromOperatingActivities": 9463400000, "capitalExpenditures": -2714100000, "investments": -9003600000, "otherCashflowsFromInvestingActivities": 572700000, "totalCashflowsFromInvestingActivities": -11139600000, "dividendsPaid": -1330000000, "netBorrowings": -409300000, "otherCashflowsFromFinancingActivities": -270800000, "totalCashFromFinancingActivities": -1600800000, "changeInCash": -3277000000}], "maxAge": 86400}, "indexTrend": {"maxAge": 1, "symbol": "SP5", "peRatio": 19.7411, "pegRatio": 1.34172, "estimates": [{"period": "0q", "growth": 0.549}, {"period": "+1q", "growth": 0.431}, {"period": "0y", "growth": 0.305}, {"period": "+1y", "growth": 0.109}, {"period": "+5y", "growth": 0.120865}, {"period": "-5y"}]}, "defaultKeyStatistics": {"maxAge": 1, "priceHint": 2, "enterpriseValue": 329740025856, "forwardPE": 40.48926, "profitMargins": 0.22017, "floatShares": 350302752, "sharesOutstanding": 700001024, "heldPercentInsiders": 0.50023997, "heldPercentInstitutions": 0.31268, "beta": 0.437185, "category": null, "bookValue": 79.741, "priceToBook": 6.382539, "fundFamily": null, "legalType": null, "lastFiscalYearEnd": "2020-03-31 05:30:00", "nextFiscalYearEnd": "2022-03-31 05:30:00", "mostRecentQuarter": "2020-12-31 05:30:00", "earningsQuarterlyGrowth": 0.284, "netIncomeToCommon": 10882100224, "trailingEps": 15.543, "forwardEps": 45.32, "pegRatio": 1.45, "lastSplitFactor": "5:1", "lastSplitDate": "2017-11-09 05:30:00", "enterpriseToRevenue": 6.671, "enterpriseToEbitda": 24.603}, "industryTrend": {"maxAge": 1, "symbol": null, "estimates": []}, "quoteType": {"exchange": "NSI", "quoteType": "EQUITY", "symbol": "IGL.NS", "underlyingSymbol": "IGL.NS", "shortName": "INDRAPRASTHA GAS", "longName": "Indraprastha Gas Limited", "firstTradeDateEpochUtc": "2003-12-26 09:15:00", "timeZoneFullName": "Asia/Kolkata", "timeZoneShortName": "IST", "uuid": "27f91145-7a3a-3e8b-8284-199d35cacf81", "gmtOffSetMilliseconds": 19800000, "maxAge": 1}, "incomeStatementHistory": {"incomeStatementHistory": [{"maxAge": 1, "endDate": "2020-03-31", "totalRevenue": 64852700000, "costOfRevenue": 39800300000, "grossProfit": 25052400000, "researchDevelopment": {}, "sellingGeneralAdministrative": 3386800000, "nonRecurring": {}, "otherOperatingExpenses": 6432800000, "totalOperatingExpenses": 52142400000, "operatingIncome": 12710300000, "totalOtherIncomeExpenseNet": 2854700000, "ebit": 12710300000, "interestExpense": -65200000, "incomeBeforeTax": 15565000000, "incomeTaxExpense": 3075100000, "minorityInterest": {}, "netIncomeFromContinuingOps": 12489900000, "discontinuedOperations": {}, "extraordinaryItems": {}, "effectOfAccountingCharges": {}, "otherItems": {}, "netIncome": 12489900000, "netIncomeApplicableToCommonShares": 12489900000}, {"maxAge": 1, "endDate": "2019-03-31", "totalRevenue": 57648400000, "costOfRevenue": 36374100000, "grossProfit": 21274300000, "researchDevelopment": {}, "sellingGeneralAdministrative": 2879900000, "nonRecurring": {}, "otherOperatingExpenses": 5799700000, "totalOperatingExpenses": 47064400000, "operatingIncome": 10584000000, "totalOtherIncomeExpenseNet": 2108700000, "ebit": 10584000000, "interestExpense": -2600000, "incomeBeforeTax": 12692700000, "incomeTaxExpense": 4271700000, "minorityInterest": {}, "netIncomeFromContinuingOps": 8421000000, "discontinuedOperations": {}, "extraordinaryItems": {}, "effectOfAccountingCharges": {}, "otherItems": {}, "netIncome": 8421000000, "netIncomeApplicableToCommonShares": 8421000000}, {"maxAge": 1, "endDate": "2018-03-31", "totalRevenue": 45354700000, "costOfRevenue": 26946600000, "grossProfit": 18408100000, "researchDevelopment": {}, "sellingGeneralAdministrative": 2339200000, "nonRecurring": {}, "otherOperatingExpenses": 4797400000, "totalOperatingExpenses": 35896100000, "operatingIncome": 9458600000, "totalOtherIncomeExpenseNet": 1500800000, "ebit": 9458600000, "interestExpense": -2600000, "incomeBeforeTax": 10959400000, "incomeTaxExpense": 3742200000, "minorityInterest": {}, "netIncomeFromContinuingOps": 7217200000, "discontinuedOperations": {}, "extraordinaryItems": {}, "effectOfAccountingCharges": {}, "otherItems": {}, "netIncome": 7217200000, "netIncomeApplicableToCommonShares": 7217200000}, {"maxAge": 1, "endDate": "2017-03-31", "totalRevenue": 38147800000, "costOfRevenue": 22345700000, "grossProfit": 15802100000, "researchDevelopment": {}, "sellingGeneralAdministrative": 2478700000, "nonRecurring": {}, "otherOperatingExpenses": 3694200000, "totalOperatingExpenses": 30189300000, "operatingIncome": 7958500000, "totalOtherIncomeExpenseNet": 1080700000, "ebit": 7958500000, "interestExpense": -2600000, "incomeBeforeTax": 9039200000, "incomeTaxExpense": 2975800000, "minorityInterest": {}, "netIncomeFromContinuingOps": 6063400000, "discontinuedOperations": {}, "extraordinaryItems": {}, "effectOfAccountingCharges": {}, "otherItems": {}, "netIncome": 6063400000, "netIncomeApplicableToCommonShares": 6063400000}], "maxAge": 86400}, "fundOwnership": {"ownershipList": [{"maxAge": 1, "reportDate": "2021-02-28", "organization": "Fidelity Series Emerging Markets Opportunities Fund", "pctHeld": 0.016, "position": 11186894, "value": 5503392503}, {"maxAge": 1, "reportDate": "2021-01-31", "organization": "Vanguard International Stock Index-Emerging Markets Stk", "pctHeld": 0.0069, "position": 4813925, "value": 2483022515}, {"maxAge": 1, "reportDate": "2021-01-31", "organization": "Vanguard International Stock Index-Total Intl Stock Indx", "pctHeld": 0.0068, "position": 4768735, "value": 2459713513}, {"maxAge": 1, "reportDate": "2020-12-31", "organization": "Baillie Gifford Emerging Markets Equities Fund", "pctHeld": 0.0042, "position": 2962144, "value": 1488033038}, {"maxAge": 1, "reportDate": "2021-03-31", "organization": "iShares Core MSCI Emerging Markets ETF", "pctHeld": 0.004, "position": 2772130, "value": 1420300805}, {"maxAge": 1, "reportDate": "2021-03-31", "organization": "iShares MSCI India ETF", "pctHeld": 0.0032, "position": 2206759, "value": 1130632973}, {"maxAge": 1, "reportDate": "2021-02-28", "organization": "American Century Emerging Markets", "pctHeld": 0.0026, "position": 1844144, "value": 907226640}, {"maxAge": 1, "reportDate": "2021-02-28", "organization": "Fidelity Series Emerging Markets Fund", "pctHeld": 0.0022, "position": 1555180, "value": 765070801}, {"maxAge": 1, "reportDate": "2021-03-31", "organization": "iShares MSCI Emerging Markets ETF", "pctHeld": 0.0018000001, "position": 1241789, "value": 636230594}, {"maxAge": 1, "reportDate": "2021-01-31", "organization": "DFA Emerging Markets Core Equity Portfolio", "pctHeld": 0.0014, "position": 992152, "value": 511752001}], "maxAge": 1}, "summaryDetail": {"maxAge": 1, "priceHint": 2, "previousClose": 505.25, "open": 500.0, "dayLow": 497.5, "dayHigh": 522.95, "regularMarketPreviousClose": 505.25, "regularMarketOpen": 500.0, "regularMarketDayLow": 497.5, "regularMarketDayHigh": 522.95, "dividendRate": 2.8, "dividendYield": 0.0055, "exDividendDate": "2020-09-17 05:30:00", "payoutRatio": 0.18020001, "fiveYearAvgDividendYield": 0.66, "beta": 0.437185, "trailingPE": 32.744644, "forwardPE": 11.230142, "volume": 2515567, "regularMarketVolume": 2515567, "averageVolume": 3269429, "averageVolume10days": 2321084, "averageDailyVolume10Day": 2321084, "bid": 0.0, "ask": 0.0, "bidSize": 0, "askSize": 0, "marketCap": 356406493184, "fiftyTwoWeekLow": 364.1, "fiftyTwoWeekHigh": 594.85, "priceToSalesTrailing12Months": 7.210765, "fiftyDayAverage": 516.4897, "twoHundredDayAverage": 478.35815, "trailingAnnualDividendRate": 2.8, "trailingAnnualDividendYield": 0.0055418108, "currency": "INR", "fromCurrency": null, "lastMarket": null, "algorithm": null, "tradeable": false}, "insiderHolders": {"holders": [{"maxAge": 1, "name": "Genesis Indian Investment Company, Ltd.", "relation": "UNREPORTED", "url": "", "transactionDescription": "Sale", "latestTransDate": "2009-12-11", "positionDirect": 3045759, "positionDirectDate": "2009-12-11"}, {"maxAge": 1, "name": "HDFC Standard Life Insurance Company Ltd", "relation": "Institution- Corporation", "url": "", "transactionDescription": "Sale", "latestTransDate": "2015-04-10", "positionDirect": 4736302, "positionDirectDate": "2015-04-10"}, {"maxAge": 1, "name": "Life Insurance Corporation of India", "relation": "Institution- Corporation", "url": "", "transactionDescription": "Acquisition", "latestTransDate": "2013-08-30", "positionDirect": 7135806, "positionDirectDate": "2013-08-30"}, {"maxAge": 1, "name": "Sundaram Mutual Fund", "relation": "Investment Advisor", "url": "", "transactionDescription": "Sale", "latestTransDate": "2013-08-01", "positionDirect": 4253416, "positionDirectDate": "2013-08-01"}, {"maxAge": 1, "name": "Vedvyas (Rajesh)", "relation": "Managing Director", "url": "", "transactionDescription": "Acquisition", "latestTransDate": "2010-05-25", "positionDirect": 2400, "positionDirectDate": "2010-05-25"}], "maxAge": 1}, "calendarEvents": {"maxAge": 1, "earnings": {"earningsDate": [], "earningsAverage": 2.6, "earningsLow": 2.41, "earningsHigh": 2.9, "revenueAverage": 12636800000, "revenueLow": 11261000000, "revenueHigh": 13122000000}, "exDividendDate": "2020-09-17 05:30:00"}, "upgradeDowngradeHistory": {"history": [], "maxAge": 86400}, "price": {"maxAge": 1, "regularMarketChangePercent": 0.0073231314, "regularMarketChange": 3.7000122, "regularMarketTime": "2021-04-30 15:30:00", "priceHint": 2, "regularMarketPrice": 508.95, "regularMarketDayHigh": 522.95, "regularMarketDayLow": 497.5, "regularMarketVolume": 2515567, "averageDailyVolume10Day": 2321084, "averageDailyVolume3Month": 3269429, "regularMarketPreviousClose": 505.25, "regularMarketSource": "FREE_REALTIME", "regularMarketOpen": 500.0, "exchange": "NSI", "exchangeName": "NSE", "exchangeDataDelayedBy": 15, "marketState": "CLOSED", "quoteType": "EQUITY", "symbol": "IGL.NS", "underlyingSymbol": null, "shortName": "INDRAPRASTHA GAS", "longName": "Indraprastha Gas Limited", "currency": "INR", "quoteSourceName": "Delayed Quote", "currencySymbol": "\u20b9", "fromCurrency": null, "lastMarket": null, "marketCap": 356406493184}, "balanceSheetHistory": {"balanceSheetStatements": [{"maxAge": 1, "endDate": "2020-03-31", "cash": 6677100000, "shortTermInvestments": 14999900000, "netReceivables": 2367100000, "inventory": 511100000, "otherCurrentAssets": 172000000, "totalCurrentAssets": 24976400000, "longTermInvestments": 6302600000, "propertyPlantEquipment": 43154200000, "intangibleAssets": 181700000, "otherAssets": 828600000, "totalAssets": 75443500000, "accountsPayable": 2249600000, "otherCurrentLiab": 12427500000, "otherLiab": 3147100000, "totalCurrentLiabilities": 17954900000, "totalLiab": 21863800000, "commonStock": 1400000000, "retainedEarnings": 52179700000, "totalStockholderEquity": 53579700000, "netTangibleAssets": 53398000000}, {"maxAge": 1, "endDate": "2019-03-31", "cash": 711600000, "shortTermInvestments": 5283600000, "netReceivables": 2702800000, "inventory": 509400000, "otherCurrentAssets": 121200000, "totalCurrentAssets": 22423700000, "longTermInvestments": 4921100000, "propertyPlantEquipment": 33333800000, "intangibleAssets": 215500000, "otherAssets": 938800000, "totalAssets": 61832900000, "accountsPayable": 3260600000, "otherCurrentLiab": 9997800000, "otherLiab": 3368600000, "totalCurrentLiabilities": 15307200000, "totalLiab": 18675800000, "commonStock": 1400000000, "retainedEarnings": 41757100000, "totalStockholderEquity": 43157100000, "netTangibleAssets": 42941600000}, {"maxAge": 1, "endDate": "2018-03-31", "cash": 2036800000, "shortTermInvestments": 3500000000, "netReceivables": 2644300000, "inventory": 523700000, "otherCurrentAssets": 84700000, "totalCurrentAssets": 17825900000, "longTermInvestments": 4264300000, "propertyPlantEquipment": 28015700000, "intangibleAssets": 164800000, "otherAssets": 694000000, "totalAssets": 50964700000, "accountsPayable": 3385800000, "otherCurrentLiab": 8001400000, "otherLiab": 2732100000, "totalCurrentLiabilities": 11763100000, "totalLiab": 14495200000, "commonStock": 1400000000, "retainedEarnings": 35069500000, "totalStockholderEquity": 36469500000, "netTangibleAssets": 36304700000}, {"maxAge": 1, "endDate": "2017-03-31", "cash": 1255700000, "shortTermInvestments": 9003600000, "netReceivables": 2399300000, "inventory": 517200000, "otherCurrentAssets": 23000000, "totalCurrentAssets": 13300600000, "longTermInvestments": 3660600000, "propertyPlantEquipment": 24549700000, "intangibleAssets": 139700000, "otherAssets": 279600000, "totalAssets": 41930200000, "accountsPayable": 2740000000, "otherCurrentLiab": 6528100000, "otherLiab": 2227200000, "totalCurrentLiabilities": 9586100000, "totalLiab": 11813300000, "commonStock": 1400000000, "retainedEarnings": 28716900000, "totalStockholderEquity": 30116900000, "netTangibleAssets": 29977200000}], "maxAge": 86400}, "earningsTrend": {"trend": [{"maxAge": 1, "period": "0q", "endDate": "2018-06-30", "growth": 0.13, "earningsEstimate": {"avg": 2.6, "low": 2.41, "high": 2.9, "yearAgoEps": 2.3, "numberOfAnalysts": 3, "growth": 0.13}, "revenueEstimate": {"avg": 12636800000, "low": 11261000000, "high": 13122000000, "numberOfAnalysts": 5, "yearAgoRevenue": 10492200000, "growth": 0.204}, "epsTrend": {"current": 2.6, "7daysAgo": 2.46, "30daysAgo": 2.41, "60daysAgo": 2.55, "90daysAgo": 2.55}, "epsRevisions": {"upLast7days": 0, "upLast30days": 0, "downLast30days": 0, "downLast90days": {}}}, {"maxAge": 1, "period": "+1q", "endDate": "2018-09-30", "growth": -0.80300003, "earningsEstimate": {"avg": 2.37, "low": 2.37, "high": 2.37, "yearAgoEps": 12.06, "numberOfAnalysts": 1, "growth": -0.80300003}, "revenueEstimate": {"avg": 11839000000, "low": 11839000000, "high": 11839000000, "numberOfAnalysts": 1, "yearAgoRevenue": 11260900000, "growth": 0.051}, "epsTrend": {"current": 2.37, "7daysAgo": 2.37, "30daysAgo": 2.37, "60daysAgo": 2.65, "90daysAgo": 2.65}, "epsRevisions": {"upLast7days": 0, "upLast30days": 0, "downLast30days": 0, "downLast90days": {}}}, {"maxAge": 1, "period": "0y", "endDate": "2019-03-31", "growth": 0.145, "earningsEstimate": {"avg": 10.97, "low": 10.0, "high": 11.5, "yearAgoEps": 9.58, "numberOfAnalysts": 16, "growth": 0.145}, "revenueEstimate": {"avg": 53234100000, "low": 48967000000, "high": 59624000000, "numberOfAnalysts": 15, "yearAgoRevenue": 45921400000, "growth": 0.159}, "epsTrend": {"current": 10.97, "7daysAgo": 10.97, "30daysAgo": 10.97, "60daysAgo": 11.76, "90daysAgo": 11.24}, "epsRevisions": {"upLast7days": 0, "upLast30days": 0, "downLast30days": 0, "downLast90days": {}}}, {"maxAge": 1, "period": "+1y", "endDate": "2020-03-31", "growth": 0.146, "earningsEstimate": {"avg": 12.57, "low": 10.5, "high": 14.0, "yearAgoEps": 10.97, "numberOfAnalysts": 16, "growth": 0.146}, "revenueEstimate": {"avg": 60387100000, "low": 55844000000, "high": 71524000000, "numberOfAnalysts": 15, "yearAgoRevenue": 53234100000, "growth": 0.134}, "epsTrend": {"current": 12.57, "7daysAgo": 12.57, "30daysAgo": 12.57, "60daysAgo": 13.29, "90daysAgo": 12.86}, "epsRevisions": {"upLast7days": 0, "upLast30days": 0, "downLast30days": 0, "downLast90days": {}}}, {"maxAge": 1, "period": "+5y", "endDate": null, "growth": 0.1592, "earningsEstimate": {"avg": {}, "low": {}, "high": {}, "yearAgoEps": {}, "numberOfAnalysts": {}, "growth": {}}, "revenueEstimate": {"avg": {}, "low": {}, "high": {}, "numberOfAnalysts": {}, "yearAgoRevenue": {}, "growth": {}}, "epsTrend": {"current": {}, "7daysAgo": {}, "30daysAgo": {}, "60daysAgo": {}, "90daysAgo": {}}, "epsRevisions": {"upLast7days": {}, "upLast30days": {}, "downLast30days": {}, "downLast90days": {}}}, {"maxAge": 1, "period": "-5y", "endDate": null, "growth": 0.14836, "earningsEstimate": {"avg": {}, "low": {}, "high": {}, "yearAgoEps": {}, "numberOfAnalysts": {}, "growth": {}}, "revenueEstimate": {"avg": {}, "low": {}, "high": {}, "numberOfAnalysts": {}, "yearAgoRevenue": {}, "growth": {}}, "epsTrend": {"current": {}, "7daysAgo": {}, "30daysAgo": {}, "60daysAgo": {}, "90daysAgo": {}}, "epsRevisions": {"upLast7days": {}, "upLast30days": {}, "downLast30days": {}, "downLast90days": {}}}], "maxAge": 1}, "institutionOwnership": {"ownershipList": [], "maxAge": 1}, "majorHoldersBreakdown": {"maxAge": 1, "insidersPercentHeld": 0.50023997, "institutionsPercentHeld": 0.31268, "institutionsFloatPercentHeld": 0.62566, "institutionsCount": 139}, "balanceSheetHistoryQuarterly": {"balanceSheetStatements": [{"maxAge": 1, "endDate": "2020-12-31", "totalStockholderEquity": 55767700000, "netTangibleAssets": 55598000000}, {"maxAge": 1, "endDate": "2020-09-30", "cash": 15655300000, "shortTermInvestments": 9439600000, "netReceivables": 2467600000, "inventory": 487800000, "otherCurrentAssets": 357300000, "totalCurrentAssets": 28407600000, "longTermInvestments": 6296800000, "propertyPlantEquipment": 45077900000, "intangibleAssets": 169700000, "otherAssets": 1171300000, "totalAssets": 81123300000, "accountsPayable": 4146100000, "otherCurrentLiab": 14810900000, "otherLiab": 2573600000, "totalCurrentLiabilities": 22214000000, "totalLiab": 25355600000, "commonStock": 1400000000, "retainedEarnings": 54367700000, "totalStockholderEquity": 55767700000, "netTangibleAssets": 55598000000}, {"maxAge": 1, "endDate": "2020-06-30", "totalStockholderEquity": 53579700000, "netTangibleAssets": 53398000000}, {"maxAge": 1, "endDate": "2020-03-31", "cash": 6677100000, "shortTermInvestments": 14999900000, "netReceivables": 2367100000, "inventory": 511100000, "otherCurrentAssets": 172000000, "totalCurrentAssets": 24976400000, "longTermInvestments": 6302600000, "propertyPlantEquipment": 43154200000, "intangibleAssets": 181700000, "otherAssets": 828600000, "totalAssets": 75443500000, "accountsPayable": 2249600000, "otherCurrentLiab": 12427500000, "otherLiab": 3147100000, "totalCurrentLiabilities": 17954900000, "totalLiab": 21863800000, "commonStock": 1400000000, "retainedEarnings": 52179700000, "totalStockholderEquity": 53579700000, "netTangibleAssets": 53398000000}], "maxAge": 86400}, "earningsHistory": {"history": [{"maxAge": 1, "epsActual": 2.3, "epsEstimate": 2.3, "epsDifference": 0.0, "surprisePercent": 0.0, "quarter": "2017-06-30", "period": "-4q"}, {"maxAge": 1, "epsActual": 12.06, "epsEstimate": 2.48, "epsDifference": 9.58, "surprisePercent": 3.863, "quarter": "2017-09-30", "period": "-3q"}, {"maxAge": 1, "epsActual": 2.37, "epsEstimate": 3.36, "epsDifference": -0.99, "surprisePercent": -0.295, "quarter": "2017-12-31", "period": "-2q"}, {"maxAge": 1, "epsActual": 2.5, "epsEstimate": 2.52, "epsDifference": -0.02, "surprisePercent": -0.008, "quarter": "2018-03-31", "period": "-1q"}], "maxAge": 86400}, "summaryProfile": {"address1": "IGL Bhawan", "address2": "Plot No. 4, Community Centre Sector 9 R K Puram", "city": "New Delhi", "zip": "110022", "country": "India", "phone": "91 11 4607 4607", "fax": "91 11 2617 1860", "website": "http://www.iglonline.net", "industry": "Utilities\u2014Regulated Gas", "sector": "Utilities", "longBusinessSummary": "Indraprastha Gas Limited distributes natural gas in India. The company supplies compressed natural gas (CNG) to the transport sector; and piped natural gas to domestic, industrial, and commercial sectors in Delhi and the National Capital Region. It operates 555 CNG stations; and serves 13.74 Lakh households, and 5,578 commercial and industrial consumers. The company's operates 1,150 kilometers of steel pipeline network; and 13,455 kilometers MDPE network. Indraprastha Gas Limited was incorporated in 1998 and is headquartered in New Delhi, India.", "fullTimeEmployees": 703, "companyOfficers": [], "maxAge": 86400}, "netSharePurchaseActivity": {"maxAge": 1, "period": "6m", "buyInfoCount": 0, "buyInfoShares": 0, "sellInfoCount": 0, "netInfoCount": 0, "netInfoShares": 0, "netPercentInsiderShares": 0.0, "totalInsiderShares": 350470880}, "insiderTransactions": {"transactions": [{"maxAge": 1, "shares": 10000, "filerUrl": "", "transactionText": "", "filerName": "HDFC Standard Life Insurance Company Ltd", "filerRelation": "Institution- Corporation", "moneyText": "", "startDate": "2015-04-10", "ownership": "D"}, {"maxAge": 1, "shares": 181489, "filerUrl": "", "transactionText": "", "filerName": "Life Insurance Corporation of India", "filerRelation": "Institution- Corporation", "moneyText": "", "startDate": "2013-08-30", "ownership": "D"}, {"maxAge": 1, "shares": 100000, "filerUrl": "", "transactionText": "", "filerName": "Sundaram Mutual Fund", "filerRelation": "Investment Advisor", "moneyText": "", "startDate": "2013-08-01", "ownership": "D"}, {"maxAge": 1, "shares": 2400, "filerUrl": "", "transactionText": "", "filerName": "Vedvyas (Rajesh)", "filerRelation": "Managing Director", "moneyText": "", "startDate": "2010-05-25", "ownership": "D"}, {"maxAge": 1, "shares": 4505000, "filerUrl": "", "transactionText": "", "filerName": "Genesis Indian Investment Company, Ltd.", "filerRelation": "UNREPORTED", "moneyText": "", "startDate": "2009-12-11", "ownership": "D"}], "maxAge": 1}, "sectorTrend": {"maxAge": 1, "symbol": null, "estimates": []}, "incomeStatementHistoryQuarterly": {"incomeStatementHistory": [{"maxAge": 1, "endDate": "2020-12-31", "totalRevenue": 14461600000, "costOfRevenue": 6068500000, "grossProfit": 8393100000, "researchDevelopment": {}, "sellingGeneralAdministrative": 374600000, "nonRecurring": {}, "otherOperatingExpenses": 3011800000, "totalOperatingExpenses": 10204800000, "operatingIncome": 4256800000, "totalOtherIncomeExpenseNet": 698200000, "ebit": 4256800000, "interestExpense": -30500000, "incomeBeforeTax": 4955000000, "incomeTaxExpense": 1136700000, "minorityInterest": {}, "netIncomeFromContinuingOps": 3818300000, "discontinuedOperations": {}, "extraordinaryItems": {}, "effectOfAccountingCharges": {}, "otherItems": {}, "netIncome": 3818300000, "netIncomeApplicableToCommonShares": 3818300000}, {"maxAge": 1, "endDate": "2020-09-30", "totalRevenue": 13054400000, "costOfRevenue": 6097100000, "grossProfit": 6957300000, "researchDevelopment": {}, "sellingGeneralAdministrative": 312500000, "nonRecurring": {}, "otherOperatingExpenses": 2573600000, "totalOperatingExpenses": 9694300000, "operatingIncome": 3360100000, "totalOtherIncomeExpenseNet": 568600000, "ebit": 3360100000, "interestExpense": -22900000, "incomeBeforeTax": 3928700000, "incomeTaxExpense": 124200000, "minorityInterest": {}, "netIncomeFromContinuingOps": 3804500000, "discontinuedOperations": {}, "extraordinaryItems": {}, "effectOfAccountingCharges": {}, "otherItems": {}, "netIncome": 3804500000, "netIncomeApplicableToCommonShares": 3804500000}, {"maxAge": 1, "endDate": "2020-06-30", "totalRevenue": 6385700000, "costOfRevenue": 2990900000, "grossProfit": 3394800000, "researchDevelopment": {}, "sellingGeneralAdministrative": 314000000, "nonRecurring": {}, "otherOperatingExpenses": 2246400000, "totalOperatingExpenses": 6233000000, "operatingIncome": 152700000, "totalOtherIncomeExpenseNet": 341800000, "ebit": 152700000, "interestExpense": -23700000, "incomeBeforeTax": 494500000, "incomeTaxExpense": 142700000, "minorityInterest": {}, "netIncomeFromContinuingOps": 351800000, "discontinuedOperations": {}, "extraordinaryItems": {}, "effectOfAccountingCharges": {}, "otherItems": {}, "netIncome": 351800000, "netIncomeApplicableToCommonShares": 351800000}, {"maxAge": 1, "endDate": "2020-03-31", "totalRevenue": 15525300000, "costOfRevenue": 11268700000, "grossProfit": 4256600000, "researchDevelopment": {}, "sellingGeneralAdministrative": 2219900000, "nonRecurring": {}, "otherOperatingExpenses": -1767100000, "totalOperatingExpenses": 12376600000, "operatingIncome": 3148700000, "totalOtherIncomeExpenseNet": 735400000, "ebit": 3148700000, "interestExpense": -10700000, "incomeBeforeTax": 3884100000, "incomeTaxExpense": 976500000, "minorityInterest": {}, "netIncomeFromContinuingOps": 2907600000, "discontinuedOperations": {}, "extraordinaryItems": {}, "effectOfAccountingCharges": {}, "otherItems": {}, "netIncome": 2907600000, "netIncomeApplicableToCommonShares": 2907600000}], "maxAge": 86400}, "cashflowStatementHistoryQuarterly": {"cashflowStatements": [{"maxAge": 1, "endDate": "2020-12-31", "netIncome": 3818300000, "changeToLiabilities": 0}, {"maxAge": 1, "endDate": "2020-09-30", "netIncome": 3804500000, "changeToLiabilities": 0}, {"maxAge": 1, "endDate": "2020-06-30", "netIncome": 351800000, "changeToLiabilities": 0}, {"maxAge": 1, "endDate": "2020-03-31", "netIncome": 2907600000, "changeToLiabilities": 0}], "maxAge": 86400}, "earnings": {"maxAge": 86400, "earningsChart": {"quarterly": [{"date": "2Q2017", "actual": 2.3, "estimate": 2.3}, {"date": "3Q2017", "actual": 12.06, "estimate": 2.48}, {"date": "4Q2017", "actual": 2.37, "estimate": 3.36}, {"date": "1Q2018", "actual": 2.5, "estimate": 2.52}], "currentQuarterEstimate": 2.6, "currentQuarterEstimateDate": "2Q", "currentQuarterEstimateYear": 2018, "earningsDate": []}, "financialsChart": {"yearly": [{"date": 2017, "revenue": 38147800000, "earnings": 6063400000}, {"date": 2018, "revenue": 45354700000, "earnings": 7217200000}, {"date": 2019, "revenue": 57648400000, "earnings": 8421000000}, {"date": 2020, "revenue": 64852700000, "earnings": 12489900000}], "quarterly": [{"date": "1Q2020", "revenue": 15525300000, "earnings": 2907600000}, {"date": "2Q2020", "revenue": 6385700000, "earnings": 351800000}, {"date": "3Q2020", "revenue": 13054400000, "earnings": 3804500000}, {"date": "4Q2020", "revenue": 14461600000, "earnings": 3818300000}]}, "financialCurrency": "INR"}, "financialData": {"maxAge": 86400, "currentPrice": 508.95, "targetHighPrice": 425.0, "targetLowPrice": 145.0, "targetMeanPrice": 324.57, "targetMedianPrice": 335.5, "recommendationMean": 2.3, "recommendationKey": "buy", "numberOfAnalystOpinions": 28, "totalCash": 25094899712, "totalCashPerShare": 35.819, "ebitda": 13402200064, "totalDebt": 854000000, "totalRevenue": 49427001344, "debtToEquity": 1.531, "revenuePerShare": 70.596, "grossProfits": 25052400000, "earningsGrowth": 0.282, "revenueGrowth": -0.131, "grossMargins": 0.46537, "ebitdaMargins": 0.27115, "operatingMargins": 0.2209, "profitMargins": 0.22017, "financialCurrency": "INR"}}}