{"IISL.BO": {"cashflowStatementHistory": {"cashflowStatements": [{"maxAge": 1, "endDate": "2020-03-31", "netIncome": 4479000, "depreciation": 1537000, "changeToNetincome": -53000, "changeToAccountReceivables": -7390000, "changeToLiabilities": -338000, "changeToInventory": 405000, "changeToOperatingActivities": -5100000, "totalCashFromOperatingActivities": -6460000, "investments": 4641000, "otherCashflowsFromInvestingActivities": 1056000, "totalCashflowsFromInvestingActivities": 5722000, "netBorrowings": 2717000, "otherCashflowsFromFinancingActivities": -1003000, "totalCashFromFinancingActivities": 1714000, "changeInCash": 976000}, {"maxAge": 1, "endDate": "2019-03-31", "netIncome": 2262528, "depreciation": 2250878, "changeToNetincome": -3154284, "changeToAccountReceivables": 4219507, "changeToLiabilities": -41514192, "changeToInventory": 33968888, "changeToOperatingActivities": 1146124, "totalCashFromOperatingActivities": -820551, "capitalExpenditures": -61171, "investments": -1010, "otherCashflowsFromInvestingActivities": 3447035, "totalCashflowsFromInvestingActivities": 3384854, "netBorrowings": -2115700, "otherCashflowsFromFinancingActivities": -616033, "totalCashFromFinancingActivities": -2731733, "changeInCash": -167430}, {"maxAge": 1, "endDate": "2018-03-31", "netIncome": 1713691, "depreciation": 61566, "changeToNetincome": -2669569, "changeToAccountReceivables": -10536623, "changeToLiabilities": 36670151, "changeToInventory": -29321926, "changeToOperatingActivities": 1348461, "totalCashFromOperatingActivities": -2734249, "capitalExpenditures": -7039492, "investments": -1010, "otherCashflowsFromInvestingActivities": 2865709, "totalCashflowsFromInvestingActivities": -4173783, "netBorrowings": 5869816, "otherCashflowsFromFinancingActivities": -68788, "totalCashFromFinancingActivities": 5801028, "changeInCash": -1107004}, {"maxAge": 1, "endDate": "2017-03-31", "netIncome": 222640, "depreciation": 24944, "changeToNetincome": -3252002, "changeToAccountReceivables": -408664, "changeToLiabilities": -4136280, "changeToInventory": -5051635, "changeToOperatingActivities": 10288887, "totalCashFromOperatingActivities": -2312110, "capitalExpenditures": -119300, "investments": -1010, "otherCashflowsFromInvestingActivities": 3249316, "totalCashflowsFromInvestingActivities": 3130016, "netBorrowings": 5869816, "otherCashflowsFromFinancingActivities": -343, "totalCashFromFinancingActivities": -343, "changeInCash": 817563}], "maxAge": 86400}, "institutionOwnership": {"ownershipList": [], "maxAge": 1}, "balanceSheetHistoryQuarterly": {"balanceSheetStatements": [{"maxAge": 1, "endDate": "2020-06-30", "totalStockholderEquity": 69526000, "netTangibleAssets": 69526000}, {"maxAge": 1, "endDate": "2020-03-31", "cash": 1092000, "netReceivables": 23508000, "otherCurrentAssets": 54246000, "totalCurrentAssets": 78846000, "longTermInvestments": 1186000, "propertyPlantEquipment": 3320000, "otherAssets": 372000, "deferredLongTermAssetCharges": 372000, "totalAssets": 83724000, "accountsPayable": 371000, "shortLongTermDebt": 3555000, "otherCurrentLiab": 3801000, "longTermDebt": 6471000, "totalCurrentLiabilities": 7727000, "totalLiab": 14198000, "commonStock": 64746000, "retainedEarnings": 4780000, "totalStockholderEquity": 69526000, "netTangibleAssets": 69526000}, {"maxAge": 1, "endDate": "2019-12-31", "totalStockholderEquity": 70408000, "netTangibleAssets": 70408000}, {"maxAge": 1, "endDate": "2019-09-30", "cash": 67000, "netReceivables": 26041000, "otherCurrentAssets": 51530900, "totalCurrentAssets": 77638900, "longTermInvestments": 6033000, "propertyPlantEquipment": 4115000, "otherAssets": -900, "totalAssets": 87786000, "accountsPayable": 2312000, "shortLongTermDebt": 3508000, "otherCurrentLiab": 4695000, "longTermDebt": 6863000, "totalCurrentLiabilities": 10515000, "totalLiab": 17378000, "commonStock": 64746000, "retainedEarnings": 5662000, "totalStockholderEquity": 70408000, "netTangibleAssets": 70408000}], "maxAge": 86400}, "indexTrend": {"maxAge": 1, "symbol": "SP5", "peRatio": 19.7411, "pegRatio": 1.34172, "estimates": [{"period": "0q", "growth": 0.549}, {"period": "+1q", "growth": 0.431}, {"period": "0y", "growth": 0.305}, {"period": "+1y", "growth": 0.109}, {"period": "+5y", "growth": 0.120859005}, {"period": "-5y"}]}, "insiderTransactions": {"transactions": [{"maxAge": 1, "shares": 766500, "filerUrl": "", "transactionText": "", "filerName": "Shah (Kalpen Rameshchandra)", "filerRelation": "UNREPORTED", "moneyText": "", "startDate": "2020-08-20", "ownership": "D"}, {"maxAge": 1, "shares": 17152, "filerUrl": "", "transactionText": "", "filerName": "Shah (Pradip)", "filerRelation": "Promoter", "moneyText": "", "startDate": "2020-02-24", "ownership": "D"}, {"maxAge": 1, "shares": 3000, "filerUrl": "", "transactionText": "", "filerName": "Shah (Sanjay Rameshbhai)", "filerRelation": "Promoter", "moneyText": "", "startDate": "2020-02-24", "ownership": "D"}, {"maxAge": 1, "shares": 12000, "filerUrl": "", "transactionText": "", "filerName": "Shah (Pradip)", "filerRelation": "Promoter", "moneyText": "", "startDate": "2020-02-20", "ownership": "D"}, {"maxAge": 1, "shares": 1248, "filerUrl": "", "transactionText": "", "filerName": "Shah (Pradip)", "filerRelation": "Promoter", "moneyText": "", "startDate": "2020-02-17", "ownership": "D"}], "maxAge": 1}, "quoteType": {"exchange": "BSE", "quoteType": "EQUITY", "symbol": "IISL.BO", "underlyingSymbol": "IISL.BO", "shortName": "ISHAAN INFRASTRUCTURE AND SHEL", "longName": "Ishaan Infrastructures and Shelters Limited", "firstTradeDateEpochUtc": "2016-11-04 09:15:00", "timeZoneFullName": "Asia/Kolkata", "timeZoneShortName": "IST", "uuid": "d6d4c0bd-a302-32b2-9a52-f7b8d418f0f9", "gmtOffSetMilliseconds": 19800000, "maxAge": 1}, "incomeStatementHistory": {"incomeStatementHistory": [{"maxAge": 1, "endDate": "2020-03-31", "totalRevenue": 52960000, "costOfRevenue": 50170000, "grossProfit": 2790000, "researchDevelopment": {}, "sellingGeneralAdministrative": 2983000, "nonRecurring": {}, "otherOperatingExpenses": 12118000, "totalOperatingExpenses": 66808000, "operatingIncome": -13848000, "totalOtherIncomeExpenseNet": 19908000, "ebit": -13848000, "interestExpense": -1003000, "incomeBeforeTax": 6060000, "incomeTaxExpense": 1581000, "minorityInterest": {}, "netIncomeFromContinuingOps": 4479000, "discontinuedOperations": {}, "extraordinaryItems": {}, "effectOfAccountingCharges": {}, "otherItems": {}, "netIncome": 4479000, "netIncomeApplicableToCommonShares": 4479000}, {"maxAge": 1, "endDate": "2019-03-31", "totalRevenue": 63106196, "costOfRevenue": 57543052, "grossProfit": 5563144, "researchDevelopment": {}, "sellingGeneralAdministrative": 1335000, "nonRecurring": {}, "otherOperatingExpenses": 1717337, "totalOperatingExpenses": 62846267, "operatingIncome": 259929, "totalOtherIncomeExpenseNet": 2797698, "ebit": 259929, "interestExpense": -616033, "incomeBeforeTax": 3057627, "incomeTaxExpense": 795099, "minorityInterest": {}, "netIncomeFromContinuingOps": 2262528, "discontinuedOperations": {}, "extraordinaryItems": {}, "effectOfAccountingCharges": {}, "otherItems": {}, "netIncome": 2262528, "netIncomeApplicableToCommonShares": 2262528}, {"maxAge": 1, "endDate": "2018-03-31", "totalRevenue": 72603841, "costOfRevenue": 69137970, "grossProfit": 3465871, "researchDevelopment": {}, "sellingGeneralAdministrative": 2493300, "nonRecurring": {}, "otherOperatingExpenses": 1382363, "totalOperatingExpenses": 73075199, "operatingIncome": -471358, "totalOtherIncomeExpenseNet": 2791409, "ebit": -471358, "interestExpense": -68788, "incomeBeforeTax": 2320051, "incomeTaxExpense": 606360, "minorityInterest": {}, "netIncomeFromContinuingOps": 1713691, "discontinuedOperations": {}, "extraordinaryItems": {}, "effectOfAccountingCharges": {}, "otherItems": {}, "netIncome": 1713691, "netIncomeApplicableToCommonShares": 1713691}, {"maxAge": 1, "endDate": "2017-03-31", "totalRevenue": 204054391, "costOfRevenue": 201209690, "grossProfit": 2844701, "researchDevelopment": {}, "sellingGeneralAdministrative": 1598200, "nonRecurring": {}, "otherOperatingExpenses": 4126811, "totalOperatingExpenses": 206959645, "operatingIncome": -2905254, "totalOtherIncomeExpenseNet": 3239510, "ebit": -2905254, "interestExpense": -4343, "incomeBeforeTax": 334256, "incomeTaxExpense": 111616, "minorityInterest": {}, "netIncomeFromContinuingOps": 222640, "discontinuedOperations": {}, "extraordinaryItems": {}, "effectOfAccountingCharges": {}, "otherItems": {}, "netIncome": 222640, "netIncomeApplicableToCommonShares": 222640}], "maxAge": 86400}, "fundOwnership": {"ownershipList": [], "maxAge": 1}, "summaryDetail": {"maxAge": 1, "priceHint": 4, "previousClose": 4.8, "open": 4.85, "dayLow": 4.5, "dayHigh": 5.0, "regularMarketPreviousClose": 4.8, "regularMarketOpen": 4.85, "regularMarketDayLow": 4.5, "regularMarketDayHigh": 5.0, "trailingPE": 6.72043, "volume": 13181, "regularMarketVolume": 13181, "averageVolume": 8602, "averageVolume10days": 2567, "averageDailyVolume10Day": 2567, "bid": 5.0, "ask": 5.06, "bidSize": 0, "askSize": 0, "marketCap": 32373000, "fiftyTwoWeekLow": 3.95, "fiftyTwoWeekHigh": 23.99, "fiftyDayAverage": 5.210606, "twoHundredDayAverage": 7.7570586, "currency": "INR", "fromCurrency": null, "lastMarket": null, "algorithm": null, "tradeable": false}, "incomeStatementHistoryQuarterly": {"incomeStatementHistory": [{"maxAge": 1, "endDate": "2020-06-30", "totalRevenue": 2000000, "costOfRevenue": 0, "grossProfit": 2000000, "researchDevelopment": {}, "sellingGeneralAdministrative": 357000, "nonRecurring": {}, "otherOperatingExpenses": 808000, "totalOperatingExpenses": 1424000, "operatingIncome": 576000, "totalOtherIncomeExpenseNet": 56000, "ebit": 576000, "interestExpense": -215000, "incomeBeforeTax": 632000, "incomeTaxExpense": 164000, "minorityInterest": {}, "netIncomeFromContinuingOps": 468000, "discontinuedOperations": {}, "extraordinaryItems": {}, "effectOfAccountingCharges": {}, "otherItems": {}, "netIncome": 468000, "netIncomeApplicableToCommonShares": 468000}, {"maxAge": 1, "endDate": "2020-03-31", "totalRevenue": 20732000, "costOfRevenue": 20303000, "grossProfit": 429000, "researchDevelopment": {}, "sellingGeneralAdministrative": 499000, "nonRecurring": {}, "otherOperatingExpenses": 10423000, "totalOperatingExpenses": 31610000, "operatingIncome": -10878000, "totalOtherIncomeExpenseNet": 740000, "ebit": -10878000, "interestExpense": -244000, "incomeBeforeTax": -10138000, "incomeTaxExpense": -2932000, "minorityInterest": {}, "netIncomeFromContinuingOps": -7206000, "discontinuedOperations": {}, "extraordinaryItems": {}, "effectOfAccountingCharges": {}, "otherItems": {}, "netIncome": -7206000, "netIncomeApplicableToCommonShares": -7206000}, {"maxAge": 1, "endDate": "2019-12-31", "totalRevenue": 24538000, "costOfRevenue": 22836000, "grossProfit": 1702000, "researchDevelopment": {}, "sellingGeneralAdministrative": 888000, "nonRecurring": {}, "otherOperatingExpenses": 503000, "totalOperatingExpenses": 24611000, "operatingIncome": -73000, "totalOtherIncomeExpenseNet": 9026000, "ebit": -73000, "interestExpense": -248000, "incomeBeforeTax": 8953000, "incomeTaxExpense": 2630000, "minorityInterest": {}, "netIncomeFromContinuingOps": 6323000, "discontinuedOperations": {}, "extraordinaryItems": {}, "effectOfAccountingCharges": {}, "otherItems": {}, "netIncome": 6323000, "netIncomeApplicableToCommonShares": 6323000}, {"maxAge": 1, "endDate": "2019-09-30", "totalRevenue": 7232000, "costOfRevenue": 6626000, "grossProfit": 606000, "researchDevelopment": {}, "sellingGeneralAdministrative": 798000, "nonRecurring": {}, "otherOperatingExpenses": 469000, "totalOperatingExpenses": 8277000, "operatingIncome": -1045000, "totalOtherIncomeExpenseNet": 7830000, "ebit": -1045000, "interestExpense": -262000, "incomeBeforeTax": 6785000, "incomeTaxExpense": 1640000, "minorityInterest": {}, "netIncomeFromContinuingOps": 5145000, "discontinuedOperations": {}, "extraordinaryItems": {}, "effectOfAccountingCharges": {}, "otherItems": {}, "netIncome": 5145000, "netIncomeApplicableToCommonShares": 5145000}], "maxAge": 86400}, "cashflowStatementHistoryQuarterly": {"cashflowStatements": [{"maxAge": 1, "endDate": "2020-06-30", "netIncome": 468000, "changeToLiabilities": 0}, {"maxAge": 1, "endDate": "2020-03-31", "netIncome": -7206000, "changeToLiabilities": 0}, {"maxAge": 1, "endDate": "2019-12-31", "netIncome": 6323000, "changeToLiabilities": 0}, {"maxAge": 1, "endDate": "2019-09-30", "netIncome": 5145000, "changeToLiabilities": 0}], "maxAge": 86400}, "insiderHolders": {"holders": [{"maxAge": 1, "name": "Shah (Kalpen Rameshchandra)", "relation": "UNREPORTED", "url": "", "transactionDescription": "Acquisition", "latestTransDate": "2020-08-20", "positionDirect": 766500, "positionDirectDate": "2020-08-20"}, {"maxAge": 1, "name": "Shah (Pradip)", "relation": "Promoter", "url": "", "transactionDescription": "Sale", "latestTransDate": "2020-02-24", "positionDirect": 0, "positionDirectDate": "2020-02-24"}, {"maxAge": 1, "name": "Shah (Sanjay Rameshbhai)", "relation": "Promoter", "url": "", "transactionDescription": "Sale", "latestTransDate": "2020-02-24", "positionDirect": 55100, "positionDirectDate": "2020-02-24"}], "maxAge": 1}, "calendarEvents": {"maxAge": 1, "earnings": {"earningsDate": []}}, "upgradeDowngradeHistory": {"history": [], "maxAge": 86400}, "price": {"maxAge": 1, "regularMarketChangePercent": 0.041666627, "regularMarketChange": 0.19999981, "regularMarketTime": "2021-04-30 15:15:00", "priceHint": 4, "regularMarketPrice": 5.0, "regularMarketDayHigh": 5.0, "regularMarketDayLow": 4.5, "regularMarketVolume": 13181, "averageDailyVolume10Day": 2567, "averageDailyVolume3Month": 8602, "regularMarketPreviousClose": 4.8, "regularMarketSource": "FREE_REALTIME", "regularMarketOpen": 4.85, "exchange": "BSE", "exchangeName": "BSE", "exchangeDataDelayedBy": 0, "marketState": "CLOSED", "quoteType": "EQUITY", "symbol": "IISL.BO", "underlyingSymbol": null, "shortName": "ISHAAN INFRASTRUCTURE AND SHEL", "longName": "Ishaan Infrastructures and Shelters Limited", "currency": "INR", "quoteSourceName": "Delayed Quote", "currencySymbol": "\u20b9", "fromCurrency": null, "lastMarket": null, "marketCap": 32373000}, "balanceSheetHistory": {"balanceSheetStatements": [{"maxAge": 1, "endDate": "2020-03-31", "cash": 1092000, "netReceivables": 23508000, "otherCurrentAssets": 54246000, "totalCurrentAssets": 78846000, "longTermInvestments": 1186000, "propertyPlantEquipment": 3320000, "otherAssets": 372000, "deferredLongTermAssetCharges": 372000, "totalAssets": 83724000, "accountsPayable": 371000, "shortLongTermDebt": 3555000, "otherCurrentLiab": 3801000, "longTermDebt": 6471000, "totalCurrentLiabilities": 7727000, "totalLiab": 14198000, "commonStock": 64746000, "retainedEarnings": 4780000, "totalStockholderEquity": 69526000, "netTangibleAssets": 69526000}, {"maxAge": 1, "endDate": "2019-03-31", "cash": 115502, "netReceivables": 16117551, "inventory": 404673, "otherCurrentAssets": 46268801, "totalCurrentAssets": 62906527, "longTermInvestments": 5826670, "propertyPlantEquipment": 4882575, "otherAssets": 199013, "deferredLongTermAssetCharges": 199013, "totalAssets": 73814785, "accountsPayable": 708720, "shortLongTermDebt": 2671073, "otherCurrentLiab": 1634069, "longTermDebt": 3754117, "totalCurrentLiabilities": 5013862, "totalLiab": 8767979, "commonStock": 64746000, "retainedEarnings": 300806, "treasuryStock": 301000, "otherStockholderEquity": 301000, "totalStockholderEquity": 65046806, "netTangibleAssets": 65046806}, {"maxAge": 1, "endDate": "2018-03-31", "cash": 282932, "netReceivables": 20337058, "inventory": 34373561, "otherCurrentAssets": 58978011, "totalCurrentAssets": 113971562, "longTermInvestments": 5825660, "propertyPlantEquipment": 7072282, "totalAssets": 126869504, "accountsPayable": 42222911, "shortLongTermDebt": 1544424, "otherCurrentLiab": 14323804, "longTermDebt": 5869816, "otherLiab": 124271, "totalCurrentLiabilities": 58091139, "totalLiab": 64085226, "commonStock": 64746000, "retainedEarnings": -1961722, "totalStockholderEquity": 62784278, "netTangibleAssets": 62784278}, {"maxAge": 1, "endDate": "2017-03-31", "cash": 1389936, "netReceivables": 9834786, "inventory": 5051635, "otherCurrentAssets": 44472498, "totalCurrentAssets": 60748855, "longTermInvestments": 5825660, "propertyPlantEquipment": 94356, "otherAssets": 3082, "deferredLongTermAssetCharges": 3082, "totalAssets": 66671953, "accountsPayable": 5552760, "totalCurrentLiabilities": 5601365, "totalLiab": 5601365, "commonStock": 64746000, "retainedEarnings": -5464162, "treasuryStock": 1788750, "otherStockholderEquity": 1788750, "totalStockholderEquity": 61070588, "netTangibleAssets": 61070588}], "maxAge": 86400}, "financialData": {"maxAge": 86400, "currentPrice": 5.0, "recommendationKey": "none", "grossProfits": 2790000, "financialCurrency": "INR"}}}