{"IITL.BO": {"cashflowStatementHistory": {"cashflowStatements": [{"maxAge": 1, "endDate": "2020-03-31", "netIncome": -395652920, "depreciation": 6142030, "changeToNetincome": 327668910, "changeToAccountReceivables": 2327400, "changeToLiabilities": 1075160, "changeToInventory": -4049900, "changeToOperatingActivities": 8754570, "totalCashFromOperatingActivities": -53631200, "capitalExpenditures": -1413140, "investments": -5000000, "otherCashflowsFromInvestingActivities": -9742330, "totalCashflowsFromInvestingActivities": 52849180, "dividendsPaid": -579800, "netBorrowings": -4561820, "totalCashFromFinancingActivities": -5141620, "changeInCash": -5923640}, {"maxAge": 1, "endDate": "2019-03-31", "netIncome": -462398600, "depreciation": 687730, "changeToNetincome": 380784020, "changeToAccountReceivables": 7214790, "changeToLiabilities": -270520, "changeToInventory": -1384420, "changeToOperatingActivities": 8936300, "totalCashFromOperatingActivities": -66959310, "capitalExpenditures": -1413140, "investments": -5000000, "otherCashflowsFromInvestingActivities": -3593820, "totalCashflowsFromInvestingActivities": 88009630, "dividendsPaid": -580170, "netBorrowings": -9183000, "otherCashflowsFromFinancingActivities": -696080, "totalCashFromFinancingActivities": -10459250, "changeInCash": 10591070}, {"maxAge": 1, "endDate": "2018-03-31", "netIncome": -844235350, "depreciation": 5406550, "changeToNetincome": 847200880, "changeToAccountReceivables": 13708910, "changeToLiabilities": -2978960, "changeToInventory": 12128540, "changeToOperatingActivities": -17868980, "totalCashFromOperatingActivities": 13784000, "capitalExpenditures": -90220, "investments": -21990685, "otherCashflowsFromInvestingActivities": 737260, "totalCashflowsFromInvestingActivities": 751030, "dividendsPaid": -618320, "netBorrowings": -10293930, "otherCashflowsFromFinancingActivities": -2297690, "totalCashFromFinancingActivities": -13209940, "changeInCash": 1325090}, {"maxAge": 1, "endDate": "2017-03-31", "netIncome": -258348906, "depreciation": 17414921, "changeToNetincome": 73015150, "changeToAccountReceivables": 21436033, "changeToLiabilities": 135885822, "changeToInventory": 107425614, "changeToOperatingActivities": -60700705, "totalCashFromOperatingActivities": 46401629, "capitalExpenditures": -33230709, "investments": -239096350, "otherCashflowsFromInvestingActivities": -30578285, "totalCashflowsFromInvestingActivities": -300782049, "dividendsPaid": -329686, "netBorrowings": 240390401, "otherCashflowsFromFinancingActivities": -95656766, "totalCashFromFinancingActivities": 144403949, "changeInCash": -7522763}], "maxAge": 86400}, "institutionOwnership": {"maxAge": 1, "ownershipList": []}, "balanceSheetHistoryQuarterly": {"balanceSheetStatements": [{"maxAge": 1, "endDate": "2020-06-30", "totalStockholderEquity": 3385325560, "netTangibleAssets": 3385244020}, {"maxAge": 1, "endDate": "2020-03-31", "cash": 15631360, "shortTermInvestments": 214226120, "netReceivables": 47705020, "inventory": 43250560, "otherCurrentAssets": 92163010, "totalCurrentAssets": 414151110, "longTermInvestments": 3103686460, "propertyPlantEquipment": 53874050, "intangibleAssets": 81540, "otherAssets": 64701430, "deferredLongTermAssetCharges": 64269690, "totalAssets": 3636494590, "accountsPayable": 7694220, "otherCurrentLiab": 324990120, "otherLiab": 40962570, "minorityInterest": -130911310, "totalCurrentLiabilities": 335890660, "totalLiab": 382080340, "commonStock": 225475500, "retainedEarnings": -1306638160, "treasuryStock": 750, "capitalSurplus": 4466487470, "otherStockholderEquity": 750, "totalStockholderEquity": 3385325560, "netTangibleAssets": 3385244020}, {"maxAge": 1, "endDate": "2019-12-31", "totalStockholderEquity": 3749345000, "netTangibleAssets": 3660431000}, {"maxAge": 1, "endDate": "2019-09-30", "cash": 219037000, "netReceivables": 119149000, "inventory": 39081000, "otherCurrentAssets": 52678000, "totalCurrentAssets": 429945000, "longTermInvestments": 3454315000, "propertyPlantEquipment": 59007000, "goodWill": 88816000, "intangibleAssets": 98000, "otherAssets": 123196000, "deferredLongTermAssetCharges": 83681000, "totalAssets": 4155377000, "accountsPayable": 7244000, "otherCurrentLiab": 17314000, "otherLiab": 381474000, "totalCurrentLiabilities": 24558000, "totalLiab": 406032000, "commonStock": 225476000, "treasuryStock": 3523869000, "otherStockholderEquity": 3523869000, "totalStockholderEquity": 3749345000, "netTangibleAssets": 3660431000}], "maxAge": 86400}, "indexTrend": {"maxAge": 1, "symbol": "SP5", "peRatio": 19.7411, "pegRatio": 1.34172, "estimates": [{"period": "0q", "growth": 0.549}, {"period": "+1q", "growth": 0.431}, {"period": "0y", "growth": 0.305}, {"period": "+1y", "growth": 0.109}, {"period": "+5y", "growth": 0.120865}, {"period": "-5y"}]}, "insiderTransactions": {"transactions": [{"maxAge": 1, "shares": 19880, "filerUrl": "", "transactionText": "", "filerName": "Nimbus India, Ltd.", "filerRelation": "Promoter", "moneyText": "", "startDate": "2016-10-20", "ownership": "D"}, {"maxAge": 1, "shares": 22500, "filerUrl": "", "transactionText": "", "filerName": "Nimbus India, Ltd.", "filerRelation": "Promoter", "moneyText": "", "startDate": "2016-10-19", "ownership": "D"}, {"maxAge": 1, "shares": 10500, "filerUrl": "", "transactionText": "", "filerName": "Nimbus India, Ltd.", "filerRelation": "Promoter", "moneyText": "", "startDate": "2016-10-18", "ownership": "D"}, {"maxAge": 1, "shares": 30100, "filerUrl": "", "transactionText": "", "filerName": "Nimbus India, Ltd.", "filerRelation": "Promoter", "moneyText": "", "startDate": "2016-10-14", "ownership": "D"}, {"maxAge": 1, "shares": 22700, "filerUrl": "", "transactionText": "", "filerName": "Nimbus India, Ltd.", "filerRelation": "Promoter", "moneyText": "", "startDate": "2016-10-13", "ownership": "D"}, {"maxAge": 1, "shares": 5000, "filerUrl": "", "transactionText": "", "filerName": "Nimbus India, Ltd.", "filerRelation": "Promoter", "moneyText": "", "startDate": "2016-10-06", "ownership": "D"}, {"maxAge": 1, "shares": 450000, "filerUrl": "", "transactionText": "", "filerName": "N N Financial Services Pvt. Ltd.", "filerRelation": "Promoter", "moneyText": "", "startDate": "2014-04-03", "ownership": "D"}, {"maxAge": 1, "shares": 270000, "filerUrl": "", "transactionText": "", "filerName": "Nimbus India, Ltd.", "filerRelation": "Promoter", "moneyText": "", "startDate": "2014-04-03", "ownership": "D"}, {"maxAge": 1, "shares": 850000, "filerUrl": "", "transactionText": "", "filerName": "N N Financial Services Pvt. Ltd.", "filerRelation": "Promoter", "moneyText": "", "startDate": "2013-10-29", "ownership": "D"}, {"maxAge": 1, "shares": 200000, "filerUrl": "", "transactionText": "", "filerName": "Nimbus India, Ltd.", "filerRelation": "Promoter", "moneyText": "", "startDate": "2013-10-29", "ownership": "D"}, {"maxAge": 1, "shares": 800000, "filerUrl": "", "transactionText": "", "filerName": "N N Financial Services Pvt. Ltd.", "filerRelation": "Promoter", "moneyText": "", "startDate": "2013-03-23", "ownership": "D"}, {"maxAge": 1, "shares": 200000, "filerUrl": "", "transactionText": "", "filerName": "Nimbus India, Ltd.", "filerRelation": "Promoter", "moneyText": "", "startDate": "2013-03-23", "ownership": "D"}, {"maxAge": 1, "shares": 125000, "filerUrl": "", "transactionText": "", "filerName": "N N Financial Services Pvt. Ltd.", "filerRelation": "Promoter", "moneyText": "", "startDate": "2011-06-28", "ownership": "D"}, {"maxAge": 1, "shares": 150000, "filerUrl": "", "transactionText": "", "filerName": "Nimbus India, Ltd.", "filerRelation": "Promoter", "moneyText": "", "startDate": "2011-06-28", "ownership": "D"}, {"maxAge": 1, "shares": 11684, "filerUrl": "", "transactionText": "", "filerName": "N N Financial Services Pvt. Ltd.", "filerRelation": "Promoter", "moneyText": "", "startDate": "2010-08-11", "ownership": "D"}, {"maxAge": 1, "shares": 254050, "filerUrl": "", "transactionText": "", "filerName": "Nimbus India, Ltd.", "filerRelation": "Promoter", "moneyText": "", "startDate": "2010-08-11", "ownership": "D"}], "maxAge": 1}, "quoteType": {"exchange": "BSE", "quoteType": "EQUITY", "symbol": "IITL.BO", "underlyingSymbol": "IITL.BO", "shortName": "INDUSTRIAL INVESTMENT TRUST LT", "longName": "Industrial Investment Trust Limited", "firstTradeDateEpochUtc": "2000-01-03 09:15:00", "timeZoneFullName": "Asia/Kolkata", "timeZoneShortName": "IST", "uuid": "b2ad213f-6074-3570-9242-05eea25206a2", "messageBoardId": null, "gmtOffSetMilliseconds": 19800000, "maxAge": 1}, "incomeStatementHistory": {"incomeStatementHistory": [{"maxAge": 1, "endDate": "2020-03-31", "totalRevenue": 145892940, "costOfRevenue": 6948730, "grossProfit": 138944210, "researchDevelopment": {}, "sellingGeneralAdministrative": 23486780, "nonRecurring": {}, "otherOperatingExpenses": 30821760, "totalOperatingExpenses": 67355180, "operatingIncome": 78537760, "totalOtherIncomeExpenseNet": -528947040, "ebit": 78537760, "interestExpense": -1342270, "incomeBeforeTax": -450409280, "incomeTaxExpense": -3904560, "minorityInterest": -130911310, "netIncomeFromContinuingOps": -446504720, "discontinuedOperations": {}, "extraordinaryItems": {}, "effectOfAccountingCharges": {}, "otherItems": {}, "netIncome": -395652920, "netIncomeApplicableToCommonShares": -395652920}, {"maxAge": 1, "endDate": "2019-03-31", "totalRevenue": 144706820, "costOfRevenue": 5894960, "grossProfit": 138811860, "researchDevelopment": {}, "sellingGeneralAdministrative": 21577760, "nonRecurring": {}, "otherOperatingExpenses": -56733090, "totalOperatingExpenses": -28566030, "operatingIncome": 173272850, "totalOtherIncomeExpenseNet": -632863710, "ebit": 173272850, "interestExpense": -638590, "incomeBeforeTax": -459590860, "incomeTaxExpense": 2807740, "minorityInterest": -130911310, "netIncomeFromContinuingOps": -462398600, "discontinuedOperations": {}, "extraordinaryItems": {}, "effectOfAccountingCharges": {}, "otherItems": {}, "netIncome": -462398600, "netIncomeApplicableToCommonShares": -462398600}, {"maxAge": 1, "endDate": "2018-03-31", "totalRevenue": 145077080, "costOfRevenue": 16601110, "grossProfit": 128475970, "researchDevelopment": {}, "sellingGeneralAdministrative": 28527470, "nonRecurring": {}, "otherOperatingExpenses": 84588870, "totalOperatingExpenses": 135145200, "operatingIncome": 9931880, "totalOtherIncomeExpenseNet": -888738280, "ebit": 9931880, "interestExpense": -2222970, "incomeBeforeTax": -878806400, "incomeTaxExpense": -29200790, "minorityInterest": 1700802, "netIncomeFromContinuingOps": -849605610, "discontinuedOperations": {}, "extraordinaryItems": {}, "effectOfAccountingCharges": {}, "otherItems": {}, "netIncome": -844235350, "netIncomeApplicableToCommonShares": -844235350}, {"maxAge": 1, "endDate": "2017-03-31", "totalRevenue": 2565836161, "costOfRevenue": 1780358518, "grossProfit": 785477643, "researchDevelopment": {}, "sellingGeneralAdministrative": 565489398, "nonRecurring": {}, "otherOperatingExpenses": 433732921, "totalOperatingExpenses": 2785591720, "operatingIncome": -219755559, "totalOtherIncomeExpenseNet": -55243117, "ebit": -219755559, "interestExpense": -62123708, "incomeBeforeTax": -274998676, "incomeTaxExpense": -4357734, "minorityInterest": 1700476, "netIncomeFromContinuingOps": -270640942, "discontinuedOperations": {}, "extraordinaryItems": {}, "effectOfAccountingCharges": {}, "otherItems": {}, "netIncome": -258348906, "netIncomeApplicableToCommonShares": -258348906}], "maxAge": 86400}, "fundOwnership": {"maxAge": 1, "ownershipList": []}, "summaryDetail": {"maxAge": 1, "priceHint": 2, "previousClose": 56.05, "open": 53.05, "dayLow": 53.05, "dayHigh": 57.45, "regularMarketPreviousClose": 56.05, "regularMarketOpen": 53.05, "regularMarketDayLow": 53.05, "regularMarketDayHigh": 57.45, "volume": 266, "regularMarketVolume": 266, "averageVolume": 790, "averageVolume10days": 477, "averageDailyVolume10Day": 477, "bid": 54.15, "ask": 56.55, "bidSize": 0, "askSize": 0, "marketCap": 1275066752, "fiftyTwoWeekLow": 48.3, "fiftyTwoWeekHigh": 87.5, "fiftyDayAverage": 68.70588, "twoHundredDayAverage": 61.20441, "trailingAnnualDividendRate": 1.0, "trailingAnnualDividendYield": 0.017841214, "currency": "INR", "fromCurrency": null, "toCurrency": null, "lastMarket": null, "algorithm": null, "tradeable": false}, "incomeStatementHistoryQuarterly": {"incomeStatementHistory": [{"maxAge": 1, "endDate": "2020-06-30", "totalRevenue": 23913000, "costOfRevenue": -138000, "grossProfit": 24051000, "researchDevelopment": {}, "sellingGeneralAdministrative": 1125000, "nonRecurring": {}, "otherOperatingExpenses": 4045000, "totalOperatingExpenses": 6425000, "operatingIncome": 17488000, "totalOtherIncomeExpenseNet": 97264000, "ebit": 17488000, "interestExpense": -187000, "incomeBeforeTax": 114752000, "incomeTaxExpense": 303000, "minorityInterest": {}, "netIncomeFromContinuingOps": 114449000, "discontinuedOperations": {}, "extraordinaryItems": {}, "effectOfAccountingCharges": {}, "otherItems": {}, "netIncome": 125183000, "netIncomeApplicableToCommonShares": 125183000}, {"maxAge": 1, "endDate": "2020-03-31", "totalRevenue": 35916940, "costOfRevenue": 3619730, "grossProfit": 32297210, "researchDevelopment": {}, "sellingGeneralAdministrative": 5351780, "nonRecurring": {}, "otherOperatingExpenses": 7541760, "totalOperatingExpenses": -69613820, "operatingIncome": 105530760, "totalOtherIncomeExpenseNet": -521489040, "ebit": 105530760, "interestExpense": -319270, "incomeBeforeTax": -415958280, "incomeTaxExpense": -352560, "minorityInterest": -130911310, "netIncomeFromContinuingOps": -415605720, "discontinuedOperations": {}, "extraordinaryItems": {}, "effectOfAccountingCharges": {}, "otherItems": {}, "netIncome": -364753920, "netIncomeApplicableToCommonShares": -364753920}, {"maxAge": 1, "endDate": "2019-12-31", "totalRevenue": 40889000, "costOfRevenue": 3329000, "grossProfit": 37560000, "researchDevelopment": {}, "sellingGeneralAdministrative": 6016000, "nonRecurring": {}, "otherOperatingExpenses": 6262000, "totalOperatingExpenses": 105603000, "operatingIncome": -64714000, "totalOtherIncomeExpenseNet": -17038000, "ebit": -64714000, "interestExpense": -321000, "incomeBeforeTax": -81752000, "incomeTaxExpense": -4020000, "minorityInterest": -130911310, "netIncomeFromContinuingOps": -77732000, "discontinuedOperations": {}, "extraordinaryItems": {}, "effectOfAccountingCharges": {}, "otherItems": {}, "netIncome": -77732000, "netIncomeApplicableToCommonShares": -77732000}, {"maxAge": 1, "endDate": "2019-09-30", "totalRevenue": 34601000, "costOfRevenue": 0, "grossProfit": 34601000, "researchDevelopment": {}, "sellingGeneralAdministrative": 5968000, "nonRecurring": {}, "otherOperatingExpenses": 7900000, "totalOperatingExpenses": 15056000, "operatingIncome": 19545000, "totalOtherIncomeExpenseNet": -44251000, "ebit": 19545000, "interestExpense": -382000, "incomeBeforeTax": -24706000, "incomeTaxExpense": 215000, "minorityInterest": -130911310, "netIncomeFromContinuingOps": -24921000, "discontinuedOperations": {}, "extraordinaryItems": {}, "effectOfAccountingCharges": {}, "otherItems": {}, "netIncome": -24921000, "netIncomeApplicableToCommonShares": -24921000}], "maxAge": 86400}, "cashflowStatementHistoryQuarterly": {"cashflowStatements": [{"maxAge": 1, "endDate": "2020-06-30", "netIncome": 125183000, "changeToLiabilities": 0}, {"maxAge": 1, "endDate": "2020-03-31", "netIncome": -364753920, "changeToLiabilities": 0}, {"maxAge": 1, "endDate": "2019-12-31", "netIncome": -77732000, "changeToLiabilities": 0}, {"maxAge": 1, "endDate": "2019-09-30", "netIncome": -24921000, "changeToLiabilities": 0}], "maxAge": 86400}, "insiderHolders": {"holders": [{"maxAge": 1, "name": "N N Financial Services Pvt. Ltd.", "relation": "Promoter", "url": "", "transactionDescription": "Other", "latestTransDate": "2014-04-03", "positionDirect": 7087960, "positionDirectDate": "2014-04-03"}, {"maxAge": 1, "name": "Nimbus India, Ltd.", "relation": "Promoter", "url": "", "transactionDescription": "Acquisition", "latestTransDate": "2016-10-20", "positionDirect": 2294107, "positionDirectDate": "2016-10-20"}], "maxAge": 1}, "calendarEvents": {"maxAge": 1, "earnings": {"earningsDate": ["2020-08-28 05:30:S"]}}, "price": {"maxAge": 1, "regularMarketChangePercent": 0.008920607, "regularMarketChange": 0.5, "regularMarketTime": "2021-04-30 15:54:28", "priceHint": 2, "regularMarketPrice": 56.55, "regularMarketDayHigh": 57.45, "regularMarketDayLow": 53.05, "regularMarketVolume": 266, "averageDailyVolume10Day": 477, "averageDailyVolume3Month": 790, "regularMarketPreviousClose": 56.05, "regularMarketSource": "FREE_REALTIME", "regularMarketOpen": 53.05, "exchange": "BSE", "exchangeName": "BSE", "exchangeDataDelayedBy": 0, "marketState": "CLOSED", "quoteType": "EQUITY", "symbol": "IITL.BO", "underlyingSymbol": null, "shortName": "INDUSTRIAL INVESTMENT TRUST LT", "longName": "Industrial Investment Trust Limited", "currency": "INR", "quoteSourceName": "Delayed Quote", "currencySymbol": "\u20b9", "fromCurrency": null, "toCurrency": null, "lastMarket": null, "marketCap": 1275066752}, "balanceSheetHistory": {"balanceSheetStatements": [{"maxAge": 1, "endDate": "2020-03-31", "cash": 15631360, "shortTermInvestments": 214226120, "netReceivables": 47705020, "inventory": 43250560, "otherCurrentAssets": 92163010, "totalCurrentAssets": 414151110, "longTermInvestments": 3103686460, "propertyPlantEquipment": 53874050, "intangibleAssets": 81540, "otherAssets": 64701430, "deferredLongTermAssetCharges": 64269690, "totalAssets": 3636494590, "accountsPayable": 7694220, "otherCurrentLiab": 324990120, "otherLiab": 40962570, "minorityInterest": -130911310, "totalCurrentLiabilities": 335890660, "totalLiab": 382080340, "commonStock": 225475500, "retainedEarnings": -1306638160, "treasuryStock": 750, "capitalSurplus": 4466487470, "otherStockholderEquity": 750, "totalStockholderEquity": 3385325560, "netTangibleAssets": 3385244020}, {"maxAge": 1, "endDate": "2019-03-31", "cash": 21555000, "shortTermInvestments": 152898950, "netReceivables": 116794440, "inventory": 39200660, "otherCurrentAssets": 131626940, "totalCurrentAssets": 463523460, "longTermInvestments": 3377585140, "propertyPlantEquipment": 4004400, "goodWill": 88816010, "intangibleAssets": 99770, "otherAssets": 64737750, "deferredLongTermAssetCharges": 64260710, "totalAssets": 3998766530, "accountsPayable": 7152580, "otherCurrentLiab": 201348320, "otherLiab": 85054840, "totalCurrentLiabilities": 211178410, "totalLiab": 296233250, "commonStock": 225475500, "retainedEarnings": -989430440, "treasuryStock": 750, "capitalSurplus": 4466487470, "otherStockholderEquity": 750, "totalStockholderEquity": 3702533280, "netTangibleAssets": 3613617500}, {"maxAge": 1, "endDate": "2018-03-31", "cash": 10963930, "shortTermInvestments": 57651790, "netReceivables": 71592290, "inventory": 37816240, "otherCurrentAssets": 69902240, "totalCurrentAssets": 248892810, "longTermInvestments": 3846812140, "propertyPlantEquipment": 129698590, "goodWill": 88816010, "intangibleAssets": 106370, "otherAssets": 64932880, "deferredLongTermAssetCharges": 64256360, "totalAssets": 4379258800, "accountsPayable": 8270260, "shortLongTermDebt": 370727473, "otherCurrentLiab": 104699600, "longTermDebt": 9183000, "otherLiab": 61859170, "minorityInterest": 1700802, "totalCurrentLiabilities": 115825120, "totalLiab": 186867290, "commonStock": 225475500, "retainedEarnings": -499572210, "treasuryStock": 750, "capitalSurplus": 4466487470, "otherStockholderEquity": 750, "totalStockholderEquity": 4192391510, "netTangibleAssets": 4103469130}, {"maxAge": 1, "endDate": "2017-03-31", "cash": 250143799, "shortTermInvestments": 811940187, "netReceivables": 653780636, "inventory": 3633901479, "otherCurrentAssets": 196254556, "totalCurrentAssets": 5554011765, "longTermInvestments": 6042111547, "propertyPlantEquipment": 123990002, "goodWill": 2752790349, "intangibleAssets": 19176512, "otherAssets": 466560511, "deferredLongTermAssetCharges": 24942007, "totalAssets": 14958640686, "accountsPayable": 1155112428, "shortLongTermDebt": 231284975, "otherCurrentLiab": 887404563, "longTermDebt": 187433227, "otherLiab": 6920211208, "minorityInterest": 1700476, "totalCurrentLiabilities": 2944858868, "totalLiab": 10052503303, "commonStock": 225475500, "retainedEarnings": 463495399, "treasuryStock": 28978539, "capitalSurplus": 4186487469, "otherStockholderEquity": 28978539, "totalStockholderEquity": 4904436907, "netTangibleAssets": 2132470046}], "maxAge": 86400}, "financialData": {"maxAge": 86400, "currentPrice": 56.55, "recommendationKey": "none", "grossProfits": 138944210, "financialCurrency": "INR"}}}