{"IITL.NS": {"assetProfile": {"address1": "\"The Capital\"", "address2": "Office No. 101A G-Block, Plot N0.C-70 Bandra Kurla Complex, Bandra (East)", "city": "Mumbai", "zip": "400051", "country": "India", "website": "http://www.iitlgroup.com", "industry": "Credit Services", "sector": "Financial Services", "longBusinessSummary": "Industrial Investment Trust Limited, a non-banking financial company, engages in the investment activities in India. It invests in securities, including shares, mutual funds, debentures, and bonds. The company also provides private equity, margin funding, and loans and advances; and equity trading, stock broking, depository, investment advisory, mutual fund distribution, and business consultancy services. In addition, it is involved in the real estate development activities and construction of residential complex, as well as offers real estate advisory services. Further, it provides life, general, and health insurance broking services. The company was incorporated in 1933 and is based in Mumbai, India.", "fullTimeEmployees": 20, "companyOfficers": [{"maxAge": 1, "name": "Dr. Bidhubhusan  Samal Ph.D., MSc Agri, PG Diploma, Ph.D., Economics", "age": 77, "title": "Exec. Chairman & MD", "yearBorn": 1943, "fiscalYear": 2020, "totalPay": 5532000, "exercisedValue": 0, "unexercisedValue": 0}, {"maxAge": 1, "name": "Ms. Cumi A. Banerjee", "title": "CEO, Compliance Officer & Company Sec.", "fiscalYear": 2020, "totalPay": 3771000, "exercisedValue": 0, "unexercisedValue": 0}, {"maxAge": 1, "name": "Mr. Kamlesh Kumar Agrawal", "age": 47, "title": "Group Chief Financial Officer", "yearBorn": 1973, "exercisedValue": 0, "unexercisedValue": 0}], "compensationAsOfEpochDate": "2020-12-31 05:30:00", "maxAge": 86400}, "cashflowStatementHistory": {"cashflowStatements": [{"maxAge": 1, "endDate": "2020-03-31", "netIncome": -395652920, "depreciation": 6142030, "changeToNetincome": 327668910, "changeToAccountReceivables": 2327400, "changeToLiabilities": 1075160, "changeToInventory": -4049900, "changeToOperatingActivities": 8754570, "totalCashFromOperatingActivities": -53631200, "capitalExpenditures": -1413140, "investments": -5000000, "otherCashflowsFromInvestingActivities": -9742330, "totalCashflowsFromInvestingActivities": 52849180, "dividendsPaid": -579800, "netBorrowings": -4561820, "totalCashFromFinancingActivities": -5141620, "changeInCash": -5923640}, {"maxAge": 1, "endDate": "2019-03-31", "netIncome": -462398600, "depreciation": 687730, "changeToNetincome": 380784020, "changeToAccountReceivables": 7214790, "changeToLiabilities": -270520, "changeToInventory": -1384420, "changeToOperatingActivities": 8936300, "totalCashFromOperatingActivities": -66959310, "capitalExpenditures": -1413140, "investments": -5000000, "otherCashflowsFromInvestingActivities": -3593820, "totalCashflowsFromInvestingActivities": 88009630, "dividendsPaid": -580170, "netBorrowings": -9183000, "otherCashflowsFromFinancingActivities": -696080, "totalCashFromFinancingActivities": -10459250, "changeInCash": 10591070}, {"maxAge": 1, "endDate": "2018-03-31", "netIncome": -844235350, "depreciation": 5406550, "changeToNetincome": 847200880, "changeToAccountReceivables": 13708910, "changeToLiabilities": -2978960, "changeToInventory": 12128540, "changeToOperatingActivities": -17868980, "totalCashFromOperatingActivities": 13784000, "capitalExpenditures": -90220, "investments": -21990685, "otherCashflowsFromInvestingActivities": 737260, "totalCashflowsFromInvestingActivities": 751030, "dividendsPaid": -618320, "netBorrowings": -10293930, "otherCashflowsFromFinancingActivities": -2297690, "totalCashFromFinancingActivities": -13209940, "changeInCash": 1325090}, {"maxAge": 1, "endDate": "2017-03-31", "netIncome": -258348906, "depreciation": 17414921, "changeToNetincome": 73015150, "changeToAccountReceivables": 21436033, "changeToLiabilities": 135885822, "changeToInventory": 107425614, "changeToOperatingActivities": -60700705, "totalCashFromOperatingActivities": 46401629, "capitalExpenditures": -33230709, "investments": -239096350, "otherCashflowsFromInvestingActivities": -30578285, "totalCashflowsFromInvestingActivities": -300782049, "dividendsPaid": -329686, "netBorrowings": 240390401, "otherCashflowsFromFinancingActivities": -95656766, "totalCashFromFinancingActivities": 144403949, "changeInCash": -7522763}], "maxAge": 86400}, "institutionOwnership": {"ownershipList": [], "maxAge": 1}, "majorHoldersBreakdown": {"maxAge": 1, "insidersPercentHeld": 0.58258, "institutionsPercentHeld": 0.05066, "institutionsFloatPercentHeld": 0.12136, "institutionsCount": 1}, "balanceSheetHistoryQuarterly": {"balanceSheetStatements": [{"maxAge": 1, "endDate": "2020-12-31", "totalStockholderEquity": 3358902000, "netTangibleAssets": 3358822000}, {"maxAge": 1, "endDate": "2020-09-30", "cash": 233436000, "netReceivables": 47704000, "inventory": 46460000, "otherCurrentAssets": 26916000, "totalCurrentAssets": 354516000, "longTermInvestments": 3128491000, "propertyPlantEquipment": 50798000, "intangibleAssets": 80000, "otherAssets": 107860000, "deferredLongTermAssetCharges": 68053000, "totalAssets": 3641745000, "accountsPayable": 8062000, "otherLiab": 430777000, "minorityInterest": -155996000, "totalCurrentLiabilities": 8062000, "totalLiab": 438839000, "commonStock": 225476000, "treasuryStock": 3133426000, "otherStockholderEquity": 3133426000, "totalStockholderEquity": 3358902000, "netTangibleAssets": 3358822000}, {"maxAge": 1, "endDate": "2020-06-30", "totalStockholderEquity": 3385325560, "netTangibleAssets": 3385244020}, {"maxAge": 1, "endDate": "2020-03-31", "cash": 15631360, "shortTermInvestments": 214226120, "netReceivables": 47705020, "inventory": 43250560, "otherCurrentAssets": 92163010, "totalCurrentAssets": 414151110, "longTermInvestments": 3103686460, "propertyPlantEquipment": 53874050, "intangibleAssets": 81540, "otherAssets": 64701430, "deferredLongTermAssetCharges": 64269690, "totalAssets": 3636494590, "accountsPayable": 7694220, "otherCurrentLiab": 324990120, "otherLiab": 40962570, "minorityInterest": -130911310, "totalCurrentLiabilities": 335890660, "totalLiab": 382080340, "commonStock": 225475500, "retainedEarnings": -1306638160, "treasuryStock": 750, "capitalSurplus": 4466487470, "otherStockholderEquity": 750, "totalStockholderEquity": 3385325560, "netTangibleAssets": 3385244020}], "maxAge": 86400}, "indexTrend": {"maxAge": 1, "symbol": "SP5", "peRatio": 19.7411, "pegRatio": 1.34172, "estimates": [{"period": "0q", "growth": 0.549}, {"period": "+1q", "growth": 0.431}, {"period": "0y", "growth": 0.305}, {"period": "+1y", "growth": 0.109}, {"period": "+5y", "growth": 0.120865}, {"period": "-5y"}]}, "defaultKeyStatistics": {"maxAge": 1, "priceHint": 2, "enterpriseValue": 1245300480, "profitMargins": -2.9060001, "floatShares": 13046258, "sharesOutstanding": 22547600, "heldPercentInsiders": 0.58258, "heldPercentInstitutions": 0.05066, "beta": 0.281407, "category": null, "bookValue": 163.279, "priceToBook": 0.3340907, "fundFamily": null, "legalType": null, "lastFiscalYearEnd": "2020-03-31 05:30:00", "nextFiscalYearEnd": "2022-03-31 05:30:00", "mostRecentQuarter": "2020-12-31 05:30:00", "netIncomeToCommon": -339728928, "trailingEps": -12.228, "lastSplitFactor": null, "enterpriseToRevenue": 10.652, "enterpriseToEbitda": 17.52}, "summaryProfile": {"address1": "\"The Capital\"", "address2": "Office No. 101A G-Block, Plot N0.C-70 Bandra Kurla Complex, Bandra (East)", "city": "Mumbai", "zip": "400051", "country": "India", "website": "http://www.iitlgroup.com", "industry": "Credit Services", "sector": "Financial Services", "longBusinessSummary": "Industrial Investment Trust Limited, a non-banking financial company, engages in the investment activities in India. It invests in securities, including shares, mutual funds, debentures, and bonds. The company also provides private equity, margin funding, and loans and advances; and equity trading, stock broking, depository, investment advisory, mutual fund distribution, and business consultancy services. In addition, it is involved in the real estate development activities and construction of residential complex, as well as offers real estate advisory services. Further, it provides life, general, and health insurance broking services. The company was incorporated in 1933 and is based in Mumbai, India.", "fullTimeEmployees": 20, "companyOfficers": [], "maxAge": 86400}, "netSharePurchaseActivity": {"maxAge": 1, "period": "6m", "buyInfoCount": 0, "buyInfoShares": 0, "sellInfoCount": 0, "netInfoCount": 0, "netInfoShares": 0, "netPercentInsiderShares": 0.0, "totalInsiderShares": 17206188}, "insiderTransactions": {"transactions": [{"maxAge": 1, "shares": 402735, "value": 14860, "filerUrl": "", "transactionText": "Acquisition at price 0.04 per share.", "filerName": "Conlecta Capital Advisors Pvt. Ltd.", "filerRelation": "Promoter", "moneyText": "", "startDate": "2020-11-26", "ownership": "D"}, {"maxAge": 1, "shares": 345000, "value": 10867, "filerUrl": "", "transactionText": "Acquisition at price 0.03 per share.", "filerName": "Conlecta Capital Advisors Pvt. Ltd.", "filerRelation": "Promoter", "moneyText": "", "startDate": "2020-11-24", "ownership": "D"}, {"maxAge": 1, "shares": 19880, "filerUrl": "", "transactionText": "", "filerName": "Nimbus India, Ltd.", "filerRelation": "Promoter", "moneyText": "", "startDate": "2016-10-20", "ownership": "D"}, {"maxAge": 1, "shares": 22500, "filerUrl": "", "transactionText": "", "filerName": "Nimbus India, Ltd.", "filerRelation": "Promoter", "moneyText": "", "startDate": "2016-10-19", "ownership": "D"}, {"maxAge": 1, "shares": 10500, "filerUrl": "", "transactionText": "", "filerName": "Nimbus India, Ltd.", "filerRelation": "Promoter", "moneyText": "", "startDate": "2016-10-18", "ownership": "D"}, {"maxAge": 1, "shares": 30100, "filerUrl": "", "transactionText": "", "filerName": "Nimbus India, Ltd.", "filerRelation": "Promoter", "moneyText": "", "startDate": "2016-10-14", "ownership": "D"}, {"maxAge": 1, "shares": 22700, "filerUrl": "", "transactionText": "", "filerName": "Nimbus India, Ltd.", "filerRelation": "Promoter", "moneyText": "", "startDate": "2016-10-13", "ownership": "D"}, {"maxAge": 1, "shares": 5000, "filerUrl": "", "transactionText": "", "filerName": "Nimbus India, Ltd.", "filerRelation": "Promoter", "moneyText": "", "startDate": "2016-10-06", "ownership": "D"}, {"maxAge": 1, "shares": 270000, "filerUrl": "", "transactionText": "", "filerName": "Nimbus India, Ltd.", "filerRelation": "Promoter", "moneyText": "", "startDate": "2014-04-03", "ownership": "D"}, {"maxAge": 1, "shares": 450000, "filerUrl": "", "transactionText": "", "filerName": "N N Financial Services Pvt. Ltd.", "filerRelation": "Promoter", "moneyText": "", "startDate": "2014-04-03", "ownership": "D"}, {"maxAge": 1, "shares": 200000, "filerUrl": "", "transactionText": "", "filerName": "Nimbus India, Ltd.", "filerRelation": "Promoter", "moneyText": "", "startDate": "2013-10-29", "ownership": "D"}, {"maxAge": 1, "shares": 850000, "filerUrl": "", "transactionText": "", "filerName": "N N Financial Services Pvt. Ltd.", "filerRelation": "Promoter", "moneyText": "", "startDate": "2013-10-29", "ownership": "D"}, {"maxAge": 1, "shares": 200000, "filerUrl": "", "transactionText": "", "filerName": "Nimbus India, Ltd.", "filerRelation": "Promoter", "moneyText": "", "startDate": "2013-03-23", "ownership": "D"}, {"maxAge": 1, "shares": 800000, "filerUrl": "", "transactionText": "", "filerName": "N N Financial Services Pvt. Ltd.", "filerRelation": "Promoter", "moneyText": "", "startDate": "2013-03-23", "ownership": "D"}, {"maxAge": 1, "shares": 150000, "filerUrl": "", "transactionText": "", "filerName": "Nimbus India, Ltd.", "filerRelation": "Promoter", "moneyText": "", "startDate": "2011-06-28", "ownership": "D"}, {"maxAge": 1, "shares": 125000, "filerUrl": "", "transactionText": "", "filerName": "N N Financial Services Pvt. Ltd.", "filerRelation": "Promoter", "moneyText": "", "startDate": "2011-06-28", "ownership": "D"}, {"maxAge": 1, "shares": 254050, "filerUrl": "", "transactionText": "", "filerName": "Nimbus India, Ltd.", "filerRelation": "Promoter", "moneyText": "", "startDate": "2010-08-11", "ownership": "D"}, {"maxAge": 1, "shares": 11684, "filerUrl": "", "transactionText": "", "filerName": "N N Financial Services Pvt. Ltd.", "filerRelation": "Promoter", "moneyText": "", "startDate": "2010-08-11", "ownership": "D"}], "maxAge": 1}, "quoteType": {"exchange": "NSI", "quoteType": "EQUITY", "symbol": "IITL.NS", "underlyingSymbol": "IITL.NS", "shortName": "INDUSTRIAL INV TRU", "longName": "Industrial Investment Trust Limited", "firstTradeDateEpochUtc": "2010-08-17 09:15:00", "timeZoneFullName": "Asia/Kolkata", "timeZoneShortName": "IST", "uuid": "2a103521-ce38-37b7-bb3c-205a31e92814", "gmtOffSetMilliseconds": 19800000, "maxAge": 1}, "incomeStatementHistory": {"incomeStatementHistory": [{"maxAge": 1, "endDate": "2020-03-31", "totalRevenue": 145892940, "costOfRevenue": 6948730, "grossProfit": 138944210, "researchDevelopment": {}, "sellingGeneralAdministrative": 23486780, "nonRecurring": {}, "otherOperatingExpenses": 30821760, "totalOperatingExpenses": 67355180, "operatingIncome": 78537760, "totalOtherIncomeExpenseNet": -528947040, "ebit": 78537760, "interestExpense": -1342270, "incomeBeforeTax": -450409280, "incomeTaxExpense": -3904560, "minorityInterest": -130911310, "netIncomeFromContinuingOps": -446504720, "discontinuedOperations": {}, "extraordinaryItems": {}, "effectOfAccountingCharges": {}, "otherItems": {}, "netIncome": -395652920, "netIncomeApplicableToCommonShares": -395652920}, {"maxAge": 1, "endDate": "2019-03-31", "totalRevenue": 144706820, "costOfRevenue": 5894960, "grossProfit": 138811860, "researchDevelopment": {}, "sellingGeneralAdministrative": 21577760, "nonRecurring": {}, "otherOperatingExpenses": -56733090, "totalOperatingExpenses": -28566030, "operatingIncome": 173272850, "totalOtherIncomeExpenseNet": -632863710, "ebit": 173272850, "interestExpense": -638590, "incomeBeforeTax": -459590860, "incomeTaxExpense": 2807740, "minorityInterest": -130911310, "netIncomeFromContinuingOps": -462398600, "discontinuedOperations": {}, "extraordinaryItems": {}, "effectOfAccountingCharges": {}, "otherItems": {}, "netIncome": -462398600, "netIncomeApplicableToCommonShares": -462398600}, {"maxAge": 1, "endDate": "2018-03-31", "totalRevenue": 145077080, "costOfRevenue": 16601110, "grossProfit": 128475970, "researchDevelopment": {}, "sellingGeneralAdministrative": 28527470, "nonRecurring": {}, "otherOperatingExpenses": 84588870, "totalOperatingExpenses": 135145200, "operatingIncome": 9931880, "totalOtherIncomeExpenseNet": -888738280, "ebit": 9931880, "interestExpense": -2222970, "incomeBeforeTax": -878806400, "incomeTaxExpense": -29200790, "minorityInterest": 1700802, "netIncomeFromContinuingOps": -849605610, "discontinuedOperations": {}, "extraordinaryItems": {}, "effectOfAccountingCharges": {}, "otherItems": {}, "netIncome": -844235350, "netIncomeApplicableToCommonShares": -844235350}, {"maxAge": 1, "endDate": "2017-03-31", "totalRevenue": 2565836161, "costOfRevenue": 1780358518, "grossProfit": 785477643, "researchDevelopment": {}, "sellingGeneralAdministrative": 565489398, "nonRecurring": {}, "otherOperatingExpenses": 433732921, "totalOperatingExpenses": 2785591720, "operatingIncome": -219755559, "totalOtherIncomeExpenseNet": -55243117, "ebit": -219755559, "interestExpense": -62123708, "incomeBeforeTax": -274998676, "incomeTaxExpense": -4357734, "minorityInterest": 1700476, "netIncomeFromContinuingOps": -270640942, "discontinuedOperations": {}, "extraordinaryItems": {}, "effectOfAccountingCharges": {}, "otherItems": {}, "netIncome": -258348906, "netIncomeApplicableToCommonShares": -258348906}], "maxAge": 86400}, "fundOwnership": {"ownershipList": [], "maxAge": 1}, "summaryDetail": {"maxAge": 1, "priceHint": 2, "previousClose": 55.35, "open": 52.9, "dayLow": 52.9, "dayHigh": 56.5, "regularMarketPreviousClose": 55.35, "regularMarketOpen": 52.9, "regularMarketDayLow": 52.9, "regularMarketDayHigh": 56.5, "exDividendDate": "2015-09-07 05:30:00", "payoutRatio": 0.0, "beta": 0.281407, "volume": 2428, "regularMarketVolume": 2428, "averageVolume": 2822, "averageVolume10days": 11060, "averageDailyVolume10Day": 11060, "bid": 0.0, "ask": 0.0, "bidSize": 0, "askSize": 0, "marketCap": 1245523712, "fiftyTwoWeekLow": 46.8, "fiftyTwoWeekHigh": 88.25, "priceToSalesTrailing12Months": 10.654067, "fiftyDayAverage": 57.642426, "twoHundredDayAverage": 60.392857, "trailingAnnualDividendRate": 1.0, "trailingAnnualDividendYield": 0.018066848, "currency": "INR", "fromCurrency": null, "lastMarket": null, "algorithm": null, "tradeable": false}, "incomeStatementHistoryQuarterly": {"incomeStatementHistory": [{"maxAge": 1, "endDate": "2020-12-31", "totalRevenue": 30771000, "costOfRevenue": 0, "grossProfit": 30771000, "researchDevelopment": {}, "sellingGeneralAdministrative": 4836000, "nonRecurring": {}, "otherOperatingExpenses": 5824000, "totalOperatingExpenses": 12171000, "operatingIncome": 18600000, "totalOtherIncomeExpenseNet": 21277000, "ebit": 18600000, "interestExpense": -178000, "incomeBeforeTax": 39877000, "incomeTaxExpense": 0, "minorityInterest": {}, "netIncomeFromContinuingOps": 39877000, "discontinuedOperations": {}, "extraordinaryItems": {}, "effectOfAccountingCharges": {}, "otherItems": {}, "netIncome": 52276000, "netIncomeApplicableToCommonShares": 52276000}, {"maxAge": 1, "endDate": "2020-09-30", "totalRevenue": 26118000, "costOfRevenue": 0, "grossProfit": 26118000, "researchDevelopment": {}, "sellingGeneralAdministrative": 2828000, "nonRecurring": {}, "otherOperatingExpenses": 7518000, "totalOperatingExpenses": 11750000, "operatingIncome": 14368000, "totalOtherIncomeExpenseNet": -181445000, "ebit": 14368000, "interestExpense": -179000, "incomeBeforeTax": -167077000, "incomeTaxExpense": -17000, "minorityInterest": -155996000, "netIncomeFromContinuingOps": -167060000, "discontinuedOperations": {}, "extraordinaryItems": {}, "effectOfAccountingCharges": {}, "otherItems": {}, "netIncome": -152435000, "netIncomeApplicableToCommonShares": -152435000}, {"maxAge": 1, "endDate": "2020-06-30", "totalRevenue": 23913000, "costOfRevenue": -138000, "grossProfit": 24051000, "researchDevelopment": {}, "sellingGeneralAdministrative": 1125000, "nonRecurring": {}, "otherOperatingExpenses": 4045000, "totalOperatingExpenses": 6425000, "operatingIncome": 17488000, "totalOtherIncomeExpenseNet": 97264000, "ebit": 17488000, "interestExpense": -187000, "incomeBeforeTax": 114752000, "incomeTaxExpense": 303000, "minorityInterest": -155996000, "netIncomeFromContinuingOps": 114449000, "discontinuedOperations": {}, "extraordinaryItems": {}, "effectOfAccountingCharges": {}, "otherItems": {}, "netIncome": 125183000, "netIncomeApplicableToCommonShares": 125183000}, {"maxAge": 1, "endDate": "2020-03-31", "totalRevenue": 35916940, "costOfRevenue": 3619730, "grossProfit": 32297210, "researchDevelopment": {}, "sellingGeneralAdministrative": 5351780, "nonRecurring": {}, "otherOperatingExpenses": 7541760, "totalOperatingExpenses": 19202180, "operatingIncome": 16714760, "totalOtherIncomeExpenseNet": -432673040, "ebit": 16714760, "interestExpense": -319270, "incomeBeforeTax": -415958280, "incomeTaxExpense": -352560, "minorityInterest": -130911310, "netIncomeFromContinuingOps": -415605720, "discontinuedOperations": {}, "extraordinaryItems": {}, "effectOfAccountingCharges": {}, "otherItems": {}, "netIncome": -364753920, "netIncomeApplicableToCommonShares": -364753920}], "maxAge": 86400}, "cashflowStatementHistoryQuarterly": {"cashflowStatements": [{"maxAge": 1, "endDate": "2020-12-31", "netIncome": 52276000, "changeToLiabilities": 0}, {"maxAge": 1, "endDate": "2020-09-30", "netIncome": -152435000, "changeToLiabilities": 0}, {"maxAge": 1, "endDate": "2020-06-30", "netIncome": 125183000, "changeToLiabilities": 0}, {"maxAge": 1, "endDate": "2020-03-31", "netIncome": -364753920, "changeToLiabilities": 0}], "maxAge": 86400}, "insiderHolders": {"holders": [{"maxAge": 1, "name": "Conlecta Capital Advisors Pvt. Ltd.", "relation": "Promoter", "url": "", "transactionDescription": "Acquisition", "latestTransDate": "2020-11-26", "positionDirect": 1595612, "positionDirectDate": "2020-11-26"}, {"maxAge": 1, "name": "N N Financial Services Pvt. Ltd.", "relation": "Promoter", "url": "", "transactionDescription": "Other", "latestTransDate": "2014-04-03", "positionDirect": 7087960, "positionDirectDate": "2014-04-03"}, {"maxAge": 1, "name": "Nimbus India, Ltd.", "relation": "Promoter", "url": "", "transactionDescription": "Acquisition", "latestTransDate": "2016-10-20", "positionDirect": 2294107, "positionDirectDate": "2016-10-20"}], "maxAge": 1}, "calendarEvents": {"maxAge": 1, "earnings": {"earningsDate": []}, "exDividendDate": "2015-09-07 05:30:00"}, "upgradeDowngradeHistory": {"history": [], "maxAge": 86400}, "price": {"maxAge": 1, "regularMarketChangePercent": -0.014453465, "regularMarketChange": -0.79999924, "regularMarketTime": "2021-04-30 15:27:35", "priceHint": 2, "regularMarketPrice": 54.55, "regularMarketDayHigh": 56.5, "regularMarketDayLow": 52.9, "regularMarketVolume": 2428, "averageDailyVolume10Day": 11060, "averageDailyVolume3Month": 2822, "regularMarketPreviousClose": 55.35, "regularMarketSource": "FREE_REALTIME", "regularMarketOpen": 52.9, "exchange": "NSI", "exchangeName": "NSE", "exchangeDataDelayedBy": 15, "marketState": "CLOSED", "quoteType": "EQUITY", "symbol": "IITL.NS", "underlyingSymbol": null, "shortName": "INDUSTRIAL INV TRU", "longName": "Industrial Investment Trust Limited", "currency": "INR", "quoteSourceName": "Delayed Quote", "currencySymbol": "\u20b9", "fromCurrency": null, "lastMarket": null, "marketCap": 1245523712}, "balanceSheetHistory": {"balanceSheetStatements": [{"maxAge": 1, "endDate": "2020-03-31", "cash": 15631360, "shortTermInvestments": 214226120, "netReceivables": 47705020, "inventory": 43250560, "otherCurrentAssets": 92163010, "totalCurrentAssets": 414151110, "longTermInvestments": 3103686460, "propertyPlantEquipment": 53874050, "intangibleAssets": 81540, "otherAssets": 64701430, "deferredLongTermAssetCharges": 64269690, "totalAssets": 3636494590, "accountsPayable": 7694220, "otherCurrentLiab": 324990120, "otherLiab": 40962570, "minorityInterest": -130911310, "totalCurrentLiabilities": 335890660, "totalLiab": 382080340, "commonStock": 225475500, "retainedEarnings": -1306638160, "treasuryStock": 750, "capitalSurplus": 4466487470, "otherStockholderEquity": 750, "totalStockholderEquity": 3385325560, "netTangibleAssets": 3385244020}, {"maxAge": 1, "endDate": "2019-03-31", "cash": 21555000, "shortTermInvestments": 152898950, "netReceivables": 116794440, "inventory": 39200660, "otherCurrentAssets": 131626940, "totalCurrentAssets": 463523460, "longTermInvestments": 3377585140, "propertyPlantEquipment": 4004400, "goodWill": 88816010, "intangibleAssets": 99770, "otherAssets": 64737750, "deferredLongTermAssetCharges": 64260710, "totalAssets": 3998766530, "accountsPayable": 7152580, "otherCurrentLiab": 201348320, "otherLiab": 85054840, "totalCurrentLiabilities": 211178410, "totalLiab": 296233250, "commonStock": 225475500, "retainedEarnings": -989430440, "treasuryStock": 750, "capitalSurplus": 4466487470, "otherStockholderEquity": 750, "totalStockholderEquity": 3702533280, "netTangibleAssets": 3613617500}, {"maxAge": 1, "endDate": "2018-03-31", "cash": 10963930, "shortTermInvestments": 57651790, "netReceivables": 71592290, "inventory": 37816240, "otherCurrentAssets": 69902240, "totalCurrentAssets": 248892810, "longTermInvestments": 3846812140, "propertyPlantEquipment": 129698590, "goodWill": 88816010, "intangibleAssets": 106370, "otherAssets": 64932880, "deferredLongTermAssetCharges": 64256360, "totalAssets": 4379258800, "accountsPayable": 8270260, "shortLongTermDebt": 370727473, "otherCurrentLiab": 104699600, "longTermDebt": 9183000, "otherLiab": 61859170, "minorityInterest": 1700802, "totalCurrentLiabilities": 115825120, "totalLiab": 186867290, "commonStock": 225475500, "retainedEarnings": -499572210, "treasuryStock": 750, "capitalSurplus": 4466487470, "otherStockholderEquity": 750, "totalStockholderEquity": 4192391510, "netTangibleAssets": 4103469130}, {"maxAge": 1, "endDate": "2017-03-31", "cash": 250143799, "shortTermInvestments": 811940187, "netReceivables": 653780636, "inventory": 3633901479, "otherCurrentAssets": 196254556, "totalCurrentAssets": 5554011765, "longTermInvestments": 6042111547, "propertyPlantEquipment": 123990002, "goodWill": 2752790349, "intangibleAssets": 19176512, "otherAssets": 466560511, "deferredLongTermAssetCharges": 24942007, "totalAssets": 14958640686, "accountsPayable": 1155112428, "shortLongTermDebt": 231284975, "otherCurrentLiab": 887404563, "longTermDebt": 187433227, "otherLiab": 6920211208, "minorityInterest": 1700476, "totalCurrentLiabilities": 2944858868, "totalLiab": 10052503303, "commonStock": 225475500, "retainedEarnings": 463495399, "treasuryStock": 28978539, "capitalSurplus": 4186487469, "otherStockholderEquity": 28978539, "totalStockholderEquity": 4904436907, "netTangibleAssets": 2132470046}], "maxAge": 86400}, "financialData": {"maxAge": 86400, "currentPrice": 54.55, "recommendationKey": "none", "totalCash": 233436000, "totalCashPerShare": 7.904, "ebitda": 71077848, "totalDebt": 0, "totalRevenue": 116905936, "revenuePerShare": 4.208, "returnOnEquity": -0.12322, "grossProfits": 138944210, "revenueGrowth": -0.248, "grossMargins": 0.97022, "ebitdaMargins": 0.60799, "operatingMargins": 0.57508, "profitMargins": -2.9060001, "financialCurrency": "INR"}}}