{"IL&FSTRANS.BO": {"assetProfile": {"address1": "The IL&FS Financial Centre", "address2": "Plot C-22, G-Block Bandra-Kurla Complex Bandra (East)", "city": "Mumbai", "zip": "400051", "country": "India", "phone": "91 22 2653 3333", "fax": "91 22 2652 3979", "website": "http://www.itnlindia.com", "industry": "Infrastructure Operations", "sector": "Industrials", "longBusinessSummary": "IL&FS Transportation Networks Limited develops, operates, and facilitates surface transportation infrastructure projects in India and internationally. The company undertakes highway, flyover, bridge, road, metro rail, city bus, and border check post projects. It also provides operation and maintenance services; and toll collection services for toll road projects. The company was founded in 2000 and is based in Mumbai, India. IL&FS Transportation Networks Limited is a subsidiary of Infrastructure Leasing & Financial Services Limited.", "companyOfficers": [{"maxAge": 1, "name": "Mr. Dilip Lalchand Bhatia A.C.A., B.Com.", "age": 51, "title": "Chief Exec. Officer", "yearBorn": 1968, "fiscalYear": 2019, "totalPay": 12028247, "exercisedValue": 0, "unexercisedValue": 0}, {"maxAge": 1, "name": "Mr. Krishna  Ghag", "age": 61, "title": "VP, Compliance Officer & Company Sec.", "yearBorn": 1958, "fiscalYear": 2019, "totalPay": 6354284, "exercisedValue": 0, "unexercisedValue": 0}, {"maxAge": 1, "name": "Mr. Harsh  Malhotra B.Com.", "age": 52, "title": "Sr. VP", "yearBorn": 1967, "exercisedValue": 0, "unexercisedValue": 0}, {"maxAge": 1, "name": "Mr. Manish Kumar Agarwal B.E.", "age": 53, "title": "Sr. VP", "yearBorn": 1966, "exercisedValue": 0, "unexercisedValue": 0}, {"maxAge": 1, "name": "Kazim Raza Khan B.E., M.B.A.", "age": 50, "title": "Sr. VP", "yearBorn": 1969, "exercisedValue": 0, "unexercisedValue": 0}, {"maxAge": 1, "name": "Sanjay Kumar Minglani B.Sc.", "age": 52, "title": "Sr. VP", "yearBorn": 1967, "exercisedValue": 0, "unexercisedValue": 0}, {"maxAge": 1, "name": "Parag  Phanse", "age": 46, "title": "VP", "yearBorn": 1973, "exercisedValue": 0, "unexercisedValue": 0}, {"maxAge": 1, "name": "Ajay  Menon", "age": 55, "title": "VP", "yearBorn": 1964, "exercisedValue": 0, "unexercisedValue": 0}, {"maxAge": 1, "name": "Mr. Suresh Chand Mittal B.E.", "age": 60, "title": "Head of Implementation", "yearBorn": 1959, "fiscalYear": 2018, "exercisedValue": 0, "unexercisedValue": 0}, {"maxAge": 1, "name": "Mr. Mohit  Bhasin", "title": "Chief Financial Officer", "exercisedValue": 0, "unexercisedValue": 0}], "compensationAsOfEpochDate": "2019-12-31 05:30:00", "maxAge": 86400}, "recommendationTrend": {"trend": [{"period": "0m", "strongBuy": 0, "buy": 0, "hold": 0, "sell": 0, "strongSell": 0}, {"period": "-1m", "strongBuy": 0, "buy": 0, "hold": 0, "sell": 0, "strongSell": 0}, {"period": "-2m", "strongBuy": 0, "buy": 0, "hold": 0, "sell": 0, "strongSell": 0}, {"period": "-3m", "strongBuy": 0, "buy": 0, "hold": 0, "sell": 0, "strongSell": 0}], "maxAge": 86400}, "cashflowStatementHistory": {"cashflowStatements": [{"maxAge": 1, "endDate": "2018-03-31", "netIncome": 1757200000, "changeToLiabilities": 0}, {"maxAge": 1, "endDate": "2017-03-31", "netIncome": 1493100000, "depreciation": 3623400000, "changeToNetincome": 28334300000, "changeToAccountReceivables": -10564300000, "changeToLiabilities": 0, "changeToInventory": -329800000, "changeToOperatingActivities": 1112600000, "totalCashFromOperatingActivities": 23703100000, "capitalExpenditures": -29690500000, "investments": 277200000, "otherCashflowsFromInvestingActivities": -4341800000, "totalCashflowsFromInvestingActivities": -32834100000, "dividendsPaid": -1483800000, "netBorrowings": 52139200000, "otherCashflowsFromFinancingActivities": -37010100000, "totalCashFromFinancingActivities": 13645300000, "effectOfExchangeRate": -148300000, "changeInCash": 2956000000}, {"maxAge": 1, "endDate": "2016-03-31", "netIncome": 1219600000, "depreciation": 1930200000, "changeToNetincome": 21014800000, "changeToAccountReceivables": -1292200000, "changeToLiabilities": 0, "changeToInventory": -78700000, "changeToOperatingActivities": 4867100000, "totalCashFromOperatingActivities": 27694600000, "capitalExpenditures": -40290100000, "investments": -26700000, "otherCashflowsFromInvestingActivities": -8357900000, "totalCashflowsFromInvestingActivities": -47582900000, "dividendsPaid": -1775500000, "netBorrowings": 41923100000, "otherCashflowsFromFinancingActivities": -29964800000, "totalCashFromFinancingActivities": 17584400000, "effectOfExchangeRate": 98300000, "changeInCash": -2204400000}, {"maxAge": 1, "endDate": "2015-03-31", "netIncome": 4436000000, "depreciation": 1604500000, "changeToNetincome": 12146900000, "changeToAccountReceivables": -2491000000, "changeToLiabilities": -2944000000, "changeToInventory": -78700000, "changeToOperatingActivities": -2107600000, "totalCashFromOperatingActivities": 10683400000, "capitalExpenditures": -28525600000, "investments": -596000000, "otherCashflowsFromInvestingActivities": -7262800000, "totalCashflowsFromInvestingActivities": -36132800000, "dividendsPaid": -1295200000, "netBorrowings": 47298100000, "otherCashflowsFromFinancingActivities": -24863500000, "totalCashFromFinancingActivities": 26384600000, "effectOfExchangeRate": -93600000, "changeInCash": 780900000}], "maxAge": 86400}, "indexTrend": {"maxAge": 1, "symbol": "SP5", "peRatio": 19.7411, "pegRatio": 1.34172, "estimates": [{"period": "0q", "growth": 0.549}, {"period": "+1q", "growth": 0.431}, {"period": "0y", "growth": 0.305}, {"period": "+1y", "growth": 0.109}, {"period": "+5y", "growth": 0.120865}, {"period": "-5y"}]}, "defaultKeyStatistics": {"maxAge": 1, "priceHint": 4, "enterpriseValue": 276007747584, "profitMargins": 0.02016, "floatShares": 76956909, "sharesOutstanding": 328960000, "heldPercentInsiders": 0.74251, "heldPercentInstitutions": 0.02967, "beta": 1.329103, "category": null, "fundFamily": null, "legalType": null, "lastFiscalYearEnd": "2018-03-31 05:30:00", "nextFiscalYearEnd": "2020-03-31 05:30:00", "mostRecentQuarter": "2016-03-31 05:30:00", "earningsQuarterlyGrowth": 0.033, "netIncomeToCommon": 1757200000, "lastSplitFactor": null, "enterpriseToRevenue": 3.166, "enterpriseToEbitda": 8.441, "52WeekChange": 0.32758617, "SandP52WeekChange": 0.48148263, "lastDividendValue": 2.0, "lastDividendDate": 1469750400}, "industryTrend": {"maxAge": 1, "symbol": null, "estimates": []}, "quoteType": {"exchange": "BSE", "quoteType": "EQUITY", "symbol": "IL&FSTRANS.BO", "underlyingSymbol": "IL&FSTRANS.BO", "shortName": "IL&FS TRANSPORTATION NETWORKS", "longName": "IL&FS Transportation Networks Limited", "firstTradeDateEpochUtc": "2010-03-30 09:15:00", "timeZoneFullName": "Asia/Kolkata", "timeZoneShortName": "IST", "uuid": "b0b4e3fe-1016-3d90-83d1-4b4c23bf2a38", "messageBoardId": null, "gmtOffSetMilliseconds": 19800000, "maxAge": 1}, "incomeStatementHistory": {"incomeStatementHistory": [{"maxAge": 1, "endDate": "2018-03-31", "totalRevenue": 87167100000, "costOfRevenue": 42931200000, "grossProfit": 44235900000, "researchDevelopment": {}, "sellingGeneralAdministrative": 5783800000, "nonRecurring": {}, "otherOperatingExpenses": -1552200000, "totalOperatingExpenses": 51292500000, "operatingIncome": 35874600000, "totalOtherIncomeExpenseNet": -33598900000, "ebit": 35874600000, "interestExpense": -37489900000, "incomeBeforeTax": 2275700000, "incomeTaxExpense": 1625000000, "minorityInterest": 4649400000, "netIncomeFromContinuingOps": 650700000, "discontinuedOperations": {}, "extraordinaryItems": {}, "effectOfAccountingCharges": {}, "otherItems": {}, "netIncome": 1757200000, "netIncomeApplicableToCommonShares": 1757200000}, {"maxAge": 1, "endDate": "2017-03-31", "totalRevenue": 79844200000, "costOfRevenue": 36845700000, "grossProfit": 42998500000, "researchDevelopment": {}, "sellingGeneralAdministrative": 6386200000, "nonRecurring": {}, "otherOperatingExpenses": 4943700000, "totalOperatingExpenses": 51832800000, "operatingIncome": 28011400000, "totalOtherIncomeExpenseNet": -25814600000, "ebit": 28011400000, "interestExpense": -28570700000, "incomeBeforeTax": 2196800000, "incomeTaxExpense": 741000000, "minorityInterest": 4356700000, "netIncomeFromContinuingOps": 1455800000, "discontinuedOperations": {}, "extraordinaryItems": {}, "effectOfAccountingCharges": {}, "otherItems": {}, "netIncome": 1493100000, "netIncomeApplicableToCommonShares": 1493100000}, {"maxAge": 1, "endDate": "2016-03-31", "totalRevenue": 80358400000, "costOfRevenue": 45291600000, "grossProfit": 35066800000, "researchDevelopment": {}, "sellingGeneralAdministrative": 5700600000, "nonRecurring": {}, "otherOperatingExpenses": 4079800000, "totalOperatingExpenses": 57036000000, "operatingIncome": 23322400000, "totalOtherIncomeExpenseNet": -21575600000, "ebit": 23322400000, "interestExpense": -23224900000, "incomeBeforeTax": 1746800000, "incomeTaxExpense": 877400000, "minorityInterest": 4457000000, "netIncomeFromContinuingOps": 869400000, "discontinuedOperations": {}, "extraordinaryItems": {}, "effectOfAccountingCharges": {}, "otherItems": {}, "netIncome": 1219600000, "netIncomeApplicableToCommonShares": 1219600000}, {"maxAge": 1, "endDate": "2015-03-31", "totalRevenue": 65009700000, "costOfRevenue": 34099400000, "grossProfit": 30910300000, "researchDevelopment": {}, "sellingGeneralAdministrative": 9525000000, "nonRecurring": {}, "otherOperatingExpenses": 4079800000, "totalOperatingExpenses": 45145600000, "operatingIncome": 19864100000, "totalOtherIncomeExpenseNet": -14912300000, "ebit": 19864100000, "interestExpense": -17409100000, "incomeBeforeTax": 4951800000, "incomeTaxExpense": 804300000, "minorityInterest": 2911400000, "netIncomeFromContinuingOps": 4147500000, "discontinuedOperations": {}, "extraordinaryItems": {}, "effectOfAccountingCharges": {}, "otherItems": {}, "netIncome": 4436000000, "netIncomeApplicableToCommonShares": 3468400000}], "maxAge": 86400}, "fundOwnership": {"maxAge": 1, "ownershipList": []}, "summaryDetail": {"maxAge": 1, "priceHint": 4, "previousClose": 2.41, "open": 2.31, "dayLow": 2.3, "dayHigh": 2.53, "regularMarketPreviousClose": 2.41, "regularMarketOpen": 2.31, "regularMarketDayLow": 2.3, "regularMarketDayHigh": 2.53, "exDividendDate": "2016-07-29 05:30:00", "payoutRatio": 0.0, "beta": 1.329103, "volume": 24167, "regularMarketVolume": 24167, "averageVolume": 111354, "averageVolume10days": 78568, "averageDailyVolume10Day": 78568, "bid": 2.41, "ask": 2.48, "bidSize": 0, "askSize": 0, "marketCap": 764977344, "fiftyTwoWeekLow": 0.81, "fiftyTwoWeekHigh": 3.3, "priceToSalesTrailing12Months": 0.008775988, "fiftyDayAverage": 2.5179412, "twoHundredDayAverage": 1.7066911, "currency": "INR", "fromCurrency": null, "toCurrency": null, "lastMarket": null, "algorithm": null, "tradeable": false}, "insiderHolders": {"holders": [], "maxAge": 1}, "calendarEvents": {"maxAge": 1, "earnings": {"earningsDate": []}, "exDividendDate": "2016-07-29 05:30:00"}, "price": {"maxAge": 1, "regularMarketChangePercent": 0.0, "regularMarketChange": 0.0, "regularMarketTime": "2021-04-30 14:53:53", "priceHint": 4, "regularMarketPrice": 2.41, "regularMarketDayHigh": 2.53, "regularMarketDayLow": 2.3, "regularMarketVolume": 24167, "averageDailyVolume10Day": 78568, "averageDailyVolume3Month": 111354, "regularMarketPreviousClose": 2.41, "regularMarketSource": "FREE_REALTIME", "regularMarketOpen": 2.31, "exchange": "BSE", "exchangeName": "BSE", "exchangeDataDelayedBy": 0, "marketState": "CLOSED", "quoteType": "EQUITY", "symbol": "IL&FSTRANS.BO", "underlyingSymbol": null, "shortName": "IL&FS TRANSPORTATION NETWORKS", "longName": "IL&FS Transportation Networks Limited", "currency": "INR", "quoteSourceName": "Delayed Quote", "currencySymbol": "\u20b9", "fromCurrency": null, "toCurrency": null, "lastMarket": null, "marketCap": 764977344}, "balanceSheetHistory": {"balanceSheetStatements": [{"maxAge": 1, "endDate": "2018-03-31", "cash": 17334800000, "shortTermInvestments": 27522900000, "netReceivables": 17250500000, "inventory": 629400000, "otherCurrentAssets": 37625300000, "totalCurrentAssets": 100362900000, "longTermInvestments": 119474500000, "propertyPlantEquipment": 5115900000, "goodWill": 1560100000, "intangibleAssets": 226901700000, "otherAssets": 18555900000, "deferredLongTermAssetCharges": 2163100000, "totalAssets": 471971000000, "accountsPayable": 20654400000, "shortLongTermDebt": 353210100000, "otherCurrentLiab": 28101300000, "longTermDebt": 270868800000, "otherLiab": 21743600000, "minorityInterest": 4649400000, "totalCurrentLiabilities": 131097000000, "totalLiab": 423709400000, "commonStock": 3289600000, "treasuryStock": 40322600000, "otherStockholderEquity": 40322600000, "totalStockholderEquity": 43612200000, "netTangibleAssets": -184849600000}, {"maxAge": 1, "endDate": "2017-03-31", "cash": 12237400000, "netReceivables": 39485400000, "inventory": 1166700000, "otherCurrentAssets": 4443000000, "totalCurrentAssets": 58658700000, "longTermInvestments": 20886000000, "propertyPlantEquipment": 4425700000, "goodWill": 1678600000, "intangibleAssets": 213449600000, "otherAssets": 100669000000, "deferredLongTermAssetCharges": 1626500000, "totalAssets": 399767600000, "accountsPayable": 11642300000, "shortLongTermDebt": 311847400000, "otherCurrentLiab": 7655100000, "longTermDebt": 236739900000, "otherLiab": 17450200000, "minorityInterest": 4356700000, "totalCurrentLiabilities": 99167500000, "totalLiab": 353564100000, "commonStock": 3289600000, "retainedEarnings": 4586200000, "treasuryStock": 12111200000, "capitalSurplus": 21859800000, "otherStockholderEquity": 12111200000, "totalStockholderEquity": 41846800000, "netTangibleAssets": -173281400000}, {"maxAge": 1, "endDate": "2016-03-31", "cash": 8732300000, "netReceivables": 28465000000, "inventory": 854700000, "otherCurrentAssets": 4937000000, "totalCurrentAssets": 44440000000, "longTermInvestments": 22523400000, "propertyPlantEquipment": 3481200000, "goodWill": 1799500000, "intangibleAssets": 180850400000, "otherAssets": 94770000000, "deferredLongTermAssetCharges": 349500000, "totalAssets": 347864500000, "accountsPayable": 12647500000, "shortLongTermDebt": 265564600000, "otherCurrentLiab": 2489700000, "longTermDebt": 214460000000, "otherLiab": 16197900000, "minorityInterest": 4457000000, "totalCurrentLiabilities": 69515900000, "totalLiab": 300383500000, "commonStock": 3289600000, "retainedEarnings": 2817000000, "treasuryStock": 15029100000, "capitalSurplus": 21888300000, "otherStockholderEquity": 15029100000, "totalStockholderEquity": 43024000000, "netTangibleAssets": -139625900000}, {"maxAge": 1, "endDate": "2015-03-31", "cash": 9388600000, "shortTermInvestments": 200500000, "netReceivables": 23128500000, "inventory": 140800000, "otherCurrentAssets": 6410800000, "totalCurrentAssets": 39868000000, "longTermInvestments": 5271600000, "propertyPlantEquipment": 1930700000, "goodWill": 5820000000, "intangibleAssets": 163912100000, "otherAssets": 102144300000, "deferredLongTermAssetCharges": 161200000, "totalAssets": 318946700000, "accountsPayable": 10899900000, "shortLongTermDebt": 235134800000, "otherCurrentLiab": 4271600000, "longTermDebt": 185775800000, "otherLiab": 6413600000, "deferredLongTermLiab": 1082000000, "minorityInterest": 2911400000, "totalCurrentLiabilities": 66512900000, "totalLiab": 258843600000, "commonStock": 2467200000, "retainedEarnings": 18676400000, "treasuryStock": 13742000000, "capitalSurplus": 18541600000, "otherStockholderEquity": 13742000000, "totalStockholderEquity": 53427200000, "netTangibleAssets": -116304900000}], "maxAge": 86400}, "earningsTrend": {"trend": [{"maxAge": 1, "period": "0q", "endDate": null, "growth": {}, "earningsEstimate": {"avg": 0.0, "low": 0.0, "high": 0.0, "yearAgoEps": {}, "numberOfAnalysts": 0, "growth": {}}, "revenueEstimate": {"avg": 0, "low": 0, "high": 0, "numberOfAnalysts": 0, "yearAgoRevenue": {}, "growth": {}}, "epsTrend": {"current": 0.0, "7daysAgo": 0.0, "30daysAgo": 0.0, "60daysAgo": 0.0, "90daysAgo": 0.0}, "epsRevisions": {"upLast7days": 0, "upLast30days": 0, "downLast30days": 0, "downLast90days": {}}}, {"maxAge": 1, "period": "+1q", "endDate": null, "growth": {}, "earningsEstimate": {"avg": 0.0, "low": 0.0, "high": 0.0, "yearAgoEps": {}, "numberOfAnalysts": 0, "growth": {}}, "revenueEstimate": {"avg": 0, "low": 0, "high": 0, "numberOfAnalysts": 0, "yearAgoRevenue": {}, "growth": {}}, "epsTrend": {"current": 0.0, "7daysAgo": 0.0, "30daysAgo": 0.0, "60daysAgo": 0.0, "90daysAgo": 0.0}, "epsRevisions": {"upLast7days": 0, "upLast30days": 0, "downLast30days": 0, "downLast90days": {}}}, {"maxAge": 1, "period": "0y", "endDate": null, "growth": {}, "earningsEstimate": {"avg": 0.0, "low": 0.0, "high": 0.0, "yearAgoEps": {}, "numberOfAnalysts": 0, "growth": {}}, "revenueEstimate": {"avg": 0, "low": 0, "high": 0, "numberOfAnalysts": 0, "yearAgoRevenue": {}, "growth": {}}, "epsTrend": {"current": 0.0, "7daysAgo": 0.0, "30daysAgo": 0.0, "60daysAgo": 0.0, "90daysAgo": 0.0}, "epsRevisions": {"upLast7days": 0, "upLast30days": 0, "downLast30days": 0, "downLast90days": {}}}, {"maxAge": 1, "period": "+1y", "endDate": null, "growth": {}, "earningsEstimate": {"avg": 0.0, "low": 0.0, "high": 0.0, "yearAgoEps": {}, "numberOfAnalysts": 0, "growth": {}}, "revenueEstimate": {"avg": 0, "low": 0, "high": 0, "numberOfAnalysts": 0, "yearAgoRevenue": {}, "growth": {}}, "epsTrend": {"current": 0.0, "7daysAgo": 0.0, "30daysAgo": 0.0, "60daysAgo": 0.0, "90daysAgo": 0.0}, "epsRevisions": {"upLast7days": 0, "upLast30days": 0, "downLast30days": 0, "downLast90days": {}}}, {"maxAge": 1, "period": "+5y", "endDate": null, "growth": -0.261, "earningsEstimate": {"avg": {}, "low": {}, "high": {}, "yearAgoEps": {}, "numberOfAnalysts": {}, "growth": {}}, "revenueEstimate": {"avg": {}, "low": {}, "high": {}, "numberOfAnalysts": {}, "yearAgoRevenue": {}, "growth": {}}, "epsTrend": {"current": {}, "7daysAgo": {}, "30daysAgo": {}, "60daysAgo": {}, "90daysAgo": {}}, "epsRevisions": {"upLast7days": {}, "upLast30days": {}, "downLast30days": {}, "downLast90days": {}}}, {"maxAge": 1, "period": "-5y", "endDate": null, "growth": {}, "earningsEstimate": {"avg": {}, "low": {}, "high": {}, "yearAgoEps": {}, "numberOfAnalysts": {}, "growth": {}}, "revenueEstimate": {"avg": {}, "low": {}, "high": {}, "numberOfAnalysts": {}, "yearAgoRevenue": {}, "growth": {}}, "epsTrend": {"current": {}, "7daysAgo": {}, "30daysAgo": {}, "60daysAgo": {}, "90daysAgo": {}}, "epsRevisions": {"upLast7days": {}, "upLast30days": {}, "downLast30days": {}, "downLast90days": {}}}], "maxAge": 1}, "institutionOwnership": {"maxAge": 1, "ownershipList": []}, "majorHoldersBreakdown": {"maxAge": 1, "insidersPercentHeld": 0.74251, "institutionsPercentHeld": 0.02967, "institutionsFloatPercentHeld": 0.11521, "institutionsCount": 3}, "balanceSheetHistoryQuarterly": {"balanceSheetStatements": [{"maxAge": 1, "endDate": "2016-03-31", "cash": 8748600000, "shortTermInvestments": 536700000, "netReceivables": 35059700000, "inventory": 869500000, "otherCurrentAssets": 7173600000, "totalCurrentAssets": 53247500000, "longTermInvestments": 5122200000, "propertyPlantEquipment": 3871500000, "goodWill": 5979400000, "intangibleAssets": 201321700000, "otherAssets": 108900600000, "deferredLongTermAssetCharges": 228200000, "totalAssets": 378442900000, "accountsPayable": 13911600000, "shortLongTermDebt": 276430600000, "otherCurrentLiab": 3923900000, "longTermDebt": 224675300000, "otherLiab": 9455500000, "deferredLongTermLiab": 1766200000, "minorityInterest": 4736100000, "totalCurrentLiabilities": 72432800000, "totalLiab": 306773300000, "commonStock": 3289600000, "retainedEarnings": 19731000000, "treasuryStock": 15139200000, "capitalSurplus": 25009200000, "otherStockholderEquity": 15139200000, "totalStockholderEquity": 63169000000, "netTangibleAssets": -144132100000}, {"maxAge": 1, "endDate": "2015-12-31", "shortLongTermDebt": 262128900000, "totalStockholderEquity": 58509700000, "netTangibleAssets": 52568200000}, {"maxAge": 1, "endDate": "2015-09-30", "cash": 9320700000, "shortTermInvestments": 337200000, "netReceivables": 25640400000, "inventory": 292800000, "otherCurrentAssets": 9103300000, "totalCurrentAssets": 44694400000, "longTermInvestments": 6564300000, "propertyPlantEquipment": 185079500000, "goodWill": 5941500000, "otherAssets": 104912500000, "deferredLongTermAssetCharges": 195600000, "totalAssets": 347192200000, "accountsPayable": 11103000000, "shortLongTermDebt": 262128900000, "otherCurrentLiab": 5794800000, "longTermDebt": 205443500000, "otherLiab": 7000700000, "minorityInterest": 2655100000, "totalCurrentLiabilities": 73583200000, "totalLiab": 286027400000, "commonStock": 2467200000, "treasuryStock": 56042500000, "otherStockholderEquity": 56042500000, "totalStockholderEquity": 58509700000, "netTangibleAssets": 52568200000}, {"maxAge": 1, "endDate": "2015-06-30", "cash": 8278930000, "shortTermInvestments": 355070000, "netReceivables": 24445360000, "inventory": 161090000, "otherCurrentAssets": 11118900000, "totalCurrentAssets": 44359350000, "longTermInvestments": 6553730000, "propertyPlantEquipment": 2055960000, "goodWill": 5919620000, "intangibleAssets": 172149160000, "otherAssets": 103318490000, "deferredLongTermAssetCharges": 181050000, "totalAssets": 334356310000, "accountsPayable": 11754630000, "shortLongTermDebt": 248322320000, "otherCurrentLiab": 6782160000, "longTermDebt": 197596900000, "otherLiab": 6824620000, "minorityInterest": 2800610000, "totalCurrentLiabilities": 69262210000, "totalLiab": 273683730000, "commonStock": 2467200000, "treasuryStock": 51640270000, "otherStockholderEquity": 51640270000, "totalStockholderEquity": 54107470000, "netTangibleAssets": -123961310000}], "maxAge": 86400}, "earningsHistory": {"history": [{"maxAge": 1, "epsActual": {}, "epsEstimate": {}, "epsDifference": {}, "surprisePercent": {}, "quarter": {}, "period": "-4q"}, {"maxAge": 1, "epsActual": {}, "epsEstimate": {}, "epsDifference": {}, "surprisePercent": {}, "quarter": {}, "period": "-3q"}, {"maxAge": 1, "epsActual": {}, "epsEstimate": {}, "epsDifference": {}, "surprisePercent": {}, "quarter": {}, "period": "-2q"}, {"maxAge": 1, "epsActual": {}, "epsEstimate": {}, "epsDifference": {}, "surprisePercent": {}, "quarter": {}, "period": "-1q"}], "maxAge": 86400}, "summaryProfile": {"address1": "The IL&FS Financial Centre", "address2": "Plot C-22, G-Block Bandra-Kurla Complex Bandra (East)", "city": "Mumbai", "zip": "400051", "country": "India", "phone": "91 22 2653 3333", "fax": "91 22 2652 3979", "website": "http://www.itnlindia.com", "industry": "Infrastructure Operations", "sector": "Industrials", "longBusinessSummary": "IL&FS Transportation Networks Limited develops, operates, and facilitates surface transportation infrastructure projects in India and internationally. The company undertakes highway, flyover, bridge, road, metro rail, city bus, and border check post projects. It also provides operation and maintenance services; and toll collection services for toll road projects. The company was founded in 2000 and is based in Mumbai, India. IL&FS Transportation Networks Limited is a subsidiary of Infrastructure Leasing & Financial Services Limited.", "companyOfficers": [], "maxAge": 86400}, "netSharePurchaseActivity": {"maxAge": 1, "period": "6m", "buyInfoCount": 0, "buyInfoShares": 0, "sellInfoCount": 0, "netInfoCount": 0, "netInfoShares": 0, "netPercentInsiderShares": 0.0, "totalInsiderShares": 244256128}, "sectorTrend": {"maxAge": 1, "symbol": null, "estimates": []}, "incomeStatementHistoryQuarterly": {"incomeStatementHistory": [{"maxAge": 1, "endDate": "2016-03-31", "totalRevenue": 28646300000, "costOfRevenue": 20487800000, "grossProfit": 8158500000, "researchDevelopment": {}, "sellingGeneralAdministrative": 6206400000, "nonRecurring": {}, "otherOperatingExpenses": -8766400000, "totalOperatingExpenses": 18801000000, "operatingIncome": 9845300000, "totalOtherIncomeExpenseNet": -8607200000, "ebit": 9845300000, "interestExpense": -6009600000, "incomeBeforeTax": 1238100000, "incomeTaxExpense": 619300000, "minorityInterest": 4736100000, "netIncomeFromContinuingOps": 618800000, "discontinuedOperations": {}, "extraordinaryItems": {}, "effectOfAccountingCharges": {}, "otherItems": {}, "netIncome": 804200000, "netIncomeApplicableToCommonShares": -144900000}, {"maxAge": 1, "endDate": "2015-12-31", "totalRevenue": 18829600000, "costOfRevenue": 9319800000, "grossProfit": 9509800000, "researchDevelopment": {}, "sellingGeneralAdministrative": 1371500000, "nonRecurring": {}, "otherOperatingExpenses": 3169700000, "totalOperatingExpenses": 14570100000, "operatingIncome": 4259500000, "totalOtherIncomeExpenseNet": -2269800000, "ebit": 4259500000, "interestExpense": -6682100000, "incomeBeforeTax": 1989700000, "incomeTaxExpense": 347400000, "minorityInterest": 4736100000, "netIncomeFromContinuingOps": 1642300000, "discontinuedOperations": {}, "extraordinaryItems": {}, "effectOfAccountingCharges": {}, "otherItems": {}, "netIncome": 1590700000, "netIncomeApplicableToCommonShares": 1590700000}, {"maxAge": 1, "endDate": "2015-09-30", "totalRevenue": 18718000000, "costOfRevenue": 7755800000, "grossProfit": 10962200000, "researchDevelopment": {}, "sellingGeneralAdministrative": 1255900000, "nonRecurring": {}, "otherOperatingExpenses": 3114300000, "totalOperatingExpenses": 12718800000, "operatingIncome": 5999200000, "totalOtherIncomeExpenseNet": -4963200000, "ebit": 5999200000, "interestExpense": -5849900000, "incomeBeforeTax": 1036000000, "incomeTaxExpense": 482500000, "minorityInterest": 2655100000, "netIncomeFromContinuingOps": 553500000, "discontinuedOperations": {}, "extraordinaryItems": {}, "effectOfAccountingCharges": {}, "otherItems": {}, "netIncome": 691500000, "netIncomeApplicableToCommonShares": 691500000}, {"maxAge": 1, "endDate": "2015-06-30", "totalRevenue": 16443970000, "costOfRevenue": 8900610000, "grossProfit": 7543360000, "researchDevelopment": {}, "sellingGeneralAdministrative": 2241040000, "nonRecurring": {}, "otherOperatingExpenses": 3114300000, "totalOperatingExpenses": 11720380000, "operatingIncome": 4723590000, "totalOtherIncomeExpenseNet": -4670350000, "ebit": 4723590000, "interestExpense": -5595060000, "incomeBeforeTax": 53240000, "incomeTaxExpense": 150210000, "minorityInterest": 2800610000, "netIncomeFromContinuingOps": -96970000, "discontinuedOperations": {}, "extraordinaryItems": {}, "effectOfAccountingCharges": {}, "otherItems": {}, "netIncome": 29050000, "netIncomeApplicableToCommonShares": 29050000}], "maxAge": 86400}, "cashflowStatementHistoryQuarterly": {"cashflowStatements": [{"maxAge": 1, "endDate": "2016-03-31", "netIncome": 804200000, "changeToLiabilities": 0}, {"maxAge": 1, "endDate": "2015-12-31", "netIncome": 1590700000, "changeToLiabilities": 0}, {"maxAge": 1, "endDate": "2015-09-30", "netIncome": 691500000, "changeToLiabilities": 0}, {"maxAge": 1, "endDate": "2015-06-30", "netIncome": 29050000, "depreciation": 578730000, "changeToNetincome": 4811960000, "changeToLiabilities": 0, "totalCashFromOperatingActivities": 5419740000, "otherCashflowsFromInvestingActivities": -9689750000, "totalCashflowsFromInvestingActivities": -9689750000, "otherCashflowsFromFinancingActivities": 4808410000, "totalCashFromFinancingActivities": 4808410000, "effectOfExchangeRate": 48170000, "changeInCash": 586570000}], "maxAge": 86400}, "earnings": {"maxAge": 86400, "earningsChart": {"quarterly": [], "earningsDate": []}, "financialsChart": {"yearly": [{"date": 2015, "revenue": 65009700000, "earnings": 4436000000}, {"date": 2016, "revenue": 80358400000, "earnings": 1219600000}, {"date": 2017, "revenue": 79844200000, "earnings": 1493100000}, {"date": 2018, "revenue": 87167100000, "earnings": 1757200000}], "quarterly": [{"date": "2Q2015", "revenue": 16443970000, "earnings": 29050000}, {"date": "3Q2015", "revenue": 18718000000, "earnings": 691500000}, {"date": "4Q2015", "revenue": 18829600000, "earnings": 1590700000}, {"date": "1Q2016", "revenue": 28646300000, "earnings": 804200000}]}, "financialCurrency": "INR"}, "financialData": {"maxAge": 86400, "currentPrice": 2.41, "targetHighPrice": 145.0, "targetLowPrice": 145.0, "targetMeanPrice": 145.0, "targetMedianPrice": 145.0, "recommendationKey": "none", "numberOfAnalystOpinions": 1, "totalCash": 9285300224, "totalCashPerShare": 28.226, "ebitda": 32700000256, "totalDebt": 276430585856, "quickRatio": 0.391, "currentRatio": 0.766, "totalRevenue": 87167098880, "debtToEquity": 385.701, "revenuePerShare": 264.978, "returnOnAssets": 0.040999997, "returnOnEquity": 0.013780001, "grossProfits": 44235900000, "freeCashflow": -40917377024, "operatingCashflow": 30789599232, "revenueGrowth": 0.76, "grossMargins": 0.5046, "ebitdaMargins": 0.37514, "operatingMargins": 0.32803002, "profitMargins": 0.02016, "financialCurrency": "INR"}}}