{"IL&FSENGG.NS": {"assetProfile": {"address1": "Door No.8-2-120/113", "address2": "B Block, First Floor Sanali Info Park Road No. 2, Banjara Hills", "city": "Hyderabad", "zip": "500033", "country": "India", "phone": "91 40 4040 9333", "fax": "91 40 4040 9444", "website": "http://www.ilfsengg.com", "industry": "Engineering & Construction", "sector": "Industrials", "longBusinessSummary": "IL&FS Engineering and Construction Company Limited engages in infrastructure development and construction, and project management businesses in India and internationally. It develops and constructs roads and bridges, railways, expressways, and highways; residential buildings, commercial buildings, industrial structures, and hospital buildings; irrigation canals and dams; and thermal and hydel power projects. The company also develops ports involving construction of berths, jetties, breakwaters, marine structures, and cargo handling facilities, as well as land for setting up port-based industries; and constructs terminal buildings, runways, aprons, parking bays, hangers, and other structures in the airport sector. In addition, it constructs rail and rail based systems; oil and gas pipelines and storage tank terminals; water and water treatment plants; power generation, transmission, and distribution projects; and industrial construction projects. The company was formerly known as Maytas Infra Limited and changed its name to IL&FS Engineering and Construction Company Limited in January 2011. IL&FS Engineering and Construction Company Limited was incorporated in 1988 and is based in Hyderabad, India.", "fullTimeEmployees": 406, "companyOfficers": [{"maxAge": 1, "name": "Mr. Kazim Raza Khan", "age": 52, "title": "Chief Exec. Officer", "yearBorn": 1968, "exercisedValue": 0, "unexercisedValue": 0}, {"maxAge": 1, "name": "Mr. Naveen Kumar Agrawal", "age": 47, "title": "Sr. VP & CFO", "yearBorn": 1973, "exercisedValue": 0, "unexercisedValue": 0}, {"maxAge": 1, "name": "Mr. Srinivasa Kiran Sistla", "age": 46, "title": "Company Sec. & Compliance Officer", "yearBorn": 1974, "exercisedValue": 0, "unexercisedValue": 0}, {"maxAge": 1, "name": "Mr. Ajay  Ratan", "age": 56, "title": "Sr. VP", "yearBorn": 1964, "exercisedValue": 0, "unexercisedValue": 0}, {"maxAge": 1, "name": "Mr. Pradeep Kumar Goyal", "age": 52, "title": "Sr. VP", "yearBorn": 1968, "exercisedValue": 0, "unexercisedValue": 0}, {"maxAge": 1, "name": "Mr. Pradeep Kumar Bhattacharya", "age": 57, "title": "Sr. VP", "yearBorn": 1963, "exercisedValue": 0, "unexercisedValue": 0}, {"maxAge": 1, "name": "Mr. Gangavarapu  Venkateswar Rao", "age": 55, "title": "Sr. VP", "yearBorn": 1965, "exercisedValue": 0, "unexercisedValue": 0}, {"maxAge": 1, "name": "Mr. K. Laxmi Narsaiah", "title": "VP of Irrigation & Water Sector", "fiscalYear": 2010, "totalPay": 0, "exercisedValue": 0, "unexercisedValue": 0}, {"maxAge": 1, "name": "Mr. Maharudra M. Wagle", "title": "Exec.", "fiscalYear": 2010, "totalPay": 0, "exercisedValue": 0, "unexercisedValue": 0}, {"maxAge": 1, "name": "T.  Sujatha", "title": "Exec. Officer", "exercisedValue": 0, "unexercisedValue": 0}], "compensationAsOfEpochDate": "2010-12-31 05:30:00", "maxAge": 86400}, "recommendationTrend": {"trend": [{"period": "0m", "strongBuy": 0, "buy": 0, "hold": 0, "sell": 0, "strongSell": 0}, {"period": "-1m", "strongBuy": 0, "buy": 0, "hold": 0, "sell": 0, "strongSell": 0}, {"period": "-2m", "strongBuy": 0, "buy": 0, "hold": 0, "sell": 0, "strongSell": 0}, {"period": "-3m", "strongBuy": 0, "buy": 0, "hold": 0, "sell": 0, "strongSell": 0}], "maxAge": 86400}, "cashflowStatementHistory": {"cashflowStatements": [{"maxAge": 1, "endDate": "2018-03-31", "netIncome": 115400000, "changeToLiabilities": 0}, {"maxAge": 1, "endDate": "2017-03-31", "netIncome": -259600000, "depreciation": 473900000, "changeToNetincome": 1551400000, "changeToAccountReceivables": 2222800000, "changeToLiabilities": 467300000, "changeToInventory": -4633600000, "changeToOperatingActivities": 1460000000, "totalCashFromOperatingActivities": 1288000000, "capitalExpenditures": -604900000, "investments": 1400000, "otherCashflowsFromInvestingActivities": 91800000, "totalCashflowsFromInvestingActivities": -364800000, "netBorrowings": 492500000, "otherCashflowsFromFinancingActivities": -1545200000, "totalCashFromFinancingActivities": -1052700000, "effectOfExchangeRate": 139500000, "changeInCash": 10000000}, {"maxAge": 1, "endDate": "2016-03-31", "netIncome": -3257500000, "depreciation": 557100000, "changeToNetincome": 1877200000, "changeToAccountReceivables": 691200000, "changeToLiabilities": -644700000, "changeToInventory": 545500000, "changeToOperatingActivities": -1544700000, "totalCashFromOperatingActivities": -1769400000, "capitalExpenditures": -753000000, "investments": 1992600000, "otherCashflowsFromInvestingActivities": 998400000, "totalCashflowsFromInvestingActivities": 2466600000, "netBorrowings": 856000000, "otherCashflowsFromFinancingActivities": -2021000000, "totalCashFromFinancingActivities": -838500000, "effectOfExchangeRate": -32900000, "changeInCash": -174200000}, {"maxAge": 1, "endDate": "2015-03-31", "netIncome": -109000000, "depreciation": 638000000, "changeToNetincome": 1221300000, "changeToAccountReceivables": -1102300000, "changeToLiabilities": 1145500000, "changeToInventory": -2857500000, "changeToOperatingActivities": -39500000, "totalCashFromOperatingActivities": -1099700000, "capitalExpenditures": -523100000, "investments": 2800000, "otherCashflowsFromInvestingActivities": 343300000, "totalCashflowsFromInvestingActivities": -151300000, "netBorrowings": 2373700000, "otherCashflowsFromFinancingActivities": -1623000000, "totalCashFromFinancingActivities": 971700000, "effectOfExchangeRate": 12400000, "changeInCash": -266900000}], "maxAge": 86400}, "indexTrend": {"maxAge": 1, "symbol": "SP5", "peRatio": 19.7411, "pegRatio": 1.34172, "estimates": [{"period": "0q", "growth": 0.549}, {"period": "+1q", "growth": 0.431}, {"period": "0y", "growth": 0.305}, {"period": "+1y", "growth": 0.109}, {"period": "+5y", "growth": 0.120865}, {"period": "-5y"}]}, "defaultKeyStatistics": {"maxAge": 1, "priceHint": 4, "enterpriseValue": 4232404992, "profitMargins": -0.32754, "floatShares": 26783829, "sharesOutstanding": 131121000, "heldPercentInsiders": 0.81785005, "heldPercentInstitutions": 0.0, "beta": 1.297396, "category": null, "fundFamily": null, "legalType": null, "lastFiscalYearEnd": "2020-03-31 05:30:00", "nextFiscalYearEnd": "2022-03-31 05:30:00", "mostRecentQuarter": "2020-12-31 05:30:00", "netIncomeToCommon": -1166899968, "lastSplitFactor": null, "enterpriseToRevenue": 1.188, "enterpriseToEbitda": -17.6}, "industryTrend": {"maxAge": 1, "symbol": null, "estimates": []}, "quoteType": {"exchange": "NSI", "quoteType": "EQUITY", "symbol": "IL&FSENGG.NS", "underlyingSymbol": "IL&FSENGG.NS", "shortName": "IL&FS ENGINEERING", "longName": "IL&FS Engineering and Construction Company Limited", "firstTradeDateEpochUtc": "2007-10-25 09:15:00", "timeZoneFullName": "Asia/Kolkata", "timeZoneShortName": "IST", "uuid": "c56df8e6-208c-33b7-8e38-792a76878376", "gmtOffSetMilliseconds": 19800000, "maxAge": 1}, "incomeStatementHistory": {"incomeStatementHistory": [{"maxAge": 1, "endDate": "2018-03-31", "totalRevenue": 18687600000, "costOfRevenue": 13358700000, "grossProfit": 5328900000, "researchDevelopment": {}, "sellingGeneralAdministrative": 1466000000, "nonRecurring": {}, "otherOperatingExpenses": 2300400000, "totalOperatingExpenses": 17570500000, "operatingIncome": 1117100000, "totalOtherIncomeExpenseNet": -1002600000, "ebit": 1117100000, "interestExpense": -4093800000, "incomeBeforeTax": 114500000, "incomeTaxExpense": -37100000, "minorityInterest": {}, "netIncomeFromContinuingOps": 151600000, "discontinuedOperations": {}, "extraordinaryItems": {}, "effectOfAccountingCharges": {}, "otherItems": {}, "netIncome": 115400000, "netIncomeApplicableToCommonShares": 115400000}, {"maxAge": 1, "endDate": "2017-03-31", "totalRevenue": 19064000000, "costOfRevenue": 14409400000, "grossProfit": 4654600000, "researchDevelopment": {}, "sellingGeneralAdministrative": 1704500000, "nonRecurring": {}, "otherOperatingExpenses": 1338800000, "totalOperatingExpenses": 17932400000, "operatingIncome": 1131600000, "totalOtherIncomeExpenseNet": -1622700000, "ebit": 1131600000, "interestExpense": -3216500000, "incomeBeforeTax": -491100000, "incomeTaxExpense": -900000, "minorityInterest": -1109400000, "netIncomeFromContinuingOps": -490200000, "discontinuedOperations": {}, "extraordinaryItems": {}, "effectOfAccountingCharges": {}, "otherItems": {}, "netIncome": -259600000, "netIncomeApplicableToCommonShares": -288300000}, {"maxAge": 1, "endDate": "2016-03-31", "totalRevenue": 21315400000, "costOfRevenue": 19266900000, "grossProfit": 2048500000, "researchDevelopment": {}, "sellingGeneralAdministrative": 1914400000, "nonRecurring": {}, "otherOperatingExpenses": 2177800000, "totalOperatingExpenses": 23922700000, "operatingIncome": -2607300000, "totalOtherIncomeExpenseNet": -1745700000, "ebit": -2607300000, "interestExpense": -2868200000, "incomeBeforeTax": -4353000000, "incomeTaxExpense": 18200000, "minorityInterest": -941600000, "netIncomeFromContinuingOps": -4371200000, "discontinuedOperations": {}, "extraordinaryItems": {}, "effectOfAccountingCharges": {}, "otherItems": {}, "netIncome": -3257500000, "netIncomeApplicableToCommonShares": -3324500000}, {"maxAge": 1, "endDate": "2015-03-31", "totalRevenue": 27827200000, "costOfRevenue": 21114800000, "grossProfit": 6712400000, "researchDevelopment": {}, "sellingGeneralAdministrative": 3616600000, "nonRecurring": {}, "otherOperatingExpenses": 1104400000, "totalOperatingExpenses": 26477600000, "operatingIncome": 1349600000, "totalOtherIncomeExpenseNet": -1571200000, "ebit": 1349600000, "interestExpense": -2566500000, "incomeBeforeTax": -221600000, "incomeTaxExpense": 9500000, "minorityInterest": 183000000, "netIncomeFromContinuingOps": -231100000, "discontinuedOperations": {}, "extraordinaryItems": {}, "effectOfAccountingCharges": {}, "otherItems": {}, "netIncome": -109000000, "netIncomeApplicableToCommonShares": -213000000}], "maxAge": 86400}, "fundOwnership": {"ownershipList": [], "maxAge": 1}, "summaryDetail": {"maxAge": 1, "priceHint": 4, "previousClose": 3.65, "open": 3.55, "dayLow": 3.5, "dayHigh": 3.65, "regularMarketPreviousClose": 3.65, "regularMarketOpen": 3.55, "regularMarketDayLow": 3.5, "regularMarketDayHigh": 3.65, "exDividendDate": "2008-09-19 05:30:00", "payoutRatio": 0.0, "beta": 1.297396, "volume": 73416, "regularMarketVolume": 73416, "averageVolume": 35724, "averageVolume10days": 27882, "averageDailyVolume10Day": 27882, "bid": 0.0, "ask": 0.0, "bidSize": 0, "askSize": 0, "marketCap": 460378208, "fiftyTwoWeekLow": 1.6, "fiftyTwoWeekHigh": 5.35, "priceToSalesTrailing12Months": 0.12922534, "fiftyDayAverage": 3.3272727, "twoHundredDayAverage": 3.7389286, "currency": "INR", "fromCurrency": null, "lastMarket": null, "algorithm": null, "tradeable": false}, "insiderHolders": {"holders": [], "maxAge": 1}, "calendarEvents": {"maxAge": 1, "earnings": {"earningsDate": []}, "exDividendDate": "2008-09-19 05:30:00"}, "price": {"maxAge": 1, "regularMarketChangePercent": -0.0273973, "regularMarketChange": -0.10000014, "regularMarketTime": "2021-04-30 15:11:17", "priceHint": 4, "regularMarketPrice": 3.55, "regularMarketDayHigh": 3.65, "regularMarketDayLow": 3.5, "regularMarketVolume": 73416, "averageDailyVolume10Day": 27882, "averageDailyVolume3Month": 35724, "regularMarketPreviousClose": 3.65, "regularMarketSource": "FREE_REALTIME", "regularMarketOpen": 3.55, "exchange": "NSI", "exchangeName": "NSE", "exchangeDataDelayedBy": 15, "marketState": "CLOSED", "quoteType": "EQUITY", "symbol": "IL&FSENGG.NS", "underlyingSymbol": null, "shortName": "IL&FS ENGINEERING", "longName": "IL&FS Engineering and Construction Company Limited", "currency": "INR", "quoteSourceName": "Delayed Quote", "currencySymbol": "\u20b9", "fromCurrency": null, "lastMarket": null, "marketCap": 460378208}, "balanceSheetHistory": {"balanceSheetStatements": [{"maxAge": 1, "endDate": "2018-03-31", "cash": 284800000, "shortTermInvestments": 586500000, "netReceivables": 6912800000, "inventory": 10207800000, "otherCurrentAssets": 1807800000, "totalCurrentAssets": 19799700000, "longTermInvestments": 8239200000, "propertyPlantEquipment": 1452700000, "intangibleAssets": 379900000, "otherAssets": 23191400000, "deferredLongTermAssetCharges": 2534300000, "totalAssets": 53062900000, "accountsPayable": 9610900000, "shortLongTermDebt": 20920100000, "otherCurrentLiab": 14793800000, "longTermDebt": 12049000000, "otherLiab": 9129400000, "totalCurrentLiabilities": 33275800000, "totalLiab": 54454200000, "commonStock": 1311200000, "treasuryStock": -2702500000, "otherStockholderEquity": -2702500000, "totalStockholderEquity": -1391300000, "netTangibleAssets": -1771200000}, {"maxAge": 1, "endDate": "2017-03-31", "cash": 239900000, "netReceivables": 5229300000, "inventory": 7514600000, "otherCurrentAssets": 2384200000, "totalCurrentAssets": 15368000000, "longTermInvestments": 800000, "propertyPlantEquipment": 1434400000, "intangibleAssets": 404900000, "otherAssets": 25895500000, "totalAssets": 43103600000, "accountsPayable": 7106800000, "shortLongTermDebt": 25915100000, "otherCurrentLiab": 1404700000, "longTermDebt": 12627600000, "otherLiab": 8710500000, "minorityInterest": -1109400000, "totalCurrentLiabilities": 23293600000, "totalLiab": 44652000000, "commonStock": 1311200000, "retainedEarnings": -5129000000, "treasuryStock": 158500000, "capitalSurplus": 2822800000, "otherStockholderEquity": 158500000, "totalStockholderEquity": -836500000, "netTangibleAssets": -1241400000}, {"maxAge": 1, "endDate": "2016-03-31", "cash": 216600000, "netReceivables": 6508500000, "inventory": 8729600000, "otherCurrentAssets": 3763600000, "totalCurrentAssets": 19218300000, "longTermInvestments": 800000, "propertyPlantEquipment": 1632400000, "intangibleAssets": 427800000, "otherAssets": 18672700000, "deferredLongTermAssetCharges": 200000, "totalAssets": 39952000000, "accountsPayable": 10288300000, "shortLongTermDebt": 24905400000, "otherCurrentLiab": 957200000, "longTermDebt": 14290100000, "otherLiab": 4214900000, "minorityInterest": -941600000, "totalCurrentLiabilities": 22612600000, "totalLiab": 41149700000, "commonStock": 1211600000, "retainedEarnings": -4869400000, "treasuryStock": 81800000, "capitalSurplus": 2392400000, "otherStockholderEquity": 81800000, "totalStockholderEquity": -1183600000, "netTangibleAssets": -1611400000}, {"maxAge": 1, "endDate": "2015-03-31", "cash": 401000000, "netReceivables": 8662300000, "inventory": 11071000000, "otherCurrentAssets": 2890500000, "totalCurrentAssets": 23024800000, "longTermInvestments": 800000, "propertyPlantEquipment": 1859400000, "intangibleAssets": 13900000, "otherAssets": 18392700000, "deferredLongTermAssetCharges": 100000, "totalAssets": 43291600000, "accountsPayable": 10826300000, "shortLongTermDebt": 24803500000, "otherCurrentLiab": 750200000, "longTermDebt": 15628400000, "otherLiab": 3486200000, "minorityInterest": 183000000, "totalCurrentLiabilities": 21304100000, "totalLiab": 40420500000, "commonStock": 1121200000, "retainedEarnings": -1611900000, "treasuryStock": 95000000, "capitalSurplus": 1713800000, "otherStockholderEquity": 95000000, "totalStockholderEquity": 1318100000, "netTangibleAssets": 1304200000}], "maxAge": 86400}, "earningsTrend": {"trend": [{"maxAge": 1, "period": "0q", "endDate": null, "growth": {}, "earningsEstimate": {"avg": 0.0, "low": 0.0, "high": 0.0, "yearAgoEps": {}, "numberOfAnalysts": 0, "growth": {}}, "revenueEstimate": {"avg": 0, "low": 0, "high": 0, "numberOfAnalysts": 0, "yearAgoRevenue": {}, "growth": {}}, "epsTrend": {"current": 0.0, "7daysAgo": 0.0, "30daysAgo": 0.0, "60daysAgo": 0.0, "90daysAgo": 0.0}, "epsRevisions": {"upLast7days": 0, "upLast30days": 0, "downLast30days": 0, "downLast90days": {}}}, {"maxAge": 1, "period": "+1q", "endDate": null, "growth": {}, "earningsEstimate": {"avg": 0.0, "low": 0.0, "high": 0.0, "yearAgoEps": {}, "numberOfAnalysts": 0, "growth": {}}, "revenueEstimate": {"avg": 0, "low": 0, "high": 0, "numberOfAnalysts": 0, "yearAgoRevenue": {}, "growth": {}}, "epsTrend": {"current": 0.0, "7daysAgo": 0.0, "30daysAgo": 0.0, "60daysAgo": 0.0, "90daysAgo": 0.0}, "epsRevisions": {"upLast7days": 0, "upLast30days": 0, "downLast30days": 0, "downLast90days": {}}}, {"maxAge": 1, "period": "0y", "endDate": null, "growth": {}, "earningsEstimate": {"avg": 0.0, "low": 0.0, "high": 0.0, "yearAgoEps": {}, "numberOfAnalysts": 0, "growth": {}}, "revenueEstimate": {"avg": 0, "low": 0, "high": 0, "numberOfAnalysts": 0, "yearAgoRevenue": {}, "growth": {}}, "epsTrend": {"current": 0.0, "7daysAgo": 0.0, "30daysAgo": 0.0, "60daysAgo": 0.0, "90daysAgo": 0.0}, "epsRevisions": {"upLast7days": 0, "upLast30days": 0, "downLast30days": 0, "downLast90days": {}}}, {"maxAge": 1, "period": "+1y", "endDate": null, "growth": {}, "earningsEstimate": {"avg": 0.0, "low": 0.0, "high": 0.0, "yearAgoEps": {}, "numberOfAnalysts": 0, "growth": {}}, "revenueEstimate": {"avg": 0, "low": 0, "high": 0, "numberOfAnalysts": 0, "yearAgoRevenue": {}, "growth": {}}, "epsTrend": {"current": 0.0, "7daysAgo": 0.0, "30daysAgo": 0.0, "60daysAgo": 0.0, "90daysAgo": 0.0}, "epsRevisions": {"upLast7days": 0, "upLast30days": 0, "downLast30days": 0, "downLast90days": {}}}, {"maxAge": 1, "period": "+5y", "endDate": null, "growth": {}, "earningsEstimate": {"avg": {}, "low": {}, "high": {}, "yearAgoEps": {}, "numberOfAnalysts": {}, "growth": {}}, "revenueEstimate": {"avg": {}, "low": {}, "high": {}, "numberOfAnalysts": {}, "yearAgoRevenue": {}, "growth": {}}, "epsTrend": {"current": {}, "7daysAgo": {}, "30daysAgo": {}, "60daysAgo": {}, "90daysAgo": {}}, "epsRevisions": {"upLast7days": {}, "upLast30days": {}, "downLast30days": {}, "downLast90days": {}}}, {"maxAge": 1, "period": "-5y", "endDate": null, "growth": {}, "earningsEstimate": {"avg": {}, "low": {}, "high": {}, "yearAgoEps": {}, "numberOfAnalysts": {}, "growth": {}}, "revenueEstimate": {"avg": {}, "low": {}, "high": {}, "numberOfAnalysts": {}, "yearAgoRevenue": {}, "growth": {}}, "epsTrend": {"current": {}, "7daysAgo": {}, "30daysAgo": {}, "60daysAgo": {}, "90daysAgo": {}}, "epsRevisions": {"upLast7days": {}, "upLast30days": {}, "downLast30days": {}, "downLast90days": {}}}], "maxAge": 1}, "institutionOwnership": {"ownershipList": [], "maxAge": 1}, "majorHoldersBreakdown": {"maxAge": 1, "insidersPercentHeld": 0.81785005, "institutionsPercentHeld": 0.0, "institutionsFloatPercentHeld": 0.0, "institutionsCount": 0}, "balanceSheetHistoryQuarterly": {"balanceSheetStatements": [{"maxAge": 1, "endDate": "2007-03-31", "cash": 1172280000, "netReceivables": 5250390000, "inventory": 1175180000, "totalCurrentAssets": 7597850000, "longTermInvestments": 780710000, "propertyPlantEquipment": 4083900000, "otherAssets": 960000, "deferredLongTermAssetCharges": 960000, "totalAssets": 12463420000, "shortLongTermDebt": 6641100000, "longTermDebt": 5664910000, "otherLiab": 3172720000, "totalCurrentLiabilities": 935460000, "totalLiab": 9813820000, "commonStock": 500000000, "retainedEarnings": 2086450000, "treasuryStock": 43890000, "capitalSurplus": 19260000, "otherStockholderEquity": 43890000, "totalStockholderEquity": 2649600000, "netTangibleAssets": 2649600000}], "maxAge": 86400}, "earningsHistory": {"history": [{"maxAge": 1, "epsActual": {}, "epsEstimate": {}, "epsDifference": {}, "surprisePercent": {}, "quarter": {}, "period": "-4q"}, {"maxAge": 1, "epsActual": {}, "epsEstimate": {}, "epsDifference": {}, "surprisePercent": {}, "quarter": {}, "period": "-3q"}, {"maxAge": 1, "epsActual": {}, "epsEstimate": {}, "epsDifference": {}, "surprisePercent": {}, "quarter": {}, "period": "-2q"}, {"maxAge": 1, "epsActual": {}, "epsEstimate": {}, "epsDifference": {}, "surprisePercent": {}, "quarter": {}, "period": "-1q"}], "maxAge": 86400}, "summaryProfile": {"address1": "Door No.8-2-120/113", "address2": "B Block, First Floor Sanali Info Park Road No. 2, Banjara Hills", "city": "Hyderabad", "zip": "500033", "country": "India", "phone": "91 40 4040 9333", "fax": "91 40 4040 9444", "website": "http://www.ilfsengg.com", "industry": "Engineering & Construction", "sector": "Industrials", "longBusinessSummary": "IL&FS Engineering and Construction Company Limited engages in infrastructure development and construction, and project management businesses in India and internationally. It develops and constructs roads and bridges, railways, expressways, and highways; residential buildings, commercial buildings, industrial structures, and hospital buildings; irrigation canals and dams; and thermal and hydel power projects. The company also develops ports involving construction of berths, jetties, breakwaters, marine structures, and cargo handling facilities, as well as land for setting up port-based industries; and constructs terminal buildings, runways, aprons, parking bays, hangers, and other structures in the airport sector. In addition, it constructs rail and rail based systems; oil and gas pipelines and storage tank terminals; water and water treatment plants; power generation, transmission, and distribution projects; and industrial construction projects. The company was formerly known as Maytas Infra Limited and changed its name to IL&FS Engineering and Construction Company Limited in January 2011. IL&FS Engineering and Construction Company Limited was incorporated in 1988 and is based in Hyderabad, India.", "fullTimeEmployees": 406, "companyOfficers": [], "maxAge": 86400}, "netSharePurchaseActivity": {"maxAge": 1, "period": "6m", "buyInfoCount": 0, "buyInfoShares": 0, "sellInfoCount": 0, "netInfoCount": 0, "netInfoShares": 0, "netPercentInsiderShares": 0.0, "totalInsiderShares": 107710856}, "sectorTrend": {"maxAge": 1, "symbol": null, "estimates": []}, "incomeStatementHistoryQuarterly": {"incomeStatementHistory": [{"maxAge": 1, "endDate": "2007-03-31", "totalRevenue": 4949445972, "costOfRevenue": 4031780213, "grossProfit": 917665759, "researchDevelopment": {}, "sellingGeneralAdministrative": 100747065, "nonRecurring": {}, "otherOperatingExpenses": {}, "totalOperatingExpenses": 4305695580, "operatingIncome": 643750392, "totalOtherIncomeExpenseNet": -200580049, "ebit": 643750392, "interestExpense": -136287501, "incomeBeforeTax": 443170343, "incomeTaxExpense": 205009638, "minorityInterest": {}, "netIncomeFromContinuingOps": 238160705, "discontinuedOperations": {}, "extraordinaryItems": {}, "effectOfAccountingCharges": {}, "otherItems": {}, "netIncome": 238160705, "netIncomeApplicableToCommonShares": 238160705}], "maxAge": 86400}, "cashflowStatementHistoryQuarterly": {"cashflowStatements": [{"maxAge": 1, "endDate": "2007-03-31", "netIncome": 238160705, "depreciation": 173168302, "changeToNetincome": 375095163, "changeToAccountReceivables": -980317138, "changeToLiabilities": 0, "changeToInventory": -389656787, "changeToOperatingActivities": 1081989484, "totalCashFromOperatingActivities": 498439729, "capitalExpenditures": -1854258526, "investments": 323330727, "otherCashflowsFromInvestingActivities": 12268534, "totalCashflowsFromInvestingActivities": -1505669265, "dividendsPaid": -90000000, "netBorrowings": 1632097580, "otherCashflowsFromFinancingActivities": -104060568, "totalCashFromFinancingActivities": 1474437012, "changeInCash": 467207476}], "maxAge": 86400}, "earnings": {"maxAge": 86400, "earningsChart": {"quarterly": [], "earningsDate": []}, "financialsChart": {"yearly": [{"date": 2015, "revenue": 27827200000, "earnings": -109000000}, {"date": 2016, "revenue": 21315400000, "earnings": -3257500000}, {"date": 2017, "revenue": 19064000000, "earnings": -259600000}, {"date": 2018, "revenue": 18687600000, "earnings": 115400000}], "quarterly": [{"date": "1Q2007", "revenue": 4949445972, "earnings": 238160705}]}, "financialCurrency": "INR"}, "financialData": {"maxAge": 86400, "currentPrice": 3.55, "recommendationKey": "none", "totalCash": 2801299968, "totalCashPerShare": 21.27, "ebitda": -240475008, "totalDebt": 6552999936, "totalRevenue": 3562599936, "revenuePerShare": 27.156, "grossProfits": 5328900000, "revenueGrowth": -0.204, "grossMargins": 0.34065, "ebitdaMargins": -0.0675, "operatingMargins": -0.14644, "profitMargins": -0.32754, "financialCurrency": "INR"}}}