{"IMAGICAA.NS": {"assetProfile": {"address1": "Lotus Business Park", "address2": "9th Floor New Link Road Andheri (West)", "city": "Mumbai", "zip": "400053", "country": "India", "phone": "91 21 4068 0000", "fax": "91 22 4068 0088", "website": "http://www.imagicaaworld.com", "industry": "Entertainment", "sector": "Communication Services", "longBusinessSummary": "Imagicaaworld Entertainment Limited develops and operates theme-based entertainment destinations in India. It operates through Tickets, Food and Beverage, Merchandise, Rooms, and Other Operations segments. The company operates theme, water, and snow parks under the Imagicaa brand; and a hotel comprising 287 rooms under the Novotel Imagicaa brand. It also owns and operates a range of food and beverage outlets, restaurants, and candy stores under the Roberto's Food Court, The Imagica Capital, Red Bonnet American Diner, Arrmada, Sunbeatz Pizzeria & Bar, Red Bonnet Express, Ammos, Cones, and Sandy Sipss names; and stores that sell T-shirts, crop tops, formal shirts, sweatshirts, handbags, backpacks, and tote bags, as well as soft toys and pillows, sipper bottles, coffee mugs, and cocktail glasses. In addition, the company develops and leases real estate properties. The company was formerly known as Adlabs Entertainment Limited and changed its name to Imagicaaworld Entertainment Limited in April 2020. Imagicaaworld Entertainment Limited was incorporated in 2010 and is based in Mumbai, India.", "fullTimeEmployees": 787, "companyOfficers": [{"maxAge": 1, "name": "Mr. Dhimant  Bakshi", "age": 47, "title": "Joint Chief Exec. Officer", "yearBorn": 1973, "exercisedValue": 0, "unexercisedValue": 0}, {"maxAge": 1, "name": "Mr. Ashutosh  Kale", "age": 55, "title": "Joint Chief Exec. Officer", "yearBorn": 1965, "fiscalYear": 2020, "totalPay": 7054062, "exercisedValue": 0, "unexercisedValue": 0}, {"maxAge": 1, "name": "Mr. Mayuresh  Kore", "age": 42, "title": "Chief Financial Officer", "yearBorn": 1978, "exercisedValue": 0, "unexercisedValue": 0}, {"maxAge": 1, "name": "Ms. Divyata  Raval", "title": "Company Sec. & Compliance Officer", "exercisedValue": 0, "unexercisedValue": 0}, {"maxAge": 1, "name": "Mr. Manmohan Ramanna Shetty", "age": 72, "title": "Exec. Chairman", "yearBorn": 1948, "exercisedValue": 0, "unexercisedValue": 0}, {"maxAge": 1, "name": "Mr. Sitanshu  Satapaty", "age": 47, "title": "VP of Fin. & Accounts", "yearBorn": 1973, "exercisedValue": 0, "unexercisedValue": 0}, {"maxAge": 1, "name": "Mr. Aniruddh  Kalia", "age": 49, "title": "VP of Sales", "yearBorn": 1971, "exercisedValue": 0, "unexercisedValue": 0}, {"maxAge": 1, "name": "Mr. Manish  Miranda", "age": 42, "title": "Bus. Head and VP of Food & Beverages", "yearBorn": 1978, "exercisedValue": 0, "unexercisedValue": 0}], "compensationAsOfEpochDate": "2020-12-31 05:30:00", "maxAge": 86400}, "cashflowStatementHistory": {"cashflowStatements": [{"maxAge": 1, "endDate": "2020-03-31", "netIncome": -3974276000, "depreciation": 957126000, "changeToNetincome": 3267578000, "changeToAccountReceivables": 45656000, "changeToLiabilities": -49153000, "changeToInventory": 9697000, "changeToOperatingActivities": -92522000, "totalCashFromOperatingActivities": 218091000, "capitalExpenditures": -89861000, "otherCashflowsFromInvestingActivities": -3526000, "totalCashflowsFromInvestingActivities": -100887000, "otherCashflowsFromFinancingActivities": -114903000, "totalCashFromFinancingActivities": -114903000, "changeInCash": 2301000}, {"maxAge": 1, "endDate": "2019-03-31", "netIncome": -3477830000, "depreciation": 966253000, "changeToNetincome": 2984529000, "changeToAccountReceivables": -42853000, "changeToLiabilities": -3704000, "changeToInventory": -12494000, "changeToOperatingActivities": 17087000, "totalCashFromOperatingActivities": 482490000, "capitalExpenditures": -85343000, "otherCashflowsFromInvestingActivities": 356000, "totalCashflowsFromInvestingActivities": -84987000, "netBorrowings": -18947000, "otherCashflowsFromFinancingActivities": -388645000, "totalCashFromFinancingActivities": -407592000, "changeInCash": -10089000}, {"maxAge": 1, "endDate": "2018-03-31", "netIncome": -1562902000, "depreciation": 876738000, "changeToNetincome": 1249211000, "changeToAccountReceivables": -15370000, "changeToLiabilities": -30642000, "changeToInventory": -22178000, "changeToOperatingActivities": -165764000, "totalCashFromOperatingActivities": 378170000, "capitalExpenditures": -111681000, "otherCashflowsFromInvestingActivities": 404000, "totalCashflowsFromInvestingActivities": 39435000, "netBorrowings": 96291000, "otherCashflowsFromFinancingActivities": -1174646000, "totalCashFromFinancingActivities": -459730000, "changeInCash": -42208000, "issuanceOfStock": 618625000}, {"maxAge": 1, "endDate": "2017-03-31", "netIncome": -1182310000, "depreciation": 897457000, "changeToNetincome": 833234000, "changeToAccountReceivables": 2015000, "changeToLiabilities": 62030000, "changeToInventory": -16415000, "changeToOperatingActivities": 200036000, "totalCashFromOperatingActivities": 845407000, "capitalExpenditures": -443697000, "investments": 12870000, "otherCashflowsFromInvestingActivities": 546000, "totalCashflowsFromInvestingActivities": -429360000, "netBorrowings": 568975000, "otherCashflowsFromFinancingActivities": -1098497000, "totalCashFromFinancingActivities": -529522000, "changeInCash": -113475000, "issuanceOfStock": 618625000}], "maxAge": 86400}, "institutionOwnership": {"ownershipList": [], "maxAge": 1}, "majorHoldersBreakdown": {"maxAge": 1, "insidersPercentHeld": 0.52217, "institutionsPercentHeld": 0.05965, "institutionsFloatPercentHeld": 0.12484, "institutionsCount": 1}, "balanceSheetHistoryQuarterly": {"balanceSheetStatements": [{"maxAge": 1, "endDate": "2020-12-31", "cash": 32027000, "netReceivables": 40731000, "inventory": 844000000, "otherCurrentAssets": 255578000, "totalCurrentAssets": 1172336000, "longTermInvestments": 4367000, "propertyPlantEquipment": 8299145000, "intangibleAssets": 108578000, "otherAssets": 20148000, "totalAssets": 9604574000, "accountsPayable": 388414000, "otherCurrentLiab": 4059936000, "otherLiab": 10960000, "totalCurrentLiabilities": 15226920000, "totalLiab": 15237880000, "commonStock": 880621000, "treasuryStock": -6513927000, "otherStockholderEquity": -6513927000, "totalStockholderEquity": -5633306000, "netTangibleAssets": -5741884000}, {"maxAge": 1, "endDate": "2020-09-30", "cash": 17986000, "netReceivables": 43491000, "inventory": 839357000, "otherCurrentAssets": 154879000, "totalCurrentAssets": 1055713000, "longTermInvestments": 666000, "propertyPlantEquipment": 8536396000, "intangibleAssets": 121949000, "otherAssets": 20337000, "totalAssets": 9735061000, "accountsPayable": 313796000, "otherCurrentLiab": 3617011000, "otherLiab": 11408000, "totalCurrentLiabilities": 14698869000, "totalLiab": 14710277000, "commonStock": 880621000, "treasuryStock": -5855837000, "otherStockholderEquity": -5855837000, "totalStockholderEquity": -4975216000, "netTangibleAssets": -5097165000}, {"maxAge": 1, "endDate": "2020-06-30", "cash": 9966000, "netReceivables": 53900000, "inventory": 837828000, "otherCurrentAssets": 160164000, "totalCurrentAssets": 1061858000, "longTermInvestments": 7576000, "propertyPlantEquipment": 8774913000, "intangibleAssets": 135584000, "otherAssets": 20584000, "totalAssets": 10000515000, "accountsPayable": 325347000, "otherCurrentLiab": 3190185000, "otherLiab": 14227000, "totalCurrentLiabilities": 14282195000, "totalLiab": 14296422000, "commonStock": 880621000, "treasuryStock": -5176528000, "otherStockholderEquity": -5176528000, "totalStockholderEquity": -4295907000, "netTangibleAssets": -4431491000}, {"maxAge": 1, "endDate": "2020-03-31", "cash": 21268000, "netReceivables": 68522000, "inventory": 837999000, "otherCurrentAssets": 163386000, "totalCurrentAssets": 1098532000, "propertyPlantEquipment": 9011707000, "goodWill": 12640000, "intangibleAssets": 136433000, "otherAssets": 27053000, "totalAssets": 10286365000, "accountsPayable": 224781000, "otherCurrentLiab": 215112000, "otherLiab": 14793000, "totalCurrentLiabilities": 13784091000, "totalLiab": 13798884000, "commonStock": 880621000, "retainedEarnings": -12847915000, "treasuryStock": 29731000, "capitalSurplus": 8425044000, "otherStockholderEquity": 29731000, "totalStockholderEquity": -3512519000, "netTangibleAssets": -3661592000}], "maxAge": 86400}, "indexTrend": {"maxAge": 1, "symbol": "SP5", "peRatio": 19.7411, "pegRatio": 1.34172, "estimates": [{"period": "0q", "growth": 0.549}, {"period": "+1q", "growth": 0.431}, {"period": "0y", "growth": 0.305}, {"period": "+1y", "growth": 0.109}, {"period": "+5y", "growth": 0.120865}, {"period": "-5y"}]}, "defaultKeyStatistics": {"maxAge": 1, "priceHint": 2, "enterpriseValue": 11253595136, "profitMargins": 0.0, "floatShares": 33715272, "sharesOutstanding": 88062096, "heldPercentInsiders": 0.52217, "heldPercentInstitutions": 0.05965, "beta": 1.65555, "category": null, "bookValue": -64.0, "fundFamily": null, "legalType": null, "lastFiscalYearEnd": "2020-03-31 05:30:00", "nextFiscalYearEnd": "2022-03-31 05:30:00", "mostRecentQuarter": "2020-12-31 05:30:00", "netIncomeToCommon": -4538062848, "trailingEps": -51.529, "lastSplitFactor": null, "enterpriseToRevenue": 26.118, "enterpriseToEbitda": -32.205}, "summaryProfile": {"address1": "Lotus Business Park", "address2": "9th Floor New Link Road Andheri (West)", "city": "Mumbai", "zip": "400053", "country": "India", "phone": "91 21 4068 0000", "fax": "91 22 4068 0088", "website": "http://www.imagicaaworld.com", "industry": "Entertainment", "sector": "Communication Services", "longBusinessSummary": "Imagicaaworld Entertainment Limited develops and operates theme-based entertainment destinations in India. It operates through Tickets, Food and Beverage, Merchandise, Rooms, and Other Operations segments. The company operates theme, water, and snow parks under the Imagicaa brand; and a hotel comprising 287 rooms under the Novotel Imagicaa brand. It also owns and operates a range of food and beverage outlets, restaurants, and candy stores under the Roberto's Food Court, The Imagica Capital, Red Bonnet American Diner, Arrmada, Sunbeatz Pizzeria & Bar, Red Bonnet Express, Ammos, Cones, and Sandy Sipss names; and stores that sell T-shirts, crop tops, formal shirts, sweatshirts, handbags, backpacks, and tote bags, as well as soft toys and pillows, sipper bottles, coffee mugs, and cocktail glasses. In addition, the company develops and leases real estate properties. The company was formerly known as Adlabs Entertainment Limited and changed its name to Imagicaaworld Entertainment Limited in April 2020. Imagicaaworld Entertainment Limited was incorporated in 2010 and is based in Mumbai, India.", "fullTimeEmployees": 787, "companyOfficers": [], "maxAge": 86400}, "netSharePurchaseActivity": {"maxAge": 1, "period": "6m", "buyInfoCount": 0, "buyInfoShares": 0, "sellInfoCount": 0, "netInfoCount": 0, "netInfoShares": 0, "netPercentInsiderShares": 0.0, "totalInsiderShares": 45961528}, "insiderTransactions": {"transactions": [{"maxAge": 1, "shares": 844000, "filerUrl": "", "transactionText": "", "filerName": "Shetty (Manmohan)", "filerRelation": "Chairman of the Board", "moneyText": "", "startDate": "2018-03-26", "ownership": "D"}, {"maxAge": 1, "shares": 850000, "filerUrl": "", "transactionText": "", "filerName": "Thrill Park, Ltd.", "filerRelation": "Promoter", "moneyText": "", "startDate": "2018-03-26", "ownership": "D"}, {"maxAge": 1, "shares": 1425000, "filerUrl": "", "transactionText": "", "filerName": "Thrill Park, Ltd.", "filerRelation": "Promoter", "moneyText": "", "startDate": "2017-02-23", "ownership": "D"}, {"maxAge": 1, "shares": 12000, "filerUrl": "", "transactionText": "", "filerName": "Shetty (Manmohan)", "filerRelation": "Chairman of the Board", "moneyText": "", "startDate": "2016-04-21", "ownership": "D"}, {"maxAge": 1, "shares": 12000, "filerUrl": "", "transactionText": "", "filerName": "Shetty (Manmohan)", "filerRelation": "Chairman of the Board", "moneyText": "", "startDate": "2016-04-06", "ownership": "D"}, {"maxAge": 1, "shares": 12000, "filerUrl": "", "transactionText": "", "filerName": "Shetty (Manmohan)", "filerRelation": "Chairman of the Board", "moneyText": "", "startDate": "2016-03-22", "ownership": "D"}, {"maxAge": 1, "shares": 12000, "filerUrl": "", "transactionText": "", "filerName": "Shetty (Manmohan)", "filerRelation": "Chairman of the Board", "moneyText": "", "startDate": "2016-03-16", "ownership": "D"}, {"maxAge": 1, "shares": 12000, "filerUrl": "", "transactionText": "", "filerName": "Shetty (Manmohan)", "filerRelation": "Chairman of the Board", "moneyText": "", "startDate": "2016-03-11", "ownership": "D"}, {"maxAge": 1, "shares": 12000, "filerUrl": "", "transactionText": "", "filerName": "Shetty (Manmohan)", "filerRelation": "Chairman of the Board", "moneyText": "", "startDate": "2016-03-08", "ownership": "D"}, {"maxAge": 1, "shares": 15000, "filerUrl": "", "transactionText": "", "filerName": "Shetty (Manmohan)", "filerRelation": "Chairman of the Board", "moneyText": "", "startDate": "2016-03-01", "ownership": "D"}, {"maxAge": 1, "shares": 17696, "filerUrl": "", "transactionText": "", "filerName": "Shetty (Manmohan)", "filerRelation": "Chairman of the Board", "moneyText": "", "startDate": "2016-02-25", "ownership": "D"}, {"maxAge": 1, "shares": 18304, "filerUrl": "", "transactionText": "", "filerName": "Shetty (Manmohan)", "filerRelation": "Chairman of the Board", "moneyText": "", "startDate": "2016-02-22", "ownership": "D"}], "maxAge": 1}, "quoteType": {"exchange": "NSI", "quoteType": "EQUITY", "symbol": "IMAGICAA.NS", "underlyingSymbol": "IMAGICAA.NS", "shortName": "IMAGICAAWORLD ENT LTD", "longName": "Imagicaaworld Entertainment Limited", "firstTradeDateEpochUtc": "2015-04-06 09:15:00", "timeZoneFullName": "Asia/Kolkata", "timeZoneShortName": "IST", "uuid": "bd4ce3a7-1398-3734-9b5d-6a3053524832", "gmtOffSetMilliseconds": 19800000, "maxAge": 1}, "incomeStatementHistory": {"incomeStatementHistory": [{"maxAge": 1, "endDate": "2020-03-31", "totalRevenue": 2000558000, "costOfRevenue": 654382000, "grossProfit": 1346176000, "researchDevelopment": {}, "sellingGeneralAdministrative": 538736000, "nonRecurring": {}, "otherOperatingExpenses": 616816000, "totalOperatingExpenses": 2821045000, "operatingIncome": -820487000, "totalOtherIncomeExpenseNet": -3153789000, "ebit": -820487000, "interestExpense": -1505429000, "incomeBeforeTax": -3974276000, "incomeTaxExpense": 0, "minorityInterest": {}, "netIncomeFromContinuingOps": -3974276000, "discontinuedOperations": {}, "extraordinaryItems": {}, "effectOfAccountingCharges": {}, "otherItems": {}, "netIncome": -3974276000, "netIncomeApplicableToCommonShares": -3974276000}, {"maxAge": 1, "endDate": "2019-03-31", "totalRevenue": 2403788000, "costOfRevenue": 360748000, "grossProfit": 2043040000, "researchDevelopment": {}, "sellingGeneralAdministrative": 558555000, "nonRecurring": {}, "otherOperatingExpenses": 1014698000, "totalOperatingExpenses": 2952059000, "operatingIncome": -548271000, "totalOtherIncomeExpenseNet": -1275504000, "ebit": -548271000, "interestExpense": -1309943000, "incomeBeforeTax": -1823775000, "incomeTaxExpense": 1654055000, "minorityInterest": {}, "netIncomeFromContinuingOps": -3477830000, "discontinuedOperations": {}, "extraordinaryItems": {}, "effectOfAccountingCharges": {}, "otherItems": {}, "netIncome": -3477830000, "netIncomeApplicableToCommonShares": -3477830000}, {"maxAge": 1, "endDate": "2018-03-31", "totalRevenue": 2362877000, "costOfRevenue": 350783000, "grossProfit": 2012094000, "researchDevelopment": {}, "sellingGeneralAdministrative": 505731000, "nonRecurring": {}, "otherOperatingExpenses": 881192000, "totalOperatingExpenses": 2663522000, "operatingIncome": -300645000, "totalOtherIncomeExpenseNet": -1262257000, "ebit": -300645000, "interestExpense": -1250184000, "incomeBeforeTax": -1562902000, "incomeTaxExpense": 0, "minorityInterest": {}, "netIncomeFromContinuingOps": -1562902000, "discontinuedOperations": {}, "extraordinaryItems": {}, "effectOfAccountingCharges": {}, "otherItems": {}, "netIncome": -1562902000, "netIncomeApplicableToCommonShares": -1562902000}, {"maxAge": 1, "endDate": "2017-03-31", "totalRevenue": 2390772000, "costOfRevenue": 347121000, "grossProfit": 2043651000, "researchDevelopment": {}, "sellingGeneralAdministrative": 578858000, "nonRecurring": {}, "otherOperatingExpenses": 856928000, "totalOperatingExpenses": 2729724000, "operatingIncome": -338952000, "totalOtherIncomeExpenseNet": -1202036000, "ebit": -338952000, "interestExpense": -1199939000, "incomeBeforeTax": -1540988000, "incomeTaxExpense": -358678000, "minorityInterest": {}, "netIncomeFromContinuingOps": -1182310000, "discontinuedOperations": {}, "extraordinaryItems": {}, "effectOfAccountingCharges": {}, "otherItems": {}, "netIncome": -1182310000, "netIncomeApplicableToCommonShares": -1182310000}], "maxAge": 86400}, "fundOwnership": {"ownershipList": [], "maxAge": 1}, "summaryDetail": {"maxAge": 1, "priceHint": 2, "previousClose": 5.85, "open": 5.95, "dayLow": 5.65, "dayHigh": 5.95, "regularMarketPreviousClose": 5.85, "regularMarketOpen": 5.95, "regularMarketDayLow": 5.65, "regularMarketDayHigh": 5.95, "payoutRatio": 0.0, "beta": 1.65555, "volume": 99206, "regularMarketVolume": 99206, "averageVolume": 209331, "averageVolume10days": 55819, "averageDailyVolume10Day": 55819, "bid": 0.0, "ask": 0.0, "marketCap": 509887296, "fiftyTwoWeekLow": 2.7, "fiftyTwoWeekHigh": 8.7, "priceToSalesTrailing12Months": 1.1833929, "fiftyDayAverage": 6.9075756, "twoHundredDayAverage": 5.4228573, "currency": "INR", "fromCurrency": null, "lastMarket": null, "algorithm": null, "tradeable": false}, "incomeStatementHistoryQuarterly": {"incomeStatementHistory": [{"maxAge": 1, "endDate": "2020-12-31", "totalRevenue": 51165000, "costOfRevenue": 8036000, "grossProfit": 43129000, "researchDevelopment": {}, "sellingGeneralAdministrative": 61672000, "nonRecurring": {}, "otherOperatingExpenses": -28301000, "totalOperatingExpenses": 294210000, "operatingIncome": -243045000, "totalOtherIncomeExpenseNet": -417987000, "ebit": -243045000, "interestExpense": -420649000, "incomeBeforeTax": -661032000, "incomeTaxExpense": 0, "minorityInterest": {}, "netIncomeFromContinuingOps": -661032000, "discontinuedOperations": {}, "extraordinaryItems": {}, "effectOfAccountingCharges": {}, "otherItems": {}, "netIncome": -661032000, "netIncomeApplicableToCommonShares": -661032000}, {"maxAge": 1, "endDate": "2020-09-30", "totalRevenue": 22274000, "costOfRevenue": 1452000, "grossProfit": 20822000, "researchDevelopment": {}, "sellingGeneralAdministrative": 40023000, "nonRecurring": {}, "otherOperatingExpenses": 40236000, "totalOperatingExpenses": 334615000, "operatingIncome": -312341000, "totalOtherIncomeExpenseNet": -367577000, "ebit": -312341000, "interestExpense": -368822000, "incomeBeforeTax": -679918000, "incomeTaxExpense": 0, "minorityInterest": {}, "netIncomeFromContinuingOps": -679918000, "discontinuedOperations": {}, "extraordinaryItems": {}, "effectOfAccountingCharges": {}, "otherItems": {}, "netIncome": -679918000, "netIncomeApplicableToCommonShares": -679918000}, {"maxAge": 1, "endDate": "2020-06-30", "totalRevenue": 944000, "costOfRevenue": 54000, "grossProfit": 890000, "researchDevelopment": {}, "sellingGeneralAdministrative": 90559000, "nonRecurring": {}, "otherOperatingExpenses": 37250000, "totalOperatingExpenses": 378149000, "operatingIncome": -377205000, "totalOtherIncomeExpenseNet": -410442000, "ebit": -377205000, "interestExpense": -410723000, "incomeBeforeTax": -787647000, "incomeTaxExpense": 0, "minorityInterest": {}, "netIncomeFromContinuingOps": -787647000, "discontinuedOperations": {}, "extraordinaryItems": {}, "effectOfAccountingCharges": {}, "otherItems": {}, "netIncome": -787647000, "netIncomeApplicableToCommonShares": -787647000}, {"maxAge": 1, "endDate": "2020-03-31", "totalRevenue": 356486000, "costOfRevenue": 476775000, "grossProfit": -120289000, "researchDevelopment": {}, "sellingGeneralAdministrative": 138436000, "nonRecurring": {}, "otherOperatingExpenses": -141023000, "totalOperatingExpenses": 723616000, "operatingIncome": -367130000, "totalOtherIncomeExpenseNet": -2042336000, "ebit": -367130000, "interestExpense": -388032000, "incomeBeforeTax": -2409466000, "incomeTaxExpense": 0, "minorityInterest": {}, "netIncomeFromContinuingOps": -2409466000, "discontinuedOperations": {}, "extraordinaryItems": {}, "effectOfAccountingCharges": {}, "otherItems": {}, "netIncome": -2409466000, "netIncomeApplicableToCommonShares": -2409466000}], "maxAge": 86400}, "cashflowStatementHistoryQuarterly": {"cashflowStatements": [{"maxAge": 1, "endDate": "2020-12-31", "netIncome": -661032000, "changeToLiabilities": 0}, {"maxAge": 1, "endDate": "2020-09-30", "netIncome": -679918000, "changeToLiabilities": 0}, {"maxAge": 1, "endDate": "2020-06-30", "netIncome": -787647000, "changeToLiabilities": 0}, {"maxAge": 1, "endDate": "2020-03-31", "netIncome": -2409466000, "changeToLiabilities": 0}], "maxAge": 86400}, "insiderHolders": {"holders": [{"maxAge": 1, "name": "Shetty (Manmohan)", "relation": "Chairman of the Board", "url": "", "transactionDescription": "Sale", "latestTransDate": "2018-03-26", "positionDirect": 2121152, "positionDirectDate": "2018-03-26"}, {"maxAge": 1, "name": "Thrill Park, Ltd.", "relation": "Promoter", "url": "", "transactionDescription": "Purchase", "latestTransDate": "2018-03-26", "positionDirect": 42000087, "positionDirectDate": "2018-03-26"}], "maxAge": 1}, "calendarEvents": {"maxAge": 1, "earnings": {"earningsDate": []}}, "upgradeDowngradeHistory": {"history": [], "maxAge": 86400}, "price": {"maxAge": 1, "regularMarketChangePercent": -0.00854696, "regularMarketChange": -0.049999714, "regularMarketTime": "2021-04-30 15:28:57", "priceHint": 2, "regularMarketPrice": 5.8, "regularMarketDayHigh": 5.95, "regularMarketDayLow": 5.65, "regularMarketVolume": 99206, "averageDailyVolume10Day": 55819, "averageDailyVolume3Month": 209331, "regularMarketPreviousClose": 5.85, "regularMarketSource": "FREE_REALTIME", "regularMarketOpen": 5.95, "exchange": "NSI", "exchangeName": "NSE", "exchangeDataDelayedBy": 15, "marketState": "CLOSED", "quoteType": "EQUITY", "symbol": "IMAGICAA.NS", "underlyingSymbol": null, "shortName": "IMAGICAAWORLD ENT LTD", "longName": "Imagicaaworld Entertainment Limited", "currency": "INR", "quoteSourceName": "Delayed Quote", "currencySymbol": "\u20b9", "fromCurrency": null, "lastMarket": null, "marketCap": 509887296}, "balanceSheetHistory": {"balanceSheetStatements": [{"maxAge": 1, "endDate": "2020-03-31", "cash": 21268000, "netReceivables": 68522000, "inventory": 837999000, "otherCurrentAssets": 163386000, "totalCurrentAssets": 1098532000, "propertyPlantEquipment": 9011707000, "goodWill": 12640000, "intangibleAssets": 136433000, "otherAssets": 27053000, "totalAssets": 10286365000, "accountsPayable": 224781000, "otherCurrentLiab": 215112000, "otherLiab": 14793000, "totalCurrentLiabilities": 13784091000, "totalLiab": 13798884000, "commonStock": 880621000, "retainedEarnings": -12847915000, "treasuryStock": 29731000, "capitalSurplus": 8425044000, "otherStockholderEquity": 29731000, "totalStockholderEquity": -3512519000, "netTangibleAssets": -3661592000}, {"maxAge": 1, "endDate": "2019-03-31", "cash": 18966000, "netReceivables": 139778000, "inventory": 1163362000, "otherCurrentAssets": 142130000, "totalCurrentAssets": 1480030000, "propertyPlantEquipment": 11299949000, "goodWill": 12640000, "intangibleAssets": 185347000, "otherAssets": 44580000, "totalAssets": 13022546000, "accountsPayable": 273941000, "otherCurrentLiab": 266848000, "otherLiab": 18239000, "totalCurrentLiabilities": 12539250000, "totalLiab": 12557489000, "commonStock": 880621000, "retainedEarnings": -8873639000, "treasuryStock": 33031000, "capitalSurplus": 8425044000, "otherStockholderEquity": 33031000, "totalStockholderEquity": 465057000, "netTangibleAssets": 267070000}, {"maxAge": 1, "endDate": "2018-03-31", "cash": 29055000, "netReceivables": 88992000, "inventory": 1150867000, "otherCurrentAssets": 203857000, "totalCurrentAssets": 1486947000, "propertyPlantEquipment": 12193349000, "goodWill": 12640000, "intangibleAssets": 224352000, "otherAssets": 1769892000, "deferredLongTermAssetCharges": 1654055000, "totalAssets": 15687180000, "accountsPayable": 277632000, "shortLongTermDebt": 995695000, "otherCurrentLiab": 376409000, "longTermDebt": 8911499000, "otherLiab": 13865000, "totalCurrentLiabilities": 2819303000, "totalLiab": 11744667000, "commonStock": 880621000, "retainedEarnings": -5395809000, "treasuryStock": 32657000, "capitalSurplus": 8425044000, "otherStockholderEquity": 32657000, "totalStockholderEquity": 3942513000, "netTangibleAssets": 3705521000}, {"maxAge": 1, "endDate": "2017-03-31", "cash": 71186000, "netReceivables": 64803000, "inventory": 1128686000, "otherCurrentAssets": 34447000, "totalCurrentAssets": 1324885000, "propertyPlantEquipment": 12995818000, "goodWill": 12515000, "intangibleAssets": 273485000, "otherAssets": 1759699000, "deferredLongTermAssetCharges": 1654055000, "totalAssets": 16366402000, "accountsPayable": 308132000, "shortLongTermDebt": 166546000, "otherCurrentLiab": 236368000, "longTermDebt": 9868190000, "otherLiab": 32405000, "totalCurrentLiabilities": 1605938000, "totalLiab": 11506533000, "commonStock": 798978000, "retainedEarnings": -3827171000, "capitalSurplus": 7888062000, "totalStockholderEquity": 4859869000, "netTangibleAssets": 4573869000}], "maxAge": 86400}, "financialData": {"maxAge": 86400, "currentPrice": 5.8, "recommendationKey": "none", "totalCash": 32027000, "totalCashPerShare": 0.364, "ebitda": -349440256, "totalDebt": 10775104512, "quickRatio": 0.005, "currentRatio": 0.077, "totalRevenue": 430868992, "revenuePerShare": 4.892, "returnOnAssets": -0.07383, "grossProfits": 1346176000, "revenueGrowth": -0.907, "grossMargins": -0.12869, "ebitdaMargins": -0.81101, "operatingMargins": -3.01651, "profitMargins": 0.0, "financialCurrency": "INR"}}}