{"IMCAP.BO": {"cashflowStatementHistory": {"cashflowStatements": [{"maxAge": 1, "endDate": "2020-03-31", "netIncome": 10804027, "depreciation": 711785, "changeToNetincome": -31022374, "changeToAccountReceivables": -2647400, "changeToLiabilities": 1839101, "changeToOperatingActivities": 78867097, "totalCashFromOperatingActivities": 58552236, "investments": -228233894, "otherCashflowsFromInvestingActivities": 65555990, "totalCashflowsFromInvestingActivities": -100386066, "netBorrowings": 79819340, "otherCashflowsFromFinancingActivities": -19894380, "totalCashFromFinancingActivities": 59924960, "changeInCash": 18091129}, {"maxAge": 1, "endDate": "2019-03-31", "netIncome": 15668024, "depreciation": 494165, "changeToNetincome": -34779235, "changeToAccountReceivables": 2158556, "changeToLiabilities": 1997703, "changeToOperatingActivities": -26015935, "totalCashFromOperatingActivities": -40476722, "investments": -228233894, "otherCashflowsFromInvestingActivities": 61245789, "totalCashflowsFromInvestingActivities": 159360751, "netBorrowings": -97626388, "otherCashflowsFromFinancingActivities": -20813657, "totalCashFromFinancingActivities": -118440045, "changeInCash": 443986}, {"maxAge": 1, "endDate": "2018-03-31", "netIncome": 7185374, "depreciation": 688620, "changeToNetincome": -24535704, "changeToAccountReceivables": -6620644, "changeToLiabilities": -5412737, "changeToOperatingActivities": -1849026, "totalCashFromOperatingActivities": -30544117, "investments": 16117409, "otherCashflowsFromInvestingActivities": 42792371, "totalCashflowsFromInvestingActivities": 131349138, "netBorrowings": -58106161, "otherCashflowsFromFinancingActivities": -39952965, "totalCashFromFinancingActivities": -98059126, "changeInCash": 2745895}, {"maxAge": 1, "endDate": "2017-03-31", "netIncome": 8627606, "depreciation": 1041184, "changeToNetincome": -32247068, "changeToAccountReceivables": -6620644, "changeToLiabilities": -162554, "changeToOperatingActivities": -2008410, "totalCashFromOperatingActivities": -24749242, "capitalExpenditures": -145150916, "investments": 18766866, "otherCashflowsFromInvestingActivities": 77158410, "totalCashflowsFromInvestingActivities": -49225640, "netBorrowings": -4889830, "otherCashflowsFromFinancingActivities": -27389780, "totalCashFromFinancingActivities": -32279610, "changeInCash": -106254492}], "maxAge": 86400}, "institutionOwnership": {"maxAge": 1, "ownershipList": []}, "balanceSheetHistoryQuarterly": {"balanceSheetStatements": [{"maxAge": 1, "endDate": "2020-06-30", "totalStockholderEquity": 609329166, "netTangibleAssets": 609329166}, {"maxAge": 1, "endDate": "2020-03-31", "cash": 26415207, "shortTermInvestments": 24559167, "netReceivables": 309812020, "otherCurrentAssets": 2192595, "totalCurrentAssets": 371431077, "propertyPlantEquipment": 5179703, "otherAssets": 393999468, "deferredLongTermAssetCharges": 3596941, "totalAssets": 770610248, "accountsPayable": 5260425, "shortLongTermDebt": 37855666, "otherCurrentLiab": 77866537, "otherLiab": 6700876, "totalCurrentLiabilities": 151667043, "totalLiab": 161281082, "commonStock": 35015970, "retainedEarnings": 539295567, "treasuryStock": 5275252, "capitalSurplus": 29742377, "otherStockholderEquity": 5275252, "totalStockholderEquity": 609329166, "netTangibleAssets": 609329166}, {"maxAge": 1, "endDate": "2019-12-31", "totalStockholderEquity": 609459000, "netTangibleAssets": 609459000}, {"maxAge": 1, "endDate": "2019-09-30", "cash": 2315000, "shortTermInvestments": 77979000, "netReceivables": 491757000, "otherCurrentAssets": 305000, "totalCurrentAssets": 572356000, "longTermInvestments": 6575000, "propertyPlantEquipment": 1049000, "otherAssets": 188740000, "totalAssets": 768720000, "accountsPayable": 4113000, "shortLongTermDebt": 117187000, "otherCurrentLiab": 33126000, "otherLiab": 2761000, "totalCurrentLiabilities": 156500000, "totalLiab": 159261000, "commonStock": 35016000, "treasuryStock": 574443000, "otherStockholderEquity": 574443000, "totalStockholderEquity": 609459000, "netTangibleAssets": 609459000}], "maxAge": 86400}, "indexTrend": {"maxAge": 1, "symbol": "SP5", "peRatio": 19.7411, "pegRatio": 1.34172, "estimates": [{"period": "0q", "growth": 0.549}, {"period": "+1q", "growth": 0.431}, {"period": "0y", "growth": 0.305}, {"period": "+1y", "growth": 0.109}, {"period": "+5y", "growth": 0.120859005}, {"period": "-5y"}]}, "insiderTransactions": {"transactions": [{"maxAge": 1, "shares": 200000, "value": 68260, "filerUrl": "", "transactionText": "Sale at price 0.34 per share.", "filerName": "Misra (Pradeep)", "filerRelation": "Chairman of the Board", "moneyText": "", "startDate": "2020-10-14", "ownership": "D"}], "maxAge": 1}, "quoteType": {"exchange": "BSE", "quoteType": "EQUITY", "symbol": "IMCAP.BO", "underlyingSymbol": "IMCAP.BO", "shortName": "IM+ CAPITALS LIMITED", "longName": "IM+ Capitals Limited", "firstTradeDateEpochUtc": "2002-01-08 09:15:00", "timeZoneFullName": "Asia/Kolkata", "timeZoneShortName": "IST", "uuid": "e60ea8e1-d9f1-32eb-a098-979402976970", "messageBoardId": null, "gmtOffSetMilliseconds": 19800000, "maxAge": 1}, "incomeStatementHistory": {"incomeStatementHistory": [{"maxAge": 1, "endDate": "2020-03-31", "totalRevenue": 61498352, "costOfRevenue": 11845395, "grossProfit": 49652957, "researchDevelopment": {}, "sellingGeneralAdministrative": 3903585, "nonRecurring": {}, "otherOperatingExpenses": 19488905, "totalOperatingExpenses": 35949670, "operatingIncome": 25548682, "totalOtherIncomeExpenseNet": -10383556, "ebit": 25548682, "interestExpense": -7162439, "incomeBeforeTax": 15165126, "incomeTaxExpense": 4361099, "minorityInterest": {}, "netIncomeFromContinuingOps": 10804027, "discontinuedOperations": {}, "extraordinaryItems": {}, "effectOfAccountingCharges": {}, "otherItems": {}, "netIncome": 10804027, "netIncomeApplicableToCommonShares": 10804027}, {"maxAge": 1, "endDate": "2019-03-31", "totalRevenue": 68286550, "costOfRevenue": 10967502, "grossProfit": 57319048, "researchDevelopment": {}, "sellingGeneralAdministrative": 2649230, "nonRecurring": {}, "otherOperatingExpenses": 12162683, "totalOperatingExpenses": 26273580, "operatingIncome": 42012970, "totalOtherIncomeExpenseNet": -19961862, "ebit": 42012970, "interestExpense": -20469178, "incomeBeforeTax": 22051108, "incomeTaxExpense": 6383084, "minorityInterest": {}, "netIncomeFromContinuingOps": 15668024, "discontinuedOperations": {}, "extraordinaryItems": {}, "effectOfAccountingCharges": {}, "otherItems": {}, "netIncome": 15668024, "netIncomeApplicableToCommonShares": 15668024}, {"maxAge": 1, "endDate": "2018-03-31", "totalRevenue": 81461155, "costOfRevenue": 21344853, "grossProfit": 60116302, "researchDevelopment": {}, "sellingGeneralAdministrative": 2721374, "nonRecurring": {}, "otherOperatingExpenses": 13688344, "totalOperatingExpenses": 38443191, "operatingIncome": 43017964, "totalOtherIncomeExpenseNet": -30001145, "ebit": 43017964, "interestExpense": -36988482, "incomeBeforeTax": 13016819, "incomeTaxExpense": 5831445, "minorityInterest": {}, "netIncomeFromContinuingOps": 7185374, "discontinuedOperations": {}, "extraordinaryItems": {}, "effectOfAccountingCharges": {}, "otherItems": {}, "netIncome": 7185374, "netIncomeApplicableToCommonShares": 7185374}, {"maxAge": 1, "endDate": "2017-03-31", "totalRevenue": 100244256, "costOfRevenue": 24041103, "grossProfit": 76203153, "researchDevelopment": {}, "sellingGeneralAdministrative": 9633664, "nonRecurring": {}, "otherOperatingExpenses": 23083183, "totalOperatingExpenses": 57799134, "operatingIncome": 42445122, "totalOtherIncomeExpenseNet": -29481672, "ebit": 42445122, "interestExpense": -42753495, "incomeBeforeTax": 12963450, "incomeTaxExpense": 4335844, "minorityInterest": {}, "netIncomeFromContinuingOps": 8627606, "discontinuedOperations": {}, "extraordinaryItems": {}, "effectOfAccountingCharges": {}, "otherItems": {}, "netIncome": 8627606, "netIncomeApplicableToCommonShares": 8627606}], "maxAge": 86400}, "fundOwnership": {"maxAge": 1, "ownershipList": []}, "summaryDetail": {"maxAge": 1, "priceHint": 2, "previousClose": 45.0, "open": 46.75, "dayLow": 46.75, "dayHigh": 46.75, "regularMarketPreviousClose": 45.0, "regularMarketOpen": 46.75, "regularMarketDayLow": 46.75, "regularMarketDayHigh": 46.75, "trailingPE": 11.752137, "volume": 8, "regularMarketVolume": 8, "averageVolume": 844, "averageVolume10days": 526, "averageDailyVolume10Day": 526, "bid": 43.2, "ask": 46.75, "bidSize": 0, "askSize": 0, "marketCap": 163699808, "fiftyTwoWeekLow": 17.0, "fiftyTwoWeekHigh": 60.7, "fiftyDayAverage": 50.09857, "twoHundredDayAverage": 45.477737, "currency": "INR", "fromCurrency": null, "toCurrency": null, "lastMarket": null, "algorithm": null, "tradeable": false}, "incomeStatementHistoryQuarterly": {"incomeStatementHistory": [{"maxAge": 1, "endDate": "2020-06-30", "totalRevenue": 15287000, "costOfRevenue": 1258000, "grossProfit": 14029000, "researchDevelopment": {}, "sellingGeneralAdministrative": {}, "nonRecurring": {}, "otherOperatingExpenses": 2500000, "totalOperatingExpenses": 4076000, "operatingIncome": 11211000, "totalOtherIncomeExpenseNet": -706000, "ebit": 11211000, "interestExpense": -707000, "incomeBeforeTax": 10505000, "incomeTaxExpense": 2508000, "minorityInterest": {}, "netIncomeFromContinuingOps": 7997000, "discontinuedOperations": {}, "extraordinaryItems": {}, "effectOfAccountingCharges": {}, "otherItems": {}, "netIncome": 7997000, "netIncomeApplicableToCommonShares": 7997000}, {"maxAge": 1, "endDate": "2020-03-31", "totalRevenue": 9714352, "costOfRevenue": 4620395, "grossProfit": 5093957, "researchDevelopment": {}, "sellingGeneralAdministrative": 3903585, "nonRecurring": {}, "otherOperatingExpenses": 9318905, "totalOperatingExpenses": 18140670, "operatingIncome": -8426318, "totalOtherIncomeExpenseNet": -1010556, "ebit": -8426318, "interestExpense": -707000, "incomeBeforeTax": -9436874, "incomeTaxExpense": -2007901, "minorityInterest": {}, "netIncomeFromContinuingOps": -7428973, "discontinuedOperations": {}, "extraordinaryItems": {}, "effectOfAccountingCharges": {}, "otherItems": {}, "netIncome": -7427973, "netIncomeApplicableToCommonShares": -7427973}, {"maxAge": 1, "endDate": "2019-12-31", "totalRevenue": 18347000, "costOfRevenue": 1849000, "grossProfit": 16498000, "researchDevelopment": {}, "sellingGeneralAdministrative": 3903585, "nonRecurring": {}, "otherOperatingExpenses": 4589000, "totalOperatingExpenses": 6658000, "operatingIncome": 11689000, "totalOtherIncomeExpenseNet": -3323000, "ebit": 11689000, "interestExpense": -3353000, "incomeBeforeTax": 8366000, "incomeTaxExpense": 2172000, "minorityInterest": {}, "netIncomeFromContinuingOps": 6194000, "discontinuedOperations": {}, "extraordinaryItems": {}, "effectOfAccountingCharges": {}, "otherItems": {}, "netIncome": 6194000, "netIncomeApplicableToCommonShares": 6194000}, {"maxAge": 1, "endDate": "2019-09-30", "totalRevenue": 17912000, "costOfRevenue": 2814000, "grossProfit": 15098000, "researchDevelopment": {}, "sellingGeneralAdministrative": 3903585, "nonRecurring": {}, "otherOperatingExpenses": 2455000, "totalOperatingExpenses": 5368000, "operatingIncome": 12544000, "totalOtherIncomeExpenseNet": -2950000, "ebit": 12544000, "interestExpense": -3132000, "incomeBeforeTax": 9594000, "incomeTaxExpense": 2419000, "minorityInterest": {}, "netIncomeFromContinuingOps": 7175000, "discontinuedOperations": {}, "extraordinaryItems": {}, "effectOfAccountingCharges": {}, "otherItems": {}, "netIncome": 7175000, "netIncomeApplicableToCommonShares": 7175000}], "maxAge": 86400}, "cashflowStatementHistoryQuarterly": {"cashflowStatements": [{"maxAge": 1, "endDate": "2020-06-30", "netIncome": 7997000, "changeToLiabilities": 0}, {"maxAge": 1, "endDate": "2020-03-31", "netIncome": -7427973, "changeToLiabilities": 0}, {"maxAge": 1, "endDate": "2019-12-31", "netIncome": 6194000, "changeToLiabilities": 0}, {"maxAge": 1, "endDate": "2019-09-30", "netIncome": 7175000, "changeToLiabilities": 0}], "maxAge": 86400}, "insiderHolders": {"holders": [{"maxAge": 1, "name": "Misra (Pradeep)", "relation": "Chairman of the Board", "url": "", "transactionDescription": "Sale", "latestTransDate": "2020-10-14", "positionDirect": 162193, "positionDirectDate": "2020-10-14"}], "maxAge": 1}, "calendarEvents": {"maxAge": 1, "earnings": {"earningsDate": ["2020-11-14 05:30:S", "2020-11-15 05:30:S"]}}, "price": {"maxAge": 1, "regularMarketChangePercent": 0.03888889, "regularMarketChange": 1.75, "regularMarketTime": "2021-04-30 15:26:02", "priceHint": 2, "regularMarketPrice": 46.75, "regularMarketDayHigh": 46.75, "regularMarketDayLow": 46.75, "regularMarketVolume": 8, "averageDailyVolume10Day": 526, "averageDailyVolume3Month": 844, "regularMarketPreviousClose": 45.0, "regularMarketSource": "FREE_REALTIME", "regularMarketOpen": 46.75, "exchange": "BSE", "exchangeName": "BSE", "exchangeDataDelayedBy": 0, "marketState": "CLOSED", "quoteType": "EQUITY", "symbol": "IMCAP.BO", "underlyingSymbol": null, "shortName": "IM+ CAPITALS LIMITED", "longName": "IM+ Capitals Limited", "currency": "INR", "quoteSourceName": "Delayed Quote", "currencySymbol": "\u20b9", "fromCurrency": null, "toCurrency": null, "lastMarket": null, "marketCap": 163699808}, "balanceSheetHistory": {"balanceSheetStatements": [{"maxAge": 1, "endDate": "2020-03-31", "cash": 26415207, "shortTermInvestments": 24559167, "netReceivables": 309812020, "otherCurrentAssets": 2192595, "totalCurrentAssets": 371431077, "propertyPlantEquipment": 5179703, "otherAssets": 393999468, "deferredLongTermAssetCharges": 3596941, "totalAssets": 770610248, "accountsPayable": 5260425, "shortLongTermDebt": 37855666, "otherCurrentLiab": 77866537, "otherLiab": 6700876, "totalCurrentLiabilities": 151667043, "totalLiab": 161281082, "commonStock": 35015970, "retainedEarnings": 539295567, "treasuryStock": 5275252, "capitalSurplus": 29742377, "otherStockholderEquity": 5275252, "totalStockholderEquity": 609329166, "netTangibleAssets": 609329166}, {"maxAge": 1, "endDate": "2019-03-31", "cash": 8324079, "shortTermInvestments": 24898023, "netReceivables": 505970681, "otherCurrentAssets": 2372847, "totalCurrentAssets": 541599683, "longTermInvestments": 19184542, "propertyPlantEquipment": 1209046, "otherAssets": 216754958, "totalAssets": 778748229, "accountsPayable": 3657774, "shortLongTermDebt": 132827717, "otherCurrentLiab": 110920, "otherLiab": 4988529, "totalCurrentLiabilities": 178654784, "totalLiab": 183643313, "commonStock": 35015970, "retainedEarnings": 528491540, "treasuryStock": 1855029, "capitalSurplus": 29742377, "otherStockholderEquity": 1855029, "totalStockholderEquity": 595104916, "netTangibleAssets": 595104916}, {"maxAge": 1, "endDate": "2018-03-31", "cash": 7880095, "shortTermInvestments": 1350000, "netReceivables": 510158896, "otherCurrentAssets": 3979849, "totalCurrentAssets": 523493253, "longTermInvestments": 18631245, "propertyPlantEquipment": 1582461, "otherAssets": 314599123, "totalAssets": 858306082, "accountsPayable": 2057955, "shortLongTermDebt": 225637546, "otherCurrentLiab": 211169, "otherLiab": 5196949, "totalCurrentLiabilities": 274055143, "totalLiab": 279252092, "commonStock": 35015970, "retainedEarnings": 512823517, "treasuryStock": 1472126, "capitalSurplus": 29742377, "otherStockholderEquity": 1472126, "totalStockholderEquity": 579053990, "netTangibleAssets": 579053990}, {"maxAge": 1, "endDate": "2017-03-31", "cash": 5134200, "shortTermInvestments": 3717409, "netReceivables": 613017944, "otherCurrentAssets": 4246874, "totalCurrentAssets": 626276084, "longTermInvestments": 31240380, "propertyPlantEquipment": 2141735, "otherAssets": 383083743, "deferredLongTermAssetCharges": 751286, "totalAssets": 1042741942, "accountsPayable": 7470692, "shortLongTermDebt": 410261220, "otherCurrentLiab": 316684, "otherLiab": 1651894, "totalCurrentLiabilities": 469908324, "totalLiab": 471560218, "commonStock": 35015970, "retainedEarnings": 505638143, "treasuryStock": 785234, "capitalSurplus": 29742377, "otherStockholderEquity": 785234, "totalStockholderEquity": 571181724, "netTangibleAssets": 571181724}], "maxAge": 86400}, "financialData": {"maxAge": 86400, "currentPrice": 46.75, "recommendationKey": "none", "grossProfits": 49652957, "financialCurrency": "INR"}}}