{"IMFA.BO": {"recommendationTrend": {"trend": [{"period": "0m", "strongBuy": 0, "buy": 0, "hold": 0, "sell": 0, "strongSell": 0}, {"period": "-1m", "strongBuy": 0, "buy": 0, "hold": 0, "sell": 0, "strongSell": 0}, {"period": "-2m", "strongBuy": 0, "buy": 0, "hold": 0, "sell": 0, "strongSell": 0}, {"period": "-3m", "strongBuy": 0, "buy": 0, "hold": 0, "sell": 0, "strongSell": 0}], "maxAge": 86400}, "cashflowStatementHistory": {"cashflowStatements": [{"maxAge": 1, "endDate": "2020-03-31", "netIncome": -663000000, "depreciation": 1033100000, "changeToNetincome": 1039000000, "changeToAccountReceivables": 482200000, "changeToLiabilities": -833500000, "changeToInventory": 1138300000, "totalCashFromOperatingActivities": 2205100000, "capitalExpenditures": -952000000, "investments": 361000000, "otherCashflowsFromInvestingActivities": 74100000, "totalCashflowsFromInvestingActivities": -496800000, "dividendsPaid": -141000000, "netBorrowings": -816800000, "otherCashflowsFromFinancingActivities": -865300000, "totalCashFromFinancingActivities": -1823100000, "effectOfExchangeRate": 4000000, "changeInCash": -110800000}, {"maxAge": 1, "endDate": "2019-03-31", "netIncome": -10200000, "depreciation": 972600000, "changeToNetincome": 1474800000, "changeToAccountReceivables": 25900000, "changeToLiabilities": 862100000, "changeToInventory": -1168500000, "totalCashFromOperatingActivities": 2165700000, "capitalExpenditures": -1047400000, "investments": 712700000, "otherCashflowsFromInvestingActivities": 10800000, "totalCashflowsFromInvestingActivities": -309900000, "dividendsPaid": -408800000, "netBorrowings": -613600000, "otherCashflowsFromFinancingActivities": -852500000, "totalCashFromFinancingActivities": -1874900000, "effectOfExchangeRate": 3700000, "changeInCash": -15400000}, {"maxAge": 1, "endDate": "2018-03-31", "netIncome": 1861000000, "depreciation": 999000000, "changeToNetincome": 574000000, "changeToAccountReceivables": -377900000, "changeToLiabilities": 712300000, "changeToInventory": -879300000, "totalCashFromOperatingActivities": 2898100000, "capitalExpenditures": -1206100000, "investments": 241700000, "otherCashflowsFromInvestingActivities": 45600000, "totalCashflowsFromInvestingActivities": -884900000, "dividendsPaid": -187400000, "netBorrowings": -906900000, "otherCashflowsFromFinancingActivities": -814900000, "totalCashFromFinancingActivities": -1909200000, "effectOfExchangeRate": 100000, "changeInCash": 104100000}, {"maxAge": 1, "endDate": "2017-03-31", "netIncome": 2489400000, "depreciation": 1077900000, "changeToNetincome": 1621700000, "changeToAccountReceivables": -791400000, "changeToLiabilities": 539500000, "changeToInventory": -92300000, "totalCashFromOperatingActivities": 4853800000, "capitalExpenditures": -443700000, "investments": -1281900000, "otherCashflowsFromInvestingActivities": 90700000, "totalCashflowsFromInvestingActivities": -1614300000, "dividendsPaid": -269700000, "netBorrowings": -2103900000, "otherCashflowsFromFinancingActivities": -1009800000, "totalCashFromFinancingActivities": -3220100000, "effectOfExchangeRate": -2900000, "changeInCash": 16500000, "issuanceOfStock": 163300000}], "maxAge": 86400}, "institutionOwnership": {"maxAge": 1, "ownershipList": []}, "balanceSheetHistoryQuarterly": {"balanceSheetStatements": [{"maxAge": 1, "endDate": "2020-06-30", "totalStockholderEquity": 10839200000, "netTangibleAssets": 10625600000}, {"maxAge": 1, "endDate": "2020-03-31", "cash": 53600000, "shortTermInvestments": 90600000, "netReceivables": 1256000000, "inventory": 4315500000, "otherCurrentAssets": 721900000, "totalCurrentAssets": 6855300000, "longTermInvestments": 3300000, "propertyPlantEquipment": 14481000000, "goodWill": 205000000, "intangibleAssets": 8600000, "otherAssets": 2586900000, "totalAssets": 24140100000, "accountsPayable": 1853800000, "shortLongTermDebt": 882000000, "otherCurrentLiab": 388300000, "longTermDebt": 3404200000, "otherLiab": 2080800000, "minorityInterest": 305900000, "totalCurrentLiabilities": 7368700000, "totalLiab": 12995000000, "commonStock": 269800000, "retainedEarnings": 8600700000, "treasuryStock": 284200000, "capitalSurplus": 1684500000, "otherStockholderEquity": 284200000, "totalStockholderEquity": 10839200000, "netTangibleAssets": 10625600000}, {"maxAge": 1, "endDate": "2019-12-31", "totalStockholderEquity": 11339400000, "netTangibleAssets": 11121300000}, {"maxAge": 1, "endDate": "2019-09-30", "cash": 408700000, "shortTermInvestments": 443500000, "netReceivables": 864700000, "inventory": 4599300000, "otherCurrentAssets": 1560300000, "totalCurrentAssets": 7876500000, "longTermInvestments": 1000000, "propertyPlantEquipment": 14659900000, "goodWill": 205000000, "intangibleAssets": 13100000, "otherAssets": 2527800000, "totalAssets": 25283300000, "accountsPayable": 1393900000, "otherCurrentLiab": 2520400000, "longTermDebt": 3796500000, "otherLiab": 2341500000, "minorityInterest": 311300000, "totalCurrentLiabilities": 7352500000, "totalLiab": 13632600000, "commonStock": 269800000, "treasuryStock": 11069600000, "otherStockholderEquity": 11069600000, "totalStockholderEquity": 11339400000, "netTangibleAssets": 11121300000}], "maxAge": 86400}, "earningsHistory": {"history": [{"maxAge": 1, "epsActual": {}, "epsEstimate": {}, "epsDifference": {}, "surprisePercent": {}, "quarter": {}, "period": "-4q"}, {"maxAge": 1, "epsActual": {}, "epsEstimate": {}, "epsDifference": {}, "surprisePercent": {}, "quarter": {}, "period": "-3q"}, {"maxAge": 1, "epsActual": {}, "epsEstimate": {}, "epsDifference": {}, "surprisePercent": {}, "quarter": {}, "period": "-2q"}, {"maxAge": 1, "epsActual": {}, "epsEstimate": {}, "epsDifference": {}, "surprisePercent": {}, "quarter": {}, "period": "-1q"}], "maxAge": 86400}, "indexTrend": {"maxAge": 1, "symbol": "SP5", "peRatio": 19.7411, "pegRatio": 1.34172, "estimates": [{"period": "0q", "growth": 0.549}, {"period": "+1q", "growth": 0.431}, {"period": "0y", "growth": 0.305}, {"period": "+1y", "growth": 0.109}, {"period": "+5y", "growth": 0.120865}, {"period": "-5y"}]}, "industryTrend": {"maxAge": 1, "symbol": null, "estimates": []}, "insiderTransactions": {"transactions": [{"maxAge": 1, "shares": 105525, "filerUrl": "", "transactionText": "", "filerName": "Ganapathi (Nivedita)", "filerRelation": "Promoter", "moneyText": "", "startDate": "2018-07-04", "ownership": "D"}, {"maxAge": 1, "shares": 105525, "filerUrl": "", "transactionText": "", "filerName": "Panda (Subhrakant)", "filerRelation": "Managing Director", "moneyText": "", "startDate": "2018-07-04", "ownership": "D"}, {"maxAge": 1, "shares": 105525, "filerUrl": "", "transactionText": "", "filerName": "Panda (Baijayant)", "filerRelation": "Chief Operating Officer", "moneyText": "", "startDate": "2018-07-04", "ownership": "D"}, {"maxAge": 1, "shares": 316575, "filerUrl": "", "transactionText": "", "filerName": "Mahapatra (Paramita)", "filerRelation": "Director (Non-Executive)", "moneyText": "", "startDate": "2018-07-04", "ownership": "D"}, {"maxAge": 1, "shares": 422100, "filerUrl": "", "transactionText": "", "filerName": "Mahapatra (Paramita)", "filerRelation": "Director (Non-Executive)", "moneyText": "", "startDate": "2018-06-30", "ownership": "D"}, {"maxAge": 1, "shares": 608078, "filerUrl": "", "transactionText": "", "filerName": "Utkal Manufacturing & Services Pvt Ltd", "filerRelation": "Promoter", "moneyText": "", "startDate": "2018-03-28", "ownership": "D"}, {"maxAge": 1, "shares": 150000, "filerUrl": "", "transactionText": "", "filerName": "Madhuban Investment Pvt Ltd", "filerRelation": "Promoter", "moneyText": "", "startDate": "2016-09-12", "ownership": "D"}, {"maxAge": 1, "shares": 250000, "filerUrl": "", "transactionText": "", "filerName": "Paramita Investments & Trading Co Pvt Ltd", "filerRelation": "Promoter", "moneyText": "", "startDate": "2016-09-12", "ownership": "D"}, {"maxAge": 1, "shares": 5194, "filerUrl": "", "transactionText": "", "filerName": "Panda (Subhrakant)", "filerRelation": "Managing Director", "moneyText": "", "startDate": "2016-02-12", "ownership": "D"}, {"maxAge": 1, "shares": 1400, "filerUrl": "", "transactionText": "", "filerName": "Misra (Jayant Kumar)", "filerRelation": "Chief Operating Officer", "moneyText": "", "startDate": "2015-01-06", "ownership": "D"}, {"maxAge": 1, "shares": 250, "filerUrl": "", "transactionText": "", "filerName": "Panda (Subhrakant)", "filerRelation": "Managing Director", "moneyText": "", "startDate": "2013-11-03", "ownership": "D"}, {"maxAge": 1, "shares": 1500, "filerUrl": "", "transactionText": "", "filerName": "Panda (Subhrakant)", "filerRelation": "Managing Director", "moneyText": "", "startDate": "2013-01-11", "ownership": "D"}, {"maxAge": 1, "shares": 1500, "filerUrl": "", "transactionText": "", "filerName": "Panda (Subhrakant)", "filerRelation": "Managing Director", "moneyText": "", "startDate": "2012-12-14", "ownership": "D"}, {"maxAge": 1, "shares": 100, "filerUrl": "", "transactionText": "", "filerName": "Mahapatra (Paramita)", "filerRelation": "Director (Non-Executive)", "moneyText": "", "startDate": "2012-08-03", "ownership": "D"}, {"maxAge": 1, "shares": 200, "filerUrl": "", "transactionText": "", "filerName": "Mahapatra (Paramita)", "filerRelation": "Director (Non-Executive)", "moneyText": "", "startDate": "2012-08-02", "ownership": "D"}, {"maxAge": 1, "shares": 176, "filerUrl": "", "transactionText": "", "filerName": "Mahapatra (Paramita)", "filerRelation": "Director (Non-Executive)", "moneyText": "", "startDate": "2012-08-01", "ownership": "D"}, {"maxAge": 1, "shares": 78, "filerUrl": "", "transactionText": "", "filerName": "Panda (Subhrakant)", "filerRelation": "Managing Director", "moneyText": "", "startDate": "2011-08-10", "ownership": "D"}, {"maxAge": 1, "shares": 237, "filerUrl": "", "transactionText": "", "filerName": "Panda (Subhrakant)", "filerRelation": "Managing Director", "moneyText": "", "startDate": "2011-08-09", "ownership": "D"}, {"maxAge": 1, "shares": 353, "filerUrl": "", "transactionText": "", "filerName": "Panda (Subhrakant)", "filerRelation": "Managing Director", "moneyText": "", "startDate": "2011-08-08", "ownership": "D"}, {"maxAge": 1, "shares": 250, "filerUrl": "", "transactionText": "", "filerName": "Panda (Subhrakant)", "filerRelation": "Managing Director", "moneyText": "", "startDate": "2011-08-05", "ownership": "D"}, {"maxAge": 1, "shares": 500, "filerUrl": "", "transactionText": "", "filerName": "Panda (Subhrakant)", "filerRelation": "Managing Director", "moneyText": "", "startDate": "2011-08-05", "ownership": "D"}, {"maxAge": 1, "shares": 563, "filerUrl": "", "transactionText": "", "filerName": "Panda (Subhrakant)", "filerRelation": "Managing Director", "moneyText": "", "startDate": "2011-08-04", "ownership": "D"}, {"maxAge": 1, "shares": 19, "filerUrl": "", "transactionText": "", "filerName": "Panda (Subhrakant)", "filerRelation": "Managing Director", "moneyText": "", "startDate": "2011-08-03", "ownership": "D"}, {"maxAge": 1, "shares": 1250000, "filerUrl": "", "transactionText": "", "filerName": "Reliance Capital Trustee Company Ltd A/C Reliance Natural Re", "filerRelation": "UNREPORTED", "moneyText": "", "startDate": "2010-01-05", "ownership": "D"}, {"maxAge": 1, "shares": 1500, "filerUrl": "", "transactionText": "", "filerName": "Misra (Jayant Kumar)", "filerRelation": "Director", "moneyText": "", "startDate": "2009-12-04", "ownership": "D"}], "maxAge": 1}, "quoteType": {"exchange": "BSE", "quoteType": "EQUITY", "symbol": "IMFA.BO", "underlyingSymbol": "IMFA.BO", "shortName": "INDIAN METALS & FERRO ALLOYS L", "longName": "Indian Metals and Ferro Alloys Limited", "firstTradeDateEpochUtc": "2004-08-05 09:15:00", "timeZoneFullName": "Asia/Kolkata", "timeZoneShortName": "IST", "uuid": "44bf0e54-0b27-3c6b-9cdb-aeeff4ee7dcd", "messageBoardId": null, "gmtOffSetMilliseconds": 19800000, "maxAge": 1}, "incomeStatementHistory": {"incomeStatementHistory": [{"maxAge": 1, "endDate": "2020-03-31", "totalRevenue": 16119400000, "costOfRevenue": 9868200000, "grossProfit": 6251200000, "researchDevelopment": {}, "sellingGeneralAdministrative": 1604600000, "nonRecurring": {}, "otherOperatingExpenses": 3268100000, "totalOperatingExpenses": 15961600000, "operatingIncome": 157800000, "totalOtherIncomeExpenseNet": -1062700000, "ebit": 157800000, "interestExpense": -916700000, "incomeBeforeTax": -904900000, "incomeTaxExpense": -247100000, "minorityInterest": 305900000, "netIncomeFromContinuingOps": -657800000, "discontinuedOperations": {}, "extraordinaryItems": {}, "effectOfAccountingCharges": {}, "otherItems": {}, "netIncome": -663000000, "netIncomeApplicableToCommonShares": -663000000}, {"maxAge": 1, "endDate": "2019-03-31", "totalRevenue": 16337800000, "costOfRevenue": 8159600000, "grossProfit": 8178200000, "researchDevelopment": {}, "sellingGeneralAdministrative": 1681300000, "nonRecurring": {}, "otherOperatingExpenses": 3328700000, "totalOperatingExpenses": 14151200000, "operatingIncome": 2186600000, "totalOtherIncomeExpenseNet": -1995400000, "ebit": 2186600000, "interestExpense": -886400000, "incomeBeforeTax": 191200000, "incomeTaxExpense": 197000000, "minorityInterest": 304700000, "netIncomeFromContinuingOps": -5800000, "discontinuedOperations": {}, "extraordinaryItems": {}, "effectOfAccountingCharges": {}, "otherItems": {}, "netIncome": -10200000, "netIncomeApplicableToCommonShares": -10200000}, {"maxAge": 1, "endDate": "2018-03-31", "totalRevenue": 17656000000, "costOfRevenue": 8525400000, "grossProfit": 9130600000, "researchDevelopment": {}, "sellingGeneralAdministrative": 1827300000, "nonRecurring": {}, "otherOperatingExpenses": 3073300000, "totalOperatingExpenses": 14434000000, "operatingIncome": 3222000000, "totalOtherIncomeExpenseNet": -394400000, "ebit": 3222000000, "interestExpense": -694900000, "incomeBeforeTax": 2827600000, "incomeTaxExpense": 962400000, "minorityInterest": 304300000, "netIncomeFromContinuingOps": 1865200000, "discontinuedOperations": {}, "extraordinaryItems": {}, "effectOfAccountingCharges": {}, "otherItems": {}, "netIncome": 1861000000, "netIncomeApplicableToCommonShares": 1861000000}, {"maxAge": 1, "endDate": "2017-03-31", "totalRevenue": 16723500000, "costOfRevenue": 7414500000, "grossProfit": 9309000000, "researchDevelopment": {}, "sellingGeneralAdministrative": 1759300000, "nonRecurring": {}, "otherOperatingExpenses": 2413600000, "totalOperatingExpenses": 12674300000, "operatingIncome": 4049200000, "totalOtherIncomeExpenseNet": -354700000, "ebit": 4049200000, "interestExpense": -760800000, "incomeBeforeTax": 3694500000, "incomeTaxExpense": 1207500000, "minorityInterest": 305400000, "netIncomeFromContinuingOps": 2487000000, "discontinuedOperations": {}, "extraordinaryItems": {}, "effectOfAccountingCharges": {}, "otherItems": {}, "netIncome": 2489400000, "netIncomeApplicableToCommonShares": 2489400000}], "maxAge": 86400}, "fundOwnership": {"maxAge": 1, "ownershipList": []}, "summaryDetail": {"maxAge": 1, "priceHint": 2, "previousClose": 456.85, "open": 454.0, "dayLow": 438.75, "dayHigh": 464.7, "regularMarketPreviousClose": 456.85, "regularMarketOpen": 454.0, "regularMarketDayLow": 438.75, "regularMarketDayHigh": 464.7, "volume": 16453, "regularMarketVolume": 16453, "averageVolume": 10545, "averageVolume10days": 12586, "averageDailyVolume10Day": 12586, "bid": 438.0, "ask": 442.0, "bidSize": 0, "askSize": 0, "marketCap": 11927924736, "fiftyTwoWeekLow": 92.0, "fiftyTwoWeekHigh": 499.1, "fiftyDayAverage": 375.20883, "twoHundredDayAverage": 279.5081, "trailingAnnualDividendRate": 5.0, "trailingAnnualDividendYield": 0.010944511, "currency": "INR", "fromCurrency": null, "toCurrency": null, "lastMarket": null, "algorithm": null, "tradeable": false}, "sectorTrend": {"maxAge": 1, "symbol": null, "estimates": []}, "incomeStatementHistoryQuarterly": {"incomeStatementHistory": [{"maxAge": 1, "endDate": "2020-06-30", "totalRevenue": 4050800000, "costOfRevenue": 2166200000, "grossProfit": 1884600000, "researchDevelopment": {}, "sellingGeneralAdministrative": 343700000, "nonRecurring": {}, "otherOperatingExpenses": 935900000, "totalOperatingExpenses": 3699800000, "operatingIncome": 351000000, "totalOtherIncomeExpenseNet": 28400000, "ebit": 351000000, "interestExpense": -156400000, "incomeBeforeTax": 379400000, "incomeTaxExpense": 133900000, "minorityInterest": {}, "netIncomeFromContinuingOps": 245500000, "discontinuedOperations": {}, "extraordinaryItems": {}, "effectOfAccountingCharges": {}, "otherItems": {}, "netIncome": 244300000, "netIncomeApplicableToCommonShares": 244300000}, {"maxAge": 1, "endDate": "2020-03-31", "totalRevenue": 3790400000, "costOfRevenue": 2738500000, "grossProfit": 1051900000, "researchDevelopment": {}, "sellingGeneralAdministrative": 406500000, "nonRecurring": {}, "otherOperatingExpenses": 87300000, "totalOperatingExpenses": 3704000000, "operatingIncome": 86400000, "totalOtherIncomeExpenseNet": -693000000, "ebit": 86400000, "interestExpense": -373200000, "incomeBeforeTax": -606600000, "incomeTaxExpense": -109100000, "minorityInterest": 305900000, "netIncomeFromContinuingOps": -497500000, "discontinuedOperations": {}, "extraordinaryItems": {}, "effectOfAccountingCharges": {}, "otherItems": {}, "netIncome": -498700000, "netIncomeApplicableToCommonShares": -498700000}, {"maxAge": 1, "endDate": "2019-12-31", "totalRevenue": 3975000000, "costOfRevenue": 2310200000, "grossProfit": 1664800000, "researchDevelopment": {}, "sellingGeneralAdministrative": 393500000, "nonRecurring": {}, "otherOperatingExpenses": 915300000, "totalOperatingExpenses": 3879300000, "operatingIncome": 95700000, "totalOtherIncomeExpenseNet": -84500000, "ebit": 95700000, "interestExpense": -168300000, "incomeBeforeTax": 11200000, "incomeTaxExpense": -37200000, "minorityInterest": 305900000, "netIncomeFromContinuingOps": 48400000, "discontinuedOperations": {}, "extraordinaryItems": {}, "effectOfAccountingCharges": {}, "otherItems": {}, "netIncome": 45600000, "netIncomeApplicableToCommonShares": 45600000}, {"maxAge": 1, "endDate": "2019-09-30", "totalRevenue": 3894700000, "costOfRevenue": 2490200000, "grossProfit": 1404500000, "researchDevelopment": {}, "sellingGeneralAdministrative": 378600000, "nonRecurring": {}, "otherOperatingExpenses": 1157400000, "totalOperatingExpenses": 4273900000, "operatingIncome": -379200000, "totalOtherIncomeExpenseNet": -131600000, "ebit": -379200000, "interestExpense": -187500000, "incomeBeforeTax": -510800000, "incomeTaxExpense": -174600000, "minorityInterest": 311300000, "netIncomeFromContinuingOps": -336200000, "discontinuedOperations": {}, "extraordinaryItems": {}, "effectOfAccountingCharges": {}, "otherItems": {}, "netIncome": -337400000, "netIncomeApplicableToCommonShares": -337400000}], "maxAge": 86400}, "cashflowStatementHistoryQuarterly": {"cashflowStatements": [{"maxAge": 1, "endDate": "2020-06-30", "netIncome": 244300000, "changeToLiabilities": 0}, {"maxAge": 1, "endDate": "2020-03-31", "netIncome": -498700000, "changeToLiabilities": 0}, {"maxAge": 1, "endDate": "2019-12-31", "netIncome": 45600000, "changeToLiabilities": 0}, {"maxAge": 1, "endDate": "2019-09-30", "netIncome": -337400000, "changeToLiabilities": 0}], "maxAge": 86400}, "insiderHolders": {"holders": [{"maxAge": 1, "name": "Ganapathi (Nivedita)", "relation": "Promoter", "url": "", "transactionDescription": "Other", "latestTransDate": "2018-07-04", "positionDirect": 323064, "positionDirectDate": "2018-07-04"}, {"maxAge": 1, "name": "Madhuban Investment Pvt Ltd", "relation": "Promoter", "url": "", "transactionDescription": "Purchase", "latestTransDate": "2016-09-12", "positionDirect": 2545696, "positionDirectDate": "2016-09-12"}, {"maxAge": 1, "name": "Mahapatra (Paramita)", "relation": "Director (Non-Executive)", "url": "", "transactionDescription": "Other", "latestTransDate": "2018-07-04", "positionDirect": 323540, "positionDirectDate": "2018-07-04"}, {"maxAge": 1, "name": "Misra (Jayant Kumar)", "relation": "Chief Operating Officer", "url": "", "transactionDescription": "Sale", "latestTransDate": "2015-01-06", "positionDirect": 100, "positionDirectDate": "2015-01-06"}, {"maxAge": 1, "name": "Panda (Baijayant)", "relation": "Chief Operating Officer", "url": "", "transactionDescription": "Other", "latestTransDate": "2018-07-04", "positionDirect": 323064, "positionDirectDate": "2018-07-04"}, {"maxAge": 1, "name": "Panda (Subhrakant)", "relation": "Managing Director", "url": "", "transactionDescription": "Other", "latestTransDate": "2018-07-04", "positionDirect": 323620, "positionDirectDate": "2018-07-04"}, {"maxAge": 1, "name": "Paramita Investments & Trading Co Pvt Ltd", "relation": "Promoter", "url": "", "transactionDescription": "Purchase", "latestTransDate": "2016-09-12", "positionDirect": 2884778, "positionDirectDate": "2016-09-12"}, {"maxAge": 1, "name": "Reliance Capital Trustee Company Ltd A/C Reliance Natural Re", "relation": "UNREPORTED", "url": "", "transactionDescription": "Acquisition", "latestTransDate": "2010-01-05", "positionDirect": 2500000, "positionDirectDate": "2010-01-05"}, {"maxAge": 1, "name": "Utkal Manufacturing & Services Pvt Ltd", "relation": "Promoter", "url": "", "transactionDescription": "Sale", "latestTransDate": "2018-03-28", "positionDirect": 0, "positionDirectDate": "2018-03-28"}], "maxAge": 1}, "earnings": {"maxAge": 86400, "earningsChart": {"quarterly": [], "earningsDate": ["2020-07-27 05:30:S"]}, "financialsChart": {"yearly": [{"date": 2017, "revenue": 16723500000, "earnings": 2489400000}, {"date": 2018, "revenue": 17656000000, "earnings": 1861000000}, {"date": 2019, "revenue": 16337800000, "earnings": -10200000}, {"date": 2020, "revenue": 16119400000, "earnings": -663000000}], "quarterly": [{"date": "3Q2019", "revenue": 3894700000, "earnings": -337400000}, {"date": "4Q2019", "revenue": 3975000000, "earnings": 45600000}, {"date": "1Q2020", "revenue": 3790400000, "earnings": -498700000}, {"date": "2Q2020", "revenue": 4050800000, "earnings": 244300000}]}, "financialCurrency": "INR"}, "calendarEvents": {"maxAge": 1, "earnings": {"earningsDate": ["2020-07-27 05:30:S"], "revenueLow": 13549000000, "revenueHigh": 13549000000}}, "price": {"maxAge": 1, "regularMarketChangePercent": -0.03217689, "regularMarketChange": -14.700012, "regularMarketTime": "2021-04-30 15:29:42", "priceHint": 2, "regularMarketPrice": 442.15, "regularMarketDayHigh": 464.7, "regularMarketDayLow": 438.75, "regularMarketVolume": 16453, "averageDailyVolume10Day": 12586, "averageDailyVolume3Month": 10545, "regularMarketPreviousClose": 456.85, "regularMarketSource": "FREE_REALTIME", "regularMarketOpen": 454.0, "exchange": "BSE", "exchangeName": "BSE", "exchangeDataDelayedBy": 0, "marketState": "CLOSED", "quoteType": "EQUITY", "symbol": "IMFA.BO", "underlyingSymbol": null, "shortName": "INDIAN METALS & FERRO ALLOYS L", "longName": "Indian Metals and Ferro Alloys Limited", "currency": "INR", "quoteSourceName": "Delayed Quote", "currencySymbol": "\u20b9", "fromCurrency": null, "toCurrency": null, "lastMarket": null, "marketCap": 11927924736}, "balanceSheetHistory": {"balanceSheetStatements": [{"maxAge": 1, "endDate": "2020-03-31", "cash": 53600000, "shortTermInvestments": 90600000, "netReceivables": 1256000000, "inventory": 4315500000, "otherCurrentAssets": 721900000, "totalCurrentAssets": 6855300000, "longTermInvestments": 3300000, "propertyPlantEquipment": 14481000000, "goodWill": 205000000, "intangibleAssets": 8600000, "otherAssets": 2586900000, "totalAssets": 24140100000, "accountsPayable": 1853800000, "shortLongTermDebt": 882000000, "otherCurrentLiab": 388300000, "longTermDebt": 3404200000, "otherLiab": 2080800000, "minorityInterest": 305900000, "totalCurrentLiabilities": 7368700000, "totalLiab": 12995000000, "commonStock": 269800000, "retainedEarnings": 8600700000, "treasuryStock": 284200000, "capitalSurplus": 1684500000, "otherStockholderEquity": 284200000, "totalStockholderEquity": 10839200000, "netTangibleAssets": 10625600000}, {"maxAge": 1, "endDate": "2019-03-31", "cash": 164400000, "shortTermInvestments": 118800000, "netReceivables": 1765000000, "inventory": 5449200000, "otherCurrentAssets": 911300000, "totalCurrentAssets": 9209400000, "longTermInvestments": 1000000, "propertyPlantEquipment": 14485900000, "goodWill": 205000000, "intangibleAssets": 17600000, "otherAssets": 2629800000, "totalAssets": 26548700000, "accountsPayable": 2720200000, "shortLongTermDebt": 1217200000, "otherCurrentLiab": 207400000, "longTermDebt": 3850200000, "otherLiab": 2401500000, "minorityInterest": 304700000, "totalCurrentLiabilities": 8290200000, "totalLiab": 14541900000, "commonStock": 130600000, "retainedEarnings": 9464200000, "treasuryStock": 422800000, "capitalSurplus": 1684500000, "otherStockholderEquity": 422800000, "totalStockholderEquity": 11702100000, "netTangibleAssets": 11479500000}, {"maxAge": 1, "endDate": "2018-03-31", "cash": 179800000, "shortTermInvestments": 1560900000, "netReceivables": 1751100000, "inventory": 4280700000, "otherCurrentAssets": 1052700000, "totalCurrentAssets": 8925300000, "longTermInvestments": 1000000, "propertyPlantEquipment": 14427700000, "goodWill": 731200000, "intangibleAssets": 26600000, "otherAssets": 2406300000, "totalAssets": 26518100000, "accountsPayable": 1964300000, "shortLongTermDebt": 1112400000, "otherCurrentLiab": 101300000, "longTermDebt": 5161600000, "otherLiab": 2494200000, "minorityInterest": 304300000, "totalCurrentLiabilities": 6397500000, "totalLiab": 14053300000, "commonStock": 130600000, "retainedEarnings": 9980700000, "treasuryStock": 364700000, "capitalSurplus": 1684500000, "otherStockholderEquity": 364700000, "totalStockholderEquity": 12160500000, "netTangibleAssets": 11402700000}, {"maxAge": 1, "endDate": "2017-03-31", "cash": 73900000, "shortTermInvestments": 1696600000, "netReceivables": 1746400000, "inventory": 3401400000, "otherCurrentAssets": 743100000, "totalCurrentAssets": 7762100000, "longTermInvestments": 1000000, "propertyPlantEquipment": 14230900000, "goodWill": 730900000, "intangibleAssets": 35600000, "otherAssets": 2280400000, "totalAssets": 25040900000, "accountsPayable": 1178300000, "shortLongTermDebt": 1264600000, "otherCurrentLiab": 107900000, "longTermDebt": 6017500000, "otherLiab": 2312400000, "minorityInterest": 305400000, "totalCurrentLiabilities": 5765300000, "totalLiab": 14095200000, "commonStock": 269800000, "retainedEarnings": 8451600000, "treasuryStock": 234400000, "capitalSurplus": 1684500000, "otherStockholderEquity": 234400000, "totalStockholderEquity": 10640300000, "netTangibleAssets": 9873800000}], "maxAge": 86400}, "earningsTrend": {"trend": [{"maxAge": 1, "period": "0q", "endDate": "2015-12-31", "growth": {}, "earningsEstimate": {"avg": 0.0, "low": 0.0, "high": 0.0, "yearAgoEps": {}, "numberOfAnalysts": 0, "growth": {}}, "revenueEstimate": {"avg": 0, "low": 13549000000, "high": 13549000000, "numberOfAnalysts": 1, "yearAgoRevenue": 12433400000, "growth": {}}, "epsTrend": {"current": 0.0, "7daysAgo": 0.3, "30daysAgo": 0.3, "60daysAgo": 0.3, "90daysAgo": 0.3}, "epsRevisions": {"upLast7days": 0, "upLast30days": 0, "downLast30days": 0, "downLast90days": {}}}, {"maxAge": 1, "period": "+1q", "endDate": "2016-03-31", "growth": {}, "earningsEstimate": {"avg": 0.0, "low": 0.0, "high": 0.0, "yearAgoEps": {}, "numberOfAnalysts": 0, "growth": {}}, "revenueEstimate": {"avg": 0, "low": 13549000000, "high": 13549000000, "numberOfAnalysts": 1, "yearAgoRevenue": 12433400000, "growth": {}}, "epsTrend": {"current": 0.0, "7daysAgo": 0.0, "30daysAgo": 0.0, "60daysAgo": 0.0, "90daysAgo": 0.0}, "epsRevisions": {"upLast7days": 0, "upLast30days": 0, "downLast30days": 0, "downLast90days": {}}}, {"maxAge": 1, "period": "0y", "endDate": "2015-03-31", "growth": {}, "earningsEstimate": {"avg": 0.0, "low": 0.0, "high": 0.0, "yearAgoEps": {}, "numberOfAnalysts": 0, "growth": {}}, "revenueEstimate": {"avg": 0, "low": 13549000000, "high": 13549000000, "numberOfAnalysts": 1, "yearAgoRevenue": 12433400000, "growth": {}}, "epsTrend": {"current": 0.0, "7daysAgo": 3.8, "30daysAgo": 3.8, "60daysAgo": 3.8, "90daysAgo": 3.8}, "epsRevisions": {"upLast7days": 0, "upLast30days": 0, "downLast30days": 0, "downLast90days": {}}}, {"maxAge": 1, "period": "+1y", "endDate": "2016-03-31", "growth": {}, "earningsEstimate": {"avg": 0.0, "low": 0.0, "high": 0.0, "yearAgoEps": {}, "numberOfAnalysts": 0, "growth": {}}, "revenueEstimate": {"avg": 12267500000, "low": 14329000000, "high": 14329000000, "numberOfAnalysts": 1, "yearAgoRevenue": {}, "growth": {}}, "epsTrend": {"current": 0.0, "7daysAgo": 2.8, "30daysAgo": 2.8, "60daysAgo": 2.8, "90daysAgo": 2.8}, "epsRevisions": {"upLast7days": 0, "upLast30days": 0, "downLast30days": 0, "downLast90days": {}}}, {"maxAge": 1, "period": "+5y", "endDate": null, "growth": {}, "earningsEstimate": {"avg": {}, "low": {}, "high": {}, "yearAgoEps": {}, "numberOfAnalysts": {}, "growth": {}}, "revenueEstimate": {"avg": {}, "low": {}, "high": {}, "numberOfAnalysts": {}, "yearAgoRevenue": {}, "growth": {}}, "epsTrend": {"current": {}, "7daysAgo": {}, "30daysAgo": {}, "60daysAgo": {}, "90daysAgo": {}}, "epsRevisions": {"upLast7days": {}, "upLast30days": {}, "downLast30days": {}, "downLast90days": {}}}, {"maxAge": 1, "period": "-5y", "endDate": null, "growth": {}, "earningsEstimate": {"avg": {}, "low": {}, "high": {}, "yearAgoEps": {}, "numberOfAnalysts": {}, "growth": {}}, "revenueEstimate": {"avg": {}, "low": {}, "high": {}, "numberOfAnalysts": {}, "yearAgoRevenue": {}, "growth": {}}, "epsTrend": {"current": {}, "7daysAgo": {}, "30daysAgo": {}, "60daysAgo": {}, "90daysAgo": {}}, "epsRevisions": {"upLast7days": {}, "upLast30days": {}, "downLast30days": {}, "downLast90days": {}}}], "maxAge": 1}, "financialData": {"maxAge": 86400, "currentPrice": 442.15, "targetHighPrice": 421.0, "targetLowPrice": 421.0, "targetMeanPrice": 421.0, "targetMedianPrice": 421.0, "recommendationKey": "none", "numberOfAnalystOpinions": 1, "grossProfits": 6251200000, "financialCurrency": "INR"}}}