{"IMPAL.BO": {"recommendationTrend": {"trend": [{"period": "0m", "strongBuy": 0, "buy": 0, "hold": 0, "sell": 0, "strongSell": 0}, {"period": "-1m", "strongBuy": 0, "buy": 0, "hold": 0, "sell": 0, "strongSell": 0}, {"period": "-2m", "strongBuy": 0, "buy": 0, "hold": 0, "sell": 0, "strongSell": 0}, {"period": "-3m", "strongBuy": 0, "buy": 0, "hold": 0, "sell": 0, "strongSell": 0}], "maxAge": 86400}, "cashflowStatementHistory": {"cashflowStatements": [{"maxAge": 1, "endDate": "2020-03-31", "netIncome": 495419000, "depreciation": 7842000, "changeToNetincome": -252938000, "changeToAccountReceivables": -43239000, "changeToLiabilities": -72344000, "changeToInventory": -64702000, "changeToOperatingActivities": -45272000, "totalCashFromOperatingActivities": 27630000, "capitalExpenditures": -11267000, "investments": 303719000, "otherCashflowsFromInvestingActivities": 101610000, "totalCashflowsFromInvestingActivities": 395414000, "dividendsPaid": -274560000, "netBorrowings": 500000, "otherCashflowsFromFinancingActivities": -56437000, "totalCashFromFinancingActivities": -330497000, "changeInCash": 92547000}, {"maxAge": 1, "endDate": "2019-03-31", "netIncome": 413186000, "depreciation": 6937000, "changeToNetincome": -174954000, "changeToAccountReceivables": -74747000, "changeToLiabilities": 27720000, "changeToInventory": -38976000, "changeToOperatingActivities": -5637000, "totalCashFromOperatingActivities": 156393000, "capitalExpenditures": -21318000, "investments": -105695000, "otherCashflowsFromInvestingActivities": 75662000, "totalCashflowsFromInvestingActivities": -50478000, "dividendsPaid": -91520000, "netBorrowings": -57368000, "otherCashflowsFromFinancingActivities": -18812000, "totalCashFromFinancingActivities": -167700000, "changeInCash": -61785000}, {"maxAge": 1, "endDate": "2018-03-31", "netIncome": 313599000, "depreciation": 6117000, "changeToNetincome": -90630000, "changeToAccountReceivables": -93198000, "changeToLiabilities": -28182000, "changeToInventory": -73992000, "changeToOperatingActivities": 72028000, "totalCashFromOperatingActivities": 108606000, "capitalExpenditures": -38544000, "investments": -33487000, "otherCashflowsFromInvestingActivities": 32673000, "totalCashflowsFromInvestingActivities": -38672000, "dividendsPaid": -49917000, "netBorrowings": 72066000, "otherCashflowsFromFinancingActivities": -5162000, "totalCashFromFinancingActivities": 16987000, "changeInCash": 86921000}, {"maxAge": 1, "endDate": "2017-03-31", "netIncome": 322231000, "depreciation": 5287000, "changeToNetincome": -122639000, "changeToAccountReceivables": -22588000, "changeToLiabilities": 74767000, "changeToInventory": -37003000, "changeToOperatingActivities": 6719000, "totalCashFromOperatingActivities": 229638000, "capitalExpenditures": -35572000, "investments": -559100000, "otherCashflowsFromInvestingActivities": 19268000, "totalCashflowsFromInvestingActivities": -574961000, "dividendsPaid": -53427000, "netBorrowings": 72066000, "otherCashflowsFromFinancingActivities": -5162000, "totalCashFromFinancingActivities": -53427000, "changeInCash": -398750000}], "maxAge": 86400}, "institutionOwnership": {"maxAge": 1, "ownershipList": []}, "balanceSheetHistoryQuarterly": {"balanceSheetStatements": [{"maxAge": 1, "endDate": "2020-06-30", "totalStockholderEquity": 9383843000, "netTangibleAssets": 9356287000}, {"maxAge": 1, "endDate": "2020-03-31", "cash": 263931000, "shortTermInvestments": 1661038000, "netReceivables": 804944000, "inventory": 628683000, "otherCurrentAssets": 106220000, "totalCurrentAssets": 3467364000, "longTermInvestments": 6916996000, "propertyPlantEquipment": 146110000, "goodWill": 26650000, "intangibleAssets": 906000, "otherAssets": 9255000, "totalAssets": 10567281000, "accountsPayable": 357550000, "otherCurrentLiab": 35856000, "otherLiab": 605068000, "minorityInterest": 6807000, "totalCurrentLiabilities": 571563000, "totalLiab": 1176631000, "commonStock": 124800000, "retainedEarnings": 3204043000, "treasuryStock": 6055000000, "otherStockholderEquity": 6055000000, "totalStockholderEquity": 9383843000, "netTangibleAssets": 9356287000}, {"maxAge": 1, "endDate": "2019-12-31", "totalStockholderEquity": 10373601000, "netTangibleAssets": 10344613000}, {"maxAge": 1, "endDate": "2019-09-30", "cash": 373059000, "shortTermInvestments": 2002317000, "netReceivables": 795126000, "inventory": 509618000, "otherCurrentAssets": 27695000, "totalCurrentAssets": 3707815000, "longTermInvestments": 7665347000, "propertyPlantEquipment": 143238000, "intangibleAssets": 28988000, "otherAssets": 8864000, "totalAssets": 11554252000, "accountsPayable": 390138000, "otherCurrentLiab": 74859000, "otherLiab": 566659000, "minorityInterest": 6431000, "totalCurrentLiabilities": 607561000, "totalLiab": 1174220000, "commonStock": 83200000, "treasuryStock": 10290401000, "otherStockholderEquity": 10290401000, "totalStockholderEquity": 10373601000, "netTangibleAssets": 10344613000}], "maxAge": 86400}, "earningsHistory": {"history": [{"maxAge": 1, "epsActual": {}, "epsEstimate": {}, "epsDifference": {}, "surprisePercent": {}, "quarter": {}, "period": "-4q"}, {"maxAge": 1, "epsActual": {}, "epsEstimate": {}, "epsDifference": {}, "surprisePercent": {}, "quarter": {}, "period": "-3q"}, {"maxAge": 1, "epsActual": {}, "epsEstimate": {}, "epsDifference": {}, "surprisePercent": {}, "quarter": {}, "period": "-2q"}, {"maxAge": 1, "epsActual": {}, "epsEstimate": {}, "epsDifference": {}, "surprisePercent": {}, "quarter": {}, "period": "-1q"}], "maxAge": 86400}, "indexTrend": {"maxAge": 1, "symbol": "SP5", "peRatio": 19.7411, "pegRatio": 1.34172, "estimates": [{"period": "0q", "growth": 0.549}, {"period": "+1q", "growth": 0.431}, {"period": "0y", "growth": 0.305}, {"period": "+1y", "growth": 0.109}, {"period": "+5y", "growth": 0.120865}, {"period": "-5y"}]}, "industryTrend": {"maxAge": 1, "symbol": null, "estimates": []}, "quoteType": {"exchange": "BSE", "quoteType": "EQUITY", "symbol": "IMPAL.BO", "underlyingSymbol": "IMPAL.BO", "shortName": "INDIA MOTOR PARTS & ACCESSORIE", "longName": "India Motor Parts & Accessories Limited", "firstTradeDateEpochUtc": "2007-01-10 09:15:00", "timeZoneFullName": "Asia/Kolkata", "timeZoneShortName": "IST", "uuid": "8758c78f-6dfa-3e62-a11a-aae8d34469f4", "messageBoardId": null, "gmtOffSetMilliseconds": 19800000, "maxAge": 1}, "incomeStatementHistory": {"incomeStatementHistory": [{"maxAge": 1, "endDate": "2020-03-31", "totalRevenue": 5324438000, "costOfRevenue": 4534650000, "grossProfit": 789788000, "researchDevelopment": {}, "sellingGeneralAdministrative": 431891000, "nonRecurring": {}, "otherOperatingExpenses": {}, "totalOperatingExpenses": 4977247000, "operatingIncome": 347191000, "totalOtherIncomeExpenseNet": 263092000, "ebit": 347191000, "interestExpense": -1149000, "incomeBeforeTax": 610283000, "incomeTaxExpense": 114107000, "minorityInterest": 6807000, "netIncomeFromContinuingOps": 496176000, "discontinuedOperations": {}, "extraordinaryItems": {}, "effectOfAccountingCharges": {}, "otherItems": {}, "netIncome": 495419000, "netIncomeApplicableToCommonShares": 495419000}, {"maxAge": 1, "endDate": "2019-03-31", "totalRevenue": 5242012000, "costOfRevenue": 4408520000, "grossProfit": 833492000, "researchDevelopment": {}, "sellingGeneralAdministrative": 396490000, "nonRecurring": {}, "otherOperatingExpenses": {}, "totalOperatingExpenses": 4814811000, "operatingIncome": 427201000, "totalOtherIncomeExpenseNet": 156903000, "ebit": 427201000, "interestExpense": -820000, "incomeBeforeTax": 584104000, "incomeTaxExpense": 169990000, "minorityInterest": 6050000, "netIncomeFromContinuingOps": 414114000, "discontinuedOperations": {}, "extraordinaryItems": {}, "effectOfAccountingCharges": {}, "otherItems": {}, "netIncome": 413186000, "netIncomeApplicableToCommonShares": 413186000}, {"maxAge": 1, "endDate": "2018-03-31", "totalRevenue": 4790883000, "costOfRevenue": 4072357000, "grossProfit": 718526000, "researchDevelopment": {}, "sellingGeneralAdministrative": 365140000, "nonRecurring": {}, "otherOperatingExpenses": {}, "totalOperatingExpenses": 4446478000, "operatingIncome": 344405000, "totalOtherIncomeExpenseNet": 95578000, "ebit": 344405000, "interestExpense": -820000, "incomeBeforeTax": 439983000, "incomeTaxExpense": 126262000, "minorityInterest": 5122000, "netIncomeFromContinuingOps": 313721000, "discontinuedOperations": {}, "extraordinaryItems": {}, "effectOfAccountingCharges": {}, "otherItems": {}, "netIncome": 313599000, "netIncomeApplicableToCommonShares": 313599000}, {"maxAge": 1, "endDate": "2017-03-31", "totalRevenue": 5189008000, "costOfRevenue": 4499561000, "grossProfit": 689447000, "researchDevelopment": {}, "sellingGeneralAdministrative": 337095000, "nonRecurring": {}, "otherOperatingExpenses": {}, "totalOperatingExpenses": 4844807000, "operatingIncome": 344201000, "totalOtherIncomeExpenseNet": 115354000, "ebit": 344201000, "interestExpense": -820000, "incomeBeforeTax": 459555000, "incomeTaxExpense": 137324000, "minorityInterest": 5122000, "netIncomeFromContinuingOps": 322231000, "discontinuedOperations": {}, "extraordinaryItems": {}, "effectOfAccountingCharges": {}, "otherItems": {}, "netIncome": 322231000, "netIncomeApplicableToCommonShares": 322231000}], "maxAge": 86400}, "fundOwnership": {"maxAge": 1, "ownershipList": []}, "summaryDetail": {"maxAge": 1, "priceHint": 2, "previousClose": 643.9, "open": 643.9, "dayLow": 624.65, "dayHigh": 681.45, "regularMarketPreviousClose": 643.9, "regularMarketOpen": 643.9, "regularMarketDayLow": 624.65, "regularMarketDayHigh": 681.45, "trailingPE": 18.027712, "volume": 1007, "regularMarketVolume": 1007, "averageVolume": 1829, "averageVolume10days": 2859, "averageDailyVolume10Day": 2859, "bid": 642.0, "ask": 657.5, "bidSize": 0, "askSize": 0, "marketCap": 8102640128, "fiftyTwoWeekLow": 374.4, "fiftyTwoWeekHigh": 719.55, "fiftyDayAverage": 577.3191, "twoHundredDayAverage": 554.01434, "trailingAnnualDividendRate": 10.0, "trailingAnnualDividendYield": 0.015530361, "currency": "INR", "fromCurrency": null, "toCurrency": null, "lastMarket": null, "algorithm": null, "tradeable": false}, "sectorTrend": {"maxAge": 1, "symbol": null, "estimates": []}, "incomeStatementHistoryQuarterly": {"incomeStatementHistory": [{"maxAge": 1, "endDate": "2020-06-30", "totalRevenue": 640153000, "costOfRevenue": 544378000, "grossProfit": 95775000, "researchDevelopment": {}, "sellingGeneralAdministrative": 61671000, "nonRecurring": {}, "otherOperatingExpenses": 34109000, "totalOperatingExpenses": 642389000, "operatingIncome": -2236000, "totalOtherIncomeExpenseNet": 57450000, "ebit": -2236000, "interestExpense": -251000, "incomeBeforeTax": 55214000, "incomeTaxExpense": 9417000, "minorityInterest": {}, "netIncomeFromContinuingOps": 45797000, "discontinuedOperations": {}, "extraordinaryItems": {}, "effectOfAccountingCharges": {}, "otherItems": {}, "netIncome": 45684000, "netIncomeApplicableToCommonShares": 45684000}, {"maxAge": 1, "endDate": "2020-03-31", "totalRevenue": 1222185000, "costOfRevenue": 1022833000, "grossProfit": 199352000, "researchDevelopment": {}, "sellingGeneralAdministrative": 244632000, "nonRecurring": {}, "otherOperatingExpenses": -134315000, "totalOperatingExpenses": 1135996000, "operatingIncome": 86189000, "totalOtherIncomeExpenseNet": 84620000, "ebit": 86189000, "interestExpense": -1149000, "incomeBeforeTax": 170809000, "incomeTaxExpense": 29200000, "minorityInterest": 6807000, "netIncomeFromContinuingOps": 141609000, "discontinuedOperations": {}, "extraordinaryItems": {}, "effectOfAccountingCharges": {}, "otherItems": {}, "netIncome": 141470000, "netIncomeApplicableToCommonShares": 141470000}, {"maxAge": 1, "endDate": "2019-12-31", "totalRevenue": 1434658000, "costOfRevenue": 1228335000, "grossProfit": 206323000, "researchDevelopment": {}, "sellingGeneralAdministrative": 61311000, "nonRecurring": {}, "otherOperatingExpenses": 46131000, "totalOperatingExpenses": 1338495000, "operatingIncome": 96163000, "totalOtherIncomeExpenseNet": 41857000, "ebit": 96163000, "interestExpense": -1149000, "incomeBeforeTax": 138020000, "incomeTaxExpense": 32888000, "minorityInterest": 6807000, "netIncomeFromContinuingOps": 105132000, "discontinuedOperations": {}, "extraordinaryItems": {}, "effectOfAccountingCharges": {}, "otherItems": {}, "netIncome": 104895000, "netIncomeApplicableToCommonShares": 104895000}, {"maxAge": 1, "endDate": "2019-09-30", "totalRevenue": 1244518000, "costOfRevenue": 1058523000, "grossProfit": 185995000, "researchDevelopment": {}, "sellingGeneralAdministrative": 60554000, "nonRecurring": {}, "otherOperatingExpenses": 45841000, "totalOperatingExpenses": 1167505000, "operatingIncome": 77013000, "totalOtherIncomeExpenseNet": 96763000, "ebit": 77013000, "interestExpense": -1149000, "incomeBeforeTax": 173776000, "incomeTaxExpense": 16136000, "minorityInterest": 6431000, "netIncomeFromContinuingOps": 157640000, "discontinuedOperations": {}, "extraordinaryItems": {}, "effectOfAccountingCharges": {}, "otherItems": {}, "netIncome": 157568000, "netIncomeApplicableToCommonShares": 157568000}], "maxAge": 86400}, "cashflowStatementHistoryQuarterly": {"cashflowStatements": [{"maxAge": 1, "endDate": "2020-06-30", "netIncome": 45684000, "changeToLiabilities": 0}, {"maxAge": 1, "endDate": "2020-03-31", "netIncome": 141470000, "changeToLiabilities": 0}, {"maxAge": 1, "endDate": "2019-12-31", "netIncome": 104895000, "changeToLiabilities": 0}, {"maxAge": 1, "endDate": "2019-09-30", "netIncome": 157568000, "changeToLiabilities": 0}], "maxAge": 86400}, "insiderHolders": {"holders": [], "maxAge": 1}, "earnings": {"maxAge": 86400, "earningsChart": {"quarterly": [], "earningsDate": ["2020-06-30 05:30:S"]}, "financialsChart": {"yearly": [{"date": 2017, "revenue": 5189008000, "earnings": 322231000}, {"date": 2018, "revenue": 4790883000, "earnings": 313599000}, {"date": 2019, "revenue": 5242012000, "earnings": 413186000}, {"date": 2020, "revenue": 5324438000, "earnings": 495419000}], "quarterly": [{"date": "3Q2019", "revenue": 1244518000, "earnings": 157568000}, {"date": "4Q2019", "revenue": 1434658000, "earnings": 104895000}, {"date": "1Q2020", "revenue": 1222185000, "earnings": 141470000}, {"date": "2Q2020", "revenue": 640153000, "earnings": 45684000}]}, "financialCurrency": "INR"}, "calendarEvents": {"maxAge": 1, "earnings": {"earningsDate": ["2020-06-30 05:30:S"]}}, "price": {"maxAge": 1, "regularMarketChangePercent": 0.008308705, "regularMarketChange": 5.3499756, "regularMarketTime": "2021-04-30 15:16:09", "priceHint": 2, "regularMarketPrice": 649.25, "regularMarketDayHigh": 681.45, "regularMarketDayLow": 624.65, "regularMarketVolume": 1007, "averageDailyVolume10Day": 2859, "averageDailyVolume3Month": 1829, "regularMarketPreviousClose": 643.9, "regularMarketSource": "FREE_REALTIME", "regularMarketOpen": 643.9, "exchange": "BSE", "exchangeName": "BSE", "exchangeDataDelayedBy": 0, "marketState": "CLOSED", "quoteType": "EQUITY", "symbol": "IMPAL.BO", "underlyingSymbol": null, "shortName": "INDIA MOTOR PARTS & ACCESSORIE", "longName": "India Motor Parts & Accessories Limited", "currency": "INR", "quoteSourceName": "Delayed Quote", "currencySymbol": "\u20b9", "fromCurrency": null, "toCurrency": null, "lastMarket": null, "marketCap": 8102640128}, "balanceSheetHistory": {"balanceSheetStatements": [{"maxAge": 1, "endDate": "2020-03-31", "cash": 263931000, "shortTermInvestments": 1661038000, "netReceivables": 804944000, "inventory": 628683000, "otherCurrentAssets": 106220000, "totalCurrentAssets": 3467364000, "longTermInvestments": 6916996000, "propertyPlantEquipment": 146110000, "goodWill": 26650000, "intangibleAssets": 906000, "otherAssets": 9255000, "totalAssets": 10567281000, "accountsPayable": 357550000, "otherCurrentLiab": 35856000, "otherLiab": 605068000, "minorityInterest": 6807000, "totalCurrentLiabilities": 571563000, "totalLiab": 1176631000, "commonStock": 124800000, "retainedEarnings": 3204043000, "treasuryStock": 6055000000, "otherStockholderEquity": 6055000000, "totalStockholderEquity": 9383843000, "netTangibleAssets": 9356287000}, {"maxAge": 1, "endDate": "2019-03-31", "cash": 169065000, "shortTermInvestments": 2117790000, "netReceivables": 752228000, "inventory": 563981000, "otherCurrentAssets": 62891000, "totalCurrentAssets": 3668047000, "longTermInvestments": 7497557000, "propertyPlantEquipment": 144299000, "goodWill": 26650000, "intangibleAssets": 3770000, "otherAssets": 8889000, "totalAssets": 11349212000, "accountsPayable": 442728000, "otherCurrentLiab": 26527000, "otherLiab": 573466000, "minorityInterest": 6050000, "totalCurrentLiabilities": 645577000, "totalLiab": 1219043000, "commonStock": 83200000, "retainedEarnings": 3081221000, "treasuryStock": 6959698000, "otherStockholderEquity": 6959698000, "totalStockholderEquity": 10124119000, "netTangibleAssets": 10093699000}, {"maxAge": 1, "endDate": "2018-03-31", "cash": 230046000, "shortTermInvestments": 1082854000, "netReceivables": 673139000, "inventory": 525005000, "otherCurrentAssets": 42317000, "totalCurrentAssets": 2553924000, "longTermInvestments": 6824351000, "propertyPlantEquipment": 130906000, "goodWill": 26650000, "intangibleAssets": 6634000, "otherAssets": 8651000, "totalAssets": 9551116000, "accountsPayable": 421387000, "otherCurrentLiab": 23908000, "otherLiab": 67923000, "minorityInterest": 5122000, "totalCurrentLiabilities": 676170000, "totalLiab": 744093000, "commonStock": 83196000, "retainedEarnings": 2778367000, "treasuryStock": 5940338000, "otherStockholderEquity": 5940338000, "totalStockholderEquity": 8801901000, "netTangibleAssets": 8768617000}, {"maxAge": 1, "endDate": "2017-03-31", "cash": 143156000, "shortTermInvestments": 1284451000, "netReceivables": 579815000, "inventory": 451013000, "otherCurrentAssets": 124946000, "totalCurrentAssets": 2584834000, "longTermInvestments": 5463753000, "propertyPlantEquipment": 125871000, "intangibleAssets": 9498000, "otherAssets": 8526000, "totalAssets": 8192482000, "accountsPayable": 423569000, "otherCurrentLiab": 30537000, "otherLiab": 74273000, "totalCurrentLiabilities": 631389000, "totalLiab": 705662000, "commonStock": 83196000, "retainedEarnings": 2524847000, "treasuryStock": 4878777000, "otherStockholderEquity": 4878777000, "totalStockholderEquity": 7486820000, "netTangibleAssets": 7477322000}], "maxAge": 86400}, "earningsTrend": {"trend": [{"maxAge": 1, "period": "0q", "endDate": null, "growth": {}, "earningsEstimate": {"avg": 0.0, "low": 0.0, "high": 0.0, "yearAgoEps": {}, "numberOfAnalysts": 0, "growth": {}}, "revenueEstimate": {"avg": 0, "low": 0, "high": 0, "numberOfAnalysts": 0, "yearAgoRevenue": {}, "growth": {}}, "epsTrend": {"current": 0.0, "7daysAgo": 0.0, "30daysAgo": 0.0, "60daysAgo": 0.0, "90daysAgo": 0.0}, "epsRevisions": {"upLast7days": 0, "upLast30days": 0, "downLast30days": 0, "downLast90days": {}}}, {"maxAge": 1, "period": "+1q", "endDate": null, "growth": {}, "earningsEstimate": {"avg": 0.0, "low": 0.0, "high": 0.0, "yearAgoEps": {}, "numberOfAnalysts": 0, "growth": {}}, "revenueEstimate": {"avg": 0, "low": 0, "high": 0, "numberOfAnalysts": 0, "yearAgoRevenue": {}, "growth": {}}, "epsTrend": {"current": 0.0, "7daysAgo": 0.0, "30daysAgo": 0.0, "60daysAgo": 0.0, "90daysAgo": 0.0}, "epsRevisions": {"upLast7days": 0, "upLast30days": 0, "downLast30days": 0, "downLast90days": {}}}, {"maxAge": 1, "period": "0y", "endDate": null, "growth": {}, "earningsEstimate": {"avg": 0.0, "low": 0.0, "high": 0.0, "yearAgoEps": {}, "numberOfAnalysts": 0, "growth": {}}, "revenueEstimate": {"avg": 0, "low": 0, "high": 0, "numberOfAnalysts": 0, "yearAgoRevenue": {}, "growth": {}}, "epsTrend": {"current": 0.0, "7daysAgo": 0.0, "30daysAgo": 0.0, "60daysAgo": 0.0, "90daysAgo": 0.0}, "epsRevisions": {"upLast7days": 0, "upLast30days": 0, "downLast30days": 0, "downLast90days": {}}}, {"maxAge": 1, "period": "+1y", "endDate": null, "growth": {}, "earningsEstimate": {"avg": 0.0, "low": 0.0, "high": 0.0, "yearAgoEps": {}, "numberOfAnalysts": 0, "growth": {}}, "revenueEstimate": {"avg": 0, "low": 0, "high": 0, "numberOfAnalysts": 0, "yearAgoRevenue": {}, "growth": {}}, "epsTrend": {"current": 0.0, "7daysAgo": 0.0, "30daysAgo": 0.0, "60daysAgo": 0.0, "90daysAgo": 0.0}, "epsRevisions": {"upLast7days": 0, "upLast30days": 0, "downLast30days": 0, "downLast90days": {}}}, {"maxAge": 1, "period": "+5y", "endDate": null, "growth": {}, "earningsEstimate": {"avg": {}, "low": {}, "high": {}, "yearAgoEps": {}, "numberOfAnalysts": {}, "growth": {}}, "revenueEstimate": {"avg": {}, "low": {}, "high": {}, "numberOfAnalysts": {}, "yearAgoRevenue": {}, "growth": {}}, "epsTrend": {"current": {}, "7daysAgo": {}, "30daysAgo": {}, "60daysAgo": {}, "90daysAgo": {}}, "epsRevisions": {"upLast7days": {}, "upLast30days": {}, "downLast30days": {}, "downLast90days": {}}}, {"maxAge": 1, "period": "-5y", "endDate": null, "growth": {}, "earningsEstimate": {"avg": {}, "low": {}, "high": {}, "yearAgoEps": {}, "numberOfAnalysts": {}, "growth": {}}, "revenueEstimate": {"avg": {}, "low": {}, "high": {}, "numberOfAnalysts": {}, "yearAgoRevenue": {}, "growth": {}}, "epsTrend": {"current": {}, "7daysAgo": {}, "30daysAgo": {}, "60daysAgo": {}, "90daysAgo": {}}, "epsRevisions": {"upLast7days": {}, "upLast30days": {}, "downLast30days": {}, "downLast90days": {}}}], "maxAge": 1}, "financialData": {"maxAge": 86400, "currentPrice": 649.25, "targetHighPrice": 394.0, "targetLowPrice": 394.0, "targetMeanPrice": 394.0, "targetMedianPrice": 394.0, "recommendationKey": "none", "numberOfAnalystOpinions": 1, "grossProfits": 789788000, "financialCurrency": "INR"}}}