{"IMPEXFERRO.BO": {"cashflowStatementHistory": {"cashflowStatements": [{"maxAge": 1, "endDate": "2020-03-31", "netIncome": -250481000, "depreciation": 68405000, "changeToNetincome": -1757000, "changeToAccountReceivables": -25130000, "changeToLiabilities": 626780000, "changeToInventory": -297866000, "changeToOperatingActivities": -73796000, "totalCashFromOperatingActivities": 46155000, "capitalExpenditures": -17750000, "totalCashflowsFromInvestingActivities": -17750000, "netBorrowings": -28114000, "otherCashflowsFromFinancingActivities": -255000, "totalCashFromFinancingActivities": -28369000, "changeInCash": 34000}, {"maxAge": 1, "endDate": "2019-03-31", "netIncome": -167463000, "depreciation": 70777000, "changeToNetincome": 15072000, "changeToAccountReceivables": -33017000, "changeToLiabilities": 42778000, "changeToInventory": 59605000, "changeToOperatingActivities": 78617000, "totalCashFromOperatingActivities": 66369000, "capitalExpenditures": -40106000, "totalCashflowsFromInvestingActivities": -40106000, "netBorrowings": -21923000, "otherCashflowsFromFinancingActivities": -11870000, "totalCashFromFinancingActivities": -33793000, "changeInCash": -7530000}, {"maxAge": 1, "endDate": "2018-03-31", "netIncome": -683414000, "depreciation": 71068000, "changeToNetincome": 56291000, "changeToAccountReceivables": 876723000, "changeToLiabilities": -507530000, "changeToInventory": 248998000, "changeToOperatingActivities": 59248000, "totalCashFromOperatingActivities": 121509000, "capitalExpenditures": -33188000, "investments": 32758000, "otherCashflowsFromInvestingActivities": 1471000, "totalCashflowsFromInvestingActivities": 1041000, "netBorrowings": -57765000, "otherCashflowsFromFinancingActivities": -68360000, "totalCashFromFinancingActivities": -126125000, "changeInCash": -3576000}, {"maxAge": 1, "endDate": "2017-03-31", "netIncome": -876426000, "depreciation": 73005000, "changeToNetincome": 498000, "changeToAccountReceivables": 1090196000, "changeToLiabilities": -76232000, "changeToInventory": 190124000, "changeToOperatingActivities": 718000, "totalCashFromOperatingActivities": 401965000, "capitalExpenditures": -18206000, "investments": 19956000, "otherCashflowsFromInvestingActivities": 2195000, "totalCashflowsFromInvestingActivities": 3945000, "netBorrowings": -371130000, "otherCashflowsFromFinancingActivities": -27517000, "totalCashFromFinancingActivities": -398647000, "changeInCash": 7264000}], "maxAge": 86400}, "institutionOwnership": {"maxAge": 1, "ownershipList": []}, "balanceSheetHistoryQuarterly": {"balanceSheetStatements": [{"maxAge": 1, "endDate": "2020-06-30", "totalStockholderEquity": -2189784000, "netTangibleAssets": -2189919000}, {"maxAge": 1, "endDate": "2020-03-31", "cash": 1546000, "netReceivables": 109665000, "inventory": 623790000, "otherCurrentAssets": 105319000, "totalCurrentAssets": 840320000, "propertyPlantEquipment": 1616959000, "intangibleAssets": 135000, "otherAssets": 5421000, "totalAssets": 2462835000, "accountsPayable": 1403880000, "shortLongTermDebt": 1841295000, "otherCurrentLiab": 91150000, "longTermDebt": 63500000, "otherLiab": 12022000, "totalCurrentLiabilities": 4577097000, "totalLiab": 4652619000, "commonStock": 879316000, "treasuryStock": -3069100000, "otherStockholderEquity": -3069100000, "totalStockholderEquity": -2189784000, "netTangibleAssets": -2189919000}, {"maxAge": 1, "endDate": "2019-12-31", "totalStockholderEquity": -2066986000, "netTangibleAssets": -2067120000}, {"maxAge": 1, "endDate": "2019-09-30", "cash": 1246000, "netReceivables": 193677000, "inventory": 548476000, "otherCurrentAssets": 111564000, "totalCurrentAssets": 854963000, "propertyPlantEquipment": 1647122000, "intangibleAssets": 134000, "otherAssets": 5772000, "totalAssets": 2507991000, "accountsPayable": 1249865000, "shortLongTermDebt": 972004000, "otherCurrentLiab": 127858000, "longTermDebt": 935822000, "otherLiab": 13024000, "totalCurrentLiabilities": 3626131000, "totalLiab": 4574977000, "commonStock": 879316000, "treasuryStock": -2946302000, "otherStockholderEquity": -2946302000, "totalStockholderEquity": -2066986000, "netTangibleAssets": -2067120000}], "maxAge": 86400}, "indexTrend": {"maxAge": 1, "symbol": "SP5", "peRatio": 19.7411, "pegRatio": 1.34172, "estimates": [{"period": "0q", "growth": 0.549}, {"period": "+1q", "growth": 0.431}, {"period": "0y", "growth": 0.305}, {"period": "+1y", "growth": 0.109}, {"period": "+5y", "growth": 0.120859005}, {"period": "-5y"}]}, "insiderTransactions": {"transactions": [{"maxAge": 1, "shares": 6335000, "filerUrl": "", "transactionText": "", "filerName": "Astabhuja Properties Pvt. Ltd.", "filerRelation": "UNREPORTED", "moneyText": "", "startDate": "2015-12-26", "ownership": "D"}, {"maxAge": 1, "shares": 2450000, "filerUrl": "", "transactionText": "", "filerName": "Whitestone Supplier Pvt Ltd", "filerRelation": "Institution- Corporation", "moneyText": "", "startDate": "2013-10-30", "ownership": "D"}, {"maxAge": 1, "shares": 3950000, "filerUrl": "", "transactionText": "", "filerName": "Shreyansh Leafin Pvt Ltd", "filerRelation": "Institution- Corporation", "moneyText": "", "startDate": "2013-10-30", "ownership": "D"}, {"maxAge": 1, "shares": 3590000, "filerUrl": "", "transactionText": "", "filerName": "Suanvi Trading & Investment Company Pvt. Ltd.", "filerRelation": "Institution- Corporation", "moneyText": "", "startDate": "2013-10-29", "ownership": "D"}, {"maxAge": 1, "shares": 5000000, "filerUrl": "", "transactionText": "", "filerName": "Poddar Mech Tech Services Pvt. Ltd.", "filerRelation": "Institution- Corporation", "moneyText": "", "startDate": "2012-02-21", "ownership": "D"}, {"maxAge": 1, "shares": 2700000, "filerUrl": "", "transactionText": "", "filerName": "Suanvi Trading & Investment Company Pvt. Ltd.", "filerRelation": "Institution- Corporation", "moneyText": "", "startDate": "2012-02-21", "ownership": "D"}, {"maxAge": 1, "shares": 4025000, "filerUrl": "", "transactionText": "", "filerName": "Invesco Finance Pvt. Ltd.", "filerRelation": "Institution- Corporation", "moneyText": "", "startDate": "2012-02-21", "ownership": "D"}, {"maxAge": 1, "shares": 2854200, "filerUrl": "", "transactionText": "", "filerName": "Vasupujya Enterprises Pvt. Ltd.", "filerRelation": "Institution- Corporation", "moneyText": "", "startDate": "2012-02-21", "ownership": "D"}, {"maxAge": 1, "shares": 2467000, "filerUrl": "", "transactionText": "", "filerName": "Invesco Finance Pvt. Ltd.", "filerRelation": "Institution- Corporation", "moneyText": "", "startDate": "2011-05-10", "ownership": "D"}, {"maxAge": 1, "shares": 3782000, "filerUrl": "", "transactionText": "", "filerName": "Invesco Finance Pvt. Ltd.", "filerRelation": "Institution- Corporation", "moneyText": "", "startDate": "2011-05-07", "ownership": "D"}, {"maxAge": 1, "shares": 235100, "filerUrl": "", "transactionText": "", "filerName": "Patni (Suresh Kumar)", "filerRelation": "Managing Director", "moneyText": "", "startDate": "2011-05-07", "ownership": "D"}, {"maxAge": 1, "shares": 3782000, "filerUrl": "", "transactionText": "", "filerName": "Sahyogi Distributors Pvt. Ltd.", "filerRelation": "Institution- Corporation", "moneyText": "", "startDate": "2011-05-07", "ownership": "D"}, {"maxAge": 1, "shares": 175600, "filerUrl": "", "transactionText": "", "filerName": "Patni (Ankit)", "filerRelation": "Joint Managing director", "moneyText": "", "startDate": "2011-04-04", "ownership": "D"}, {"maxAge": 1, "shares": 1655800, "filerUrl": "", "transactionText": "", "filerName": "Vasupujya Enterprises Pvt. Ltd.", "filerRelation": "Institution- Corporation", "moneyText": "", "startDate": "2011-04-04", "ownership": "D"}, {"maxAge": 1, "shares": 175000, "filerUrl": "", "transactionText": "", "filerName": "Patni (Rohit)", "filerRelation": "Managing Director", "moneyText": "", "startDate": "2011-04-04", "ownership": "D"}, {"maxAge": 1, "shares": 5633750, "filerUrl": "", "transactionText": "", "filerName": "VSN Agro Products Pvt. Ltd.", "filerRelation": "Institution- Corporation", "moneyText": "", "startDate": "2011-03-29", "ownership": "D"}, {"maxAge": 1, "shares": 4288773, "filerUrl": "", "transactionText": "", "filerName": "Patni Metal & Ferro Alloys Pvt Ltd", "filerRelation": "Indirect Shareholder", "moneyText": "", "startDate": "2011-03-29", "ownership": "D"}, {"maxAge": 1, "shares": 6090000, "filerUrl": "", "transactionText": "", "filerName": "Vasupujya Enterprises Pvt. Ltd.", "filerRelation": "Institution- Corporation", "moneyText": "", "startDate": "2011-03-29", "ownership": "D"}, {"maxAge": 1, "shares": 5633750, "filerUrl": "", "transactionText": "", "filerName": "Poddar Mech Tech Services Pvt. Ltd.", "filerRelation": "Institution- Corporation", "moneyText": "", "startDate": "2011-03-29", "ownership": "D"}, {"maxAge": 1, "shares": 6090000, "filerUrl": "", "transactionText": "", "filerName": "Dhodwalal Enterprises Pvt. Ltd.", "filerRelation": "Institution- Corporation", "moneyText": "", "startDate": "2011-03-29", "ownership": "D"}, {"maxAge": 1, "shares": 4288773, "filerUrl": "", "transactionText": "", "filerName": "Suanvi Trading & Investment Company Pvt. Ltd.", "filerRelation": "Institution- Corporation", "moneyText": "", "startDate": "2011-03-29", "ownership": "D"}, {"maxAge": 1, "shares": 4494273, "filerUrl": "", "transactionText": "", "filerName": "Suanvi Trading & Investment Company Pvt. Ltd.", "filerRelation": "Institution- Corporation", "moneyText": "", "startDate": "2011-03-28", "ownership": "D"}, {"maxAge": 1, "shares": 4494273, "filerUrl": "", "transactionText": "", "filerName": "Impex Cement Pvt Ltd", "filerRelation": "Institution- Corporation", "moneyText": "", "startDate": "2011-03-28", "ownership": "D"}], "maxAge": 1}, "quoteType": {"exchange": "BSE", "quoteType": "EQUITY", "symbol": "IMPEXFERRO.BO", "underlyingSymbol": "IMPEXFERRO.BO", "shortName": "IMPEX FERRO TECH LTD.", "longName": "Impex Ferro Tech Limited", "firstTradeDateEpochUtc": "2005-02-03 09:15:00", "timeZoneFullName": "Asia/Kolkata", "timeZoneShortName": "IST", "uuid": "be18d337-d16d-3fc2-b5ba-65844b63387a", "messageBoardId": null, "gmtOffSetMilliseconds": 19800000, "maxAge": 1}, "incomeStatementHistory": {"incomeStatementHistory": [{"maxAge": 1, "endDate": "2020-03-31", "totalRevenue": 529124000, "costOfRevenue": 574087000, "grossProfit": -44963000, "researchDevelopment": {}, "sellingGeneralAdministrative": 11665000, "nonRecurring": {}, "otherOperatingExpenses": 125193000, "totalOperatingExpenses": 779350000, "operatingIncome": -250226000, "totalOtherIncomeExpenseNet": -255000, "ebit": -250226000, "interestExpense": -255000, "incomeBeforeTax": -250481000, "incomeTaxExpense": 0, "minorityInterest": {}, "netIncomeFromContinuingOps": -250481000, "discontinuedOperations": {}, "extraordinaryItems": {}, "effectOfAccountingCharges": {}, "otherItems": {}, "netIncome": -250481000, "netIncomeApplicableToCommonShares": -250481000}, {"maxAge": 1, "endDate": "2019-03-31", "totalRevenue": 998188000, "costOfRevenue": 714372000, "grossProfit": 283816000, "researchDevelopment": {}, "sellingGeneralAdministrative": 69318000, "nonRecurring": {}, "otherOperatingExpenses": 299268000, "totalOperatingExpenses": 1153675000, "operatingIncome": -155487000, "totalOtherIncomeExpenseNet": -11976000, "ebit": -155487000, "interestExpense": -9751000, "incomeBeforeTax": -167463000, "incomeTaxExpense": 0, "minorityInterest": {}, "netIncomeFromContinuingOps": -167463000, "discontinuedOperations": {}, "extraordinaryItems": {}, "effectOfAccountingCharges": {}, "otherItems": {}, "netIncome": -167463000, "netIncomeApplicableToCommonShares": -167463000}, {"maxAge": 1, "endDate": "2018-03-31", "totalRevenue": 1292358000, "costOfRevenue": 1058945000, "grossProfit": 233413000, "researchDevelopment": {}, "sellingGeneralAdministrative": 61032000, "nonRecurring": {}, "otherOperatingExpenses": 730388000, "totalOperatingExpenses": 1921498000, "operatingIncome": -629140000, "totalOtherIncomeExpenseNet": -54274000, "ebit": -629140000, "interestExpense": -57054000, "incomeBeforeTax": -683414000, "incomeTaxExpense": 0, "minorityInterest": {}, "netIncomeFromContinuingOps": -683414000, "discontinuedOperations": {}, "extraordinaryItems": {}, "effectOfAccountingCharges": {}, "otherItems": {}, "netIncome": -683414000, "netIncomeApplicableToCommonShares": -683414000}, {"maxAge": 1, "endDate": "2017-03-31", "totalRevenue": 1213148000, "costOfRevenue": 1088972000, "grossProfit": 124176000, "researchDevelopment": {}, "sellingGeneralAdministrative": 51719000, "nonRecurring": {}, "otherOperatingExpenses": 875374000, "totalOperatingExpenses": 2089152000, "operatingIncome": -876004000, "totalOtherIncomeExpenseNet": -422000, "ebit": -876004000, "interestExpense": -3643000, "incomeBeforeTax": -876426000, "incomeTaxExpense": 0, "minorityInterest": {}, "netIncomeFromContinuingOps": -876426000, "discontinuedOperations": {}, "extraordinaryItems": {}, "effectOfAccountingCharges": {}, "otherItems": {}, "netIncome": -876426000, "netIncomeApplicableToCommonShares": -876426000}], "maxAge": 86400}, "fundOwnership": {"maxAge": 1, "ownershipList": []}, "summaryDetail": {"maxAge": 1, "priceHint": 4, "previousClose": 0.85, "open": 0.83, "dayLow": 0.83, "dayHigh": 0.87, "regularMarketPreviousClose": 0.85, "regularMarketOpen": 0.83, "regularMarketDayLow": 0.83, "regularMarketDayHigh": 0.87, "volume": 1900, "regularMarketVolume": 1900, "averageVolume": 3760, "averageVolume10days": 0, "averageDailyVolume10Day": 0, "bid": 0.83, "ask": 0.85, "bidSize": 0, "askSize": 0, "marketCap": 74741864, "fiftyTwoWeekLow": 0.35, "fiftyTwoWeekHigh": 1.02, "fiftyDayAverage": 1.0142857, "twoHundredDayAverage": 0.80445254, "currency": "INR", "fromCurrency": null, "toCurrency": null, "lastMarket": null, "algorithm": null, "tradeable": false}, "incomeStatementHistoryQuarterly": {"incomeStatementHistory": [{"maxAge": 1, "endDate": "2020-06-30", "totalRevenue": 118455000, "costOfRevenue": 124606000, "grossProfit": -6151000, "researchDevelopment": {}, "sellingGeneralAdministrative": 1093000, "nonRecurring": {}, "otherOperatingExpenses": 27097000, "totalOperatingExpenses": 169102000, "operatingIncome": -50647000, "totalOtherIncomeExpenseNet": -18000, "ebit": -50647000, "interestExpense": -18000, "incomeBeforeTax": -50665000, "incomeTaxExpense": 0, "minorityInterest": {}, "netIncomeFromContinuingOps": -50665000, "discontinuedOperations": {}, "extraordinaryItems": {}, "effectOfAccountingCharges": {}, "otherItems": {}, "netIncome": -50665000, "netIncomeApplicableToCommonShares": -50665000}, {"maxAge": 1, "endDate": "2020-03-31", "totalRevenue": 103560000, "costOfRevenue": 148083000, "grossProfit": -44523000, "researchDevelopment": {}, "sellingGeneralAdministrative": -2796000, "nonRecurring": {}, "otherOperatingExpenses": 14149000, "totalOperatingExpenses": 175787000, "operatingIncome": -72227000, "totalOtherIncomeExpenseNet": -46000, "ebit": -72227000, "interestExpense": -46000, "incomeBeforeTax": -72273000, "incomeTaxExpense": 0, "minorityInterest": {}, "netIncomeFromContinuingOps": -72273000, "discontinuedOperations": {}, "extraordinaryItems": {}, "effectOfAccountingCharges": {}, "otherItems": {}, "netIncome": -72273000, "netIncomeApplicableToCommonShares": -72273000}, {"maxAge": 1, "endDate": "2019-12-31", "totalRevenue": 94321000, "costOfRevenue": 108770000, "grossProfit": -14449000, "researchDevelopment": {}, "sellingGeneralAdministrative": 3000000, "nonRecurring": {}, "otherOperatingExpenses": 13461000, "totalOperatingExpenses": 141803000, "operatingIncome": -47482000, "totalOtherIncomeExpenseNet": -34000, "ebit": -47482000, "interestExpense": -34000, "incomeBeforeTax": -47516000, "incomeTaxExpense": 0, "minorityInterest": {}, "netIncomeFromContinuingOps": -47516000, "discontinuedOperations": {}, "extraordinaryItems": {}, "effectOfAccountingCharges": {}, "otherItems": {}, "netIncome": -47516000, "netIncomeApplicableToCommonShares": -47516000}, {"maxAge": 1, "endDate": "2019-09-30", "totalRevenue": 156475000, "costOfRevenue": 157394000, "grossProfit": -919000, "researchDevelopment": {}, "sellingGeneralAdministrative": 3173000, "nonRecurring": {}, "otherOperatingExpenses": 23708000, "totalOperatingExpenses": 201983000, "operatingIncome": -45508000, "totalOtherIncomeExpenseNet": -43000, "ebit": -45508000, "interestExpense": -43000, "incomeBeforeTax": -45551000, "incomeTaxExpense": 0, "minorityInterest": {}, "netIncomeFromContinuingOps": -45551000, "discontinuedOperations": {}, "extraordinaryItems": {}, "effectOfAccountingCharges": {}, "otherItems": {}, "netIncome": -45551000, "netIncomeApplicableToCommonShares": -45551000}], "maxAge": 86400}, "cashflowStatementHistoryQuarterly": {"cashflowStatements": [{"maxAge": 1, "endDate": "2020-06-30", "netIncome": -50665000, "changeToLiabilities": 0}, {"maxAge": 1, "endDate": "2020-03-31", "netIncome": -72273000, "changeToLiabilities": 0}, {"maxAge": 1, "endDate": "2019-12-31", "netIncome": -47516000, "changeToLiabilities": 0}, {"maxAge": 1, "endDate": "2019-09-30", "netIncome": -45551000, "changeToLiabilities": 0}], "maxAge": 86400}, "insiderHolders": {"holders": [{"maxAge": 1, "name": "Astabhuja Properties Pvt. Ltd.", "relation": "UNREPORTED", "url": "", "transactionDescription": "Acquisition", "latestTransDate": "2015-12-26", "positionDirect": 6335000, "positionDirectDate": "2015-12-26"}, {"maxAge": 1, "name": "Invesco Finance Pvt. Ltd.", "relation": "Institution- Corporation", "url": "", "transactionDescription": "Acquisition", "latestTransDate": "2012-02-21", "positionDirect": 10871250, "positionDirectDate": "2012-02-21"}, {"maxAge": 1, "name": "Patni (Ankit)", "relation": "Joint Managing director", "url": "", "transactionDescription": "Acquisition", "latestTransDate": "2011-04-04", "positionDirect": 175600, "positionDirectDate": "2011-04-04"}, {"maxAge": 1, "name": "Patni (Suresh Kumar)", "relation": "Managing Director", "url": "", "transactionDescription": "Acquisition", "latestTransDate": "2011-05-07", "positionDirect": 466200, "positionDirectDate": "2011-05-07"}, {"maxAge": 1, "name": "Poddar Mech Tech Services Pvt. Ltd.", "relation": "Institution- Corporation", "url": "", "transactionDescription": "Acquisition", "latestTransDate": "2012-02-21", "positionDirect": 10633750, "positionDirectDate": "2012-02-21"}, {"maxAge": 1, "name": "Sahyogi Distributors Pvt. Ltd.", "relation": "Institution- Corporation", "url": "", "transactionDescription": "Sale", "latestTransDate": "2011-05-07", "positionDirect": 2467000, "positionDirectDate": "2011-05-07"}, {"maxAge": 1, "name": "Shreyansh Leafin Pvt Ltd", "relation": "Institution- Corporation", "url": "", "transactionDescription": "Other", "latestTransDate": "2013-10-30", "positionDirect": 3950000, "positionDirectDate": "2013-10-30"}, {"maxAge": 1, "name": "Suanvi Trading & Investment Company Pvt. Ltd.", "relation": "Institution- Corporation", "url": "", "transactionDescription": "Other", "latestTransDate": "2013-10-29", "positionDirect": 15073046, "positionDirectDate": "2013-10-29"}, {"maxAge": 1, "name": "Vasupujya Enterprises Pvt. Ltd.", "relation": "Institution- Corporation", "url": "", "transactionDescription": "Acquisition", "latestTransDate": "2012-02-21", "positionDirect": 10600000, "positionDirectDate": "2012-02-21"}, {"maxAge": 1, "name": "Whitestone Supplier Pvt Ltd", "relation": "Institution- Corporation", "url": "", "transactionDescription": "Other", "latestTransDate": "2013-10-30", "positionDirect": 2450000, "positionDirectDate": "2013-10-30"}], "maxAge": 1}, "calendarEvents": {"maxAge": 1, "earnings": {"earningsDate": []}}, "price": {"maxAge": 1, "regularMarketChangePercent": 0.0, "regularMarketChange": 0.0, "regularMarketTime": "2021-04-29 15:29:22", "priceHint": 4, "regularMarketPrice": 0.85, "regularMarketDayHigh": 0.87, "regularMarketDayLow": 0.83, "regularMarketVolume": 1900, "averageDailyVolume10Day": 0, "averageDailyVolume3Month": 3760, "regularMarketPreviousClose": 0.85, "regularMarketSource": "FREE_REALTIME", "regularMarketOpen": 0.83, "exchange": "BSE", "exchangeName": "BSE", "exchangeDataDelayedBy": 0, "marketState": "CLOSED", "quoteType": "EQUITY", "symbol": "IMPEXFERRO.BO", "underlyingSymbol": null, "shortName": "IMPEX FERRO TECH LTD.", "longName": "Impex Ferro Tech Limited", "currency": "INR", "quoteSourceName": "Delayed Quote", "currencySymbol": "\u20b9", "fromCurrency": null, "toCurrency": null, "lastMarket": null, "marketCap": 74741864}, "balanceSheetHistory": {"balanceSheetStatements": [{"maxAge": 1, "endDate": "2020-03-31", "cash": 1546000, "netReceivables": 109665000, "inventory": 623790000, "otherCurrentAssets": 105319000, "totalCurrentAssets": 840320000, "propertyPlantEquipment": 1616959000, "intangibleAssets": 135000, "otherAssets": 5421000, "totalAssets": 2462835000, "accountsPayable": 1403880000, "shortLongTermDebt": 1841295000, "otherCurrentLiab": 91150000, "longTermDebt": 63500000, "otherLiab": 12022000, "totalCurrentLiabilities": 4577097000, "totalLiab": 4652619000, "commonStock": 879316000, "treasuryStock": -3069100000, "otherStockholderEquity": -3069100000, "totalStockholderEquity": -2189784000, "netTangibleAssets": -2189919000}, {"maxAge": 1, "endDate": "2019-03-31", "cash": 1512000, "netReceivables": 95386000, "inventory": 325924000, "otherCurrentAssets": 92938000, "totalCurrentAssets": 515760000, "propertyPlantEquipment": 1667613000, "intangibleAssets": 135000, "otherAssets": 4728000, "totalAssets": 2188236000, "accountsPayable": 787114000, "shortLongTermDebt": 832500000, "otherCurrentLiab": 87648000, "longTermDebt": 977411000, "otherLiab": 13024000, "totalCurrentLiabilities": 3136091000, "totalLiab": 4126526000, "commonStock": 879316000, "retainedEarnings": -3357257000, "treasuryStock": 14984000, "capitalSurplus": 524667000, "otherStockholderEquity": 14984000, "totalStockholderEquity": -1938290000, "netTangibleAssets": -1938425000}, {"maxAge": 1, "endDate": "2018-03-31", "cash": 9042000, "netReceivables": 64440000, "inventory": 385530000, "otherCurrentAssets": 91027000, "totalCurrentAssets": 550039000, "propertyPlantEquipment": 1698285000, "intangibleAssets": 134000, "otherAssets": 4589000, "totalAssets": 2253047000, "accountsPayable": 749776000, "shortLongTermDebt": 553700000, "otherCurrentLiab": 30034000, "longTermDebt": 1256598000, "otherLiab": 14026000, "totalCurrentLiabilities": 2757454000, "totalLiab": 4028078000, "commonStock": 879316000, "retainedEarnings": -3189794000, "treasuryStock": 10780000, "capitalSurplus": 524667000, "otherStockholderEquity": 10780000, "totalStockholderEquity": -1775031000, "netTangibleAssets": -1775165000}, {"maxAge": 1, "endDate": "2017-03-31", "cash": 12618000, "shortTermInvestments": 32758000, "netReceivables": 954743000, "inventory": 634527000, "otherCurrentAssets": 237482000, "totalCurrentAssets": 1872128000, "propertyPlantEquipment": 1736166000, "intangibleAssets": 259000, "otherAssets": 3075000, "totalAssets": 3611628000, "accountsPayable": 1264553000, "shortLongTermDebt": 318700000, "otherCurrentLiab": 147859000, "longTermDebt": 1543415000, "otherLiab": 15029000, "totalCurrentLiabilities": 3143701000, "totalLiab": 4702145000, "commonStock": 879316000, "retainedEarnings": -2506380000, "treasuryStock": 11880000, "capitalSurplus": 524667000, "otherStockholderEquity": 11880000, "totalStockholderEquity": -1090517000, "netTangibleAssets": -1090776000}], "maxAge": 86400}, "financialData": {"maxAge": 86400, "currentPrice": 0.85, "recommendationKey": "none", "grossProfits": -44963000, "financialCurrency": "INR"}}}