{"INANISEC.BO": {"cashflowStatementHistory": {"cashflowStatements": [{"maxAge": 1, "endDate": "2020-03-31", "netIncome": 3005129, "depreciation": 2838462, "changeToNetincome": 955744, "changeToAccountReceivables": -12478252, "changeToLiabilities": 23656274, "changeToOperatingActivities": -414347, "totalCashFromOperatingActivities": 17563010, "capitalExpenditures": -4483716, "otherCashflowsFromInvestingActivities": 3362131, "totalCashflowsFromInvestingActivities": 1056415, "netBorrowings": -25858192, "otherCashflowsFromFinancingActivities": -4211213, "totalCashFromFinancingActivities": -30069405, "changeInCash": -11449980}, {"maxAge": 1, "endDate": "2019-03-31", "netIncome": 1388320, "depreciation": 1726269, "changeToNetincome": 511200, "changeToAccountReceivables": 9903609, "changeToLiabilities": -11456828, "changeToOperatingActivities": -10516855, "totalCashFromOperatingActivities": -8444285, "capitalExpenditures": -8822969, "otherCashflowsFromInvestingActivities": 3190141, "totalCashflowsFromInvestingActivities": -6133773, "netBorrowings": 5032751, "otherCashflowsFromFinancingActivities": -4129825, "totalCashFromFinancingActivities": 902926, "changeInCash": -13675131}, {"maxAge": 1, "endDate": "2018-03-31", "netIncome": 8304625, "depreciation": 1329911, "changeToNetincome": -2157119, "changeToAccountReceivables": -25858278, "changeToLiabilities": 6735431, "changeToInventory": 25608, "changeToOperatingActivities": 4803077, "totalCashFromOperatingActivities": -6816745, "capitalExpenditures": -3476114, "otherCashflowsFromInvestingActivities": 3333516, "totalCashflowsFromInvestingActivities": -1550409, "netBorrowings": 20307286, "otherCashflowsFromFinancingActivities": -3257466, "totalCashFromFinancingActivities": 17049820, "changeInCash": 8682666}, {"maxAge": 1, "endDate": "2017-03-31", "netIncome": 10373719, "depreciation": 1640792, "changeToNetincome": 476280, "changeToAccountReceivables": -710202, "changeToLiabilities": 5517089, "changeToInventory": -7510, "changeToOperatingActivities": -305611, "totalCashFromOperatingActivities": 16984556, "capitalExpenditures": -12383968, "investments": 9046507, "otherCashflowsFromInvestingActivities": 3872030, "totalCashflowsFromInvestingActivities": 10863322, "netBorrowings": -2141696, "otherCashflowsFromFinancingActivities": -2644518, "totalCashFromFinancingActivities": -4786214, "changeInCash": 23061663}], "maxAge": 86400}, "institutionOwnership": {"maxAge": 1, "ownershipList": []}, "balanceSheetHistoryQuarterly": {"balanceSheetStatements": [{"maxAge": 1, "endDate": "2020-06-30", "totalStockholderEquity": 164577941, "netTangibleAssets": 164533420}, {"maxAge": 1, "endDate": "2020-03-31", "cash": 55570990, "netReceivables": 54819881, "otherCurrentAssets": 20949128, "totalCurrentAssets": 131911442, "longTermInvestments": 14691617, "propertyPlantEquipment": 57523034, "intangibleAssets": 44521, "otherAssets": 7747622, "totalAssets": 211918236, "accountsPayable": 31836422, "shortLongTermDebt": 1953006, "otherCurrentLiab": 2128995, "longTermDebt": 4872672, "otherLiab": 1645212, "totalCurrentLiabilities": 40822411, "totalLiab": 47340295, "commonStock": 45577000, "retainedEarnings": 117411885, "treasuryStock": 1589056, "otherStockholderEquity": 1589056, "totalStockholderEquity": 164577941, "netTangibleAssets": 164533420}, {"maxAge": 1, "endDate": "2019-12-31", "totalStockholderEquity": 166600000, "netTangibleAssets": 166554000}, {"maxAge": 1, "endDate": "2019-09-30", "cash": 47603000, "netReceivables": 94520000, "inventory": 575000, "otherCurrentAssets": 6871000, "totalCurrentAssets": 149569000, "longTermInvestments": 14692000, "propertyPlantEquipment": 49481000, "intangibleAssets": 46000, "otherAssets": 9096000, "totalAssets": 222884000, "accountsPayable": 11722000, "shortLongTermDebt": 38541000, "otherCurrentLiab": 2745000, "longTermDebt": 2515000, "otherLiab": 761000, "totalCurrentLiabilities": 53008000, "totalLiab": 56284000, "commonStock": 47166000, "retainedEarnings": 119430000, "treasuryStock": 4000, "otherStockholderEquity": 4000, "totalStockholderEquity": 166600000, "netTangibleAssets": 166554000}], "maxAge": 86400}, "indexTrend": {"maxAge": 1, "symbol": "SP5", "peRatio": 19.7411, "pegRatio": 1.34172, "estimates": [{"period": "0q", "growth": 0.549}, {"period": "+1q", "growth": 0.431}, {"period": "0y", "growth": 0.305}, {"period": "+1y", "growth": 0.109}, {"period": "+5y", "growth": 0.120859005}, {"period": "-5y"}]}, "quoteType": {"exchange": "BSE", "quoteType": "EQUITY", "symbol": "INANISEC.BO", "underlyingSymbol": "INANISEC.BO", "shortName": "INANI SECURITIES LTD.", "longName": "Inani Securities Limited", "firstTradeDateEpochUtc": "2002-07-03 09:15:00", "timeZoneFullName": "Asia/Kolkata", "timeZoneShortName": "IST", "uuid": "2ee04cae-37d4-314d-9c6e-4712d6212c1a", "messageBoardId": null, "gmtOffSetMilliseconds": 19800000, "maxAge": 1}, "incomeStatementHistory": {"incomeStatementHistory": [{"maxAge": 1, "endDate": "2020-03-31", "totalRevenue": 17717708, "costOfRevenue": 1361450, "grossProfit": 16356258, "researchDevelopment": {}, "sellingGeneralAdministrative": 12703326, "nonRecurring": {}, "otherOperatingExpenses": {}, "totalOperatingExpenses": 16903238, "operatingIncome": 814470, "totalOtherIncomeExpenseNet": 2848082, "ebit": 0, "interestExpense": {}, "incomeBeforeTax": 3662552, "incomeTaxExpense": 657423, "minorityInterest": {}, "netIncomeFromContinuingOps": 3005129, "discontinuedOperations": {}, "extraordinaryItems": {}, "effectOfAccountingCharges": {}, "otherItems": {}, "netIncome": 3005129, "netIncomeApplicableToCommonShares": 3005129}, {"maxAge": 1, "endDate": "2019-03-31", "totalRevenue": 15702288, "costOfRevenue": 806215, "grossProfit": 14896073, "researchDevelopment": {}, "sellingGeneralAdministrative": 12127751, "nonRecurring": {}, "otherOperatingExpenses": {}, "totalOperatingExpenses": 14660235, "operatingIncome": 1042053, "totalOtherIncomeExpenseNet": 1042709, "ebit": 0, "interestExpense": {}, "incomeBeforeTax": 2084762, "incomeTaxExpense": 696442, "minorityInterest": {}, "netIncomeFromContinuingOps": 1388320, "discontinuedOperations": {}, "extraordinaryItems": {}, "effectOfAccountingCharges": {}, "otherItems": {}, "netIncome": 1388320, "netIncomeApplicableToCommonShares": 1388320}, {"maxAge": 1, "endDate": "2018-03-31", "totalRevenue": 19918844, "costOfRevenue": 1019028, "grossProfit": 18899816, "researchDevelopment": {}, "sellingGeneralAdministrative": 8161263, "nonRecurring": {}, "otherOperatingExpenses": 4534374, "totalOperatingExpenses": 15044576, "operatingIncome": 4874268, "totalOtherIncomeExpenseNet": 4994095, "ebit": 0, "interestExpense": {}, "incomeBeforeTax": 9868363, "incomeTaxExpense": 1563738, "minorityInterest": {}, "netIncomeFromContinuingOps": 8304625, "discontinuedOperations": {}, "extraordinaryItems": {}, "effectOfAccountingCharges": {}, "otherItems": {}, "netIncome": 8304625, "netIncomeApplicableToCommonShares": 8304625}, {"maxAge": 1, "endDate": "2017-03-31", "totalRevenue": 22822140, "costOfRevenue": 732465, "grossProfit": 22089675, "researchDevelopment": {}, "sellingGeneralAdministrative": 9244616, "nonRecurring": {}, "otherOperatingExpenses": 4947434, "totalOperatingExpenses": 16565307, "operatingIncome": 6256833, "totalOtherIncomeExpenseNet": 6991872, "ebit": 0, "interestExpense": {}, "incomeBeforeTax": 13248705, "incomeTaxExpense": 2874986, "minorityInterest": {}, "netIncomeFromContinuingOps": 10373719, "discontinuedOperations": {}, "extraordinaryItems": {}, "effectOfAccountingCharges": {}, "otherItems": {}, "netIncome": 10373719, "netIncomeApplicableToCommonShares": 10373719}], "maxAge": 86400}, "fundOwnership": {"maxAge": 1, "ownershipList": []}, "summaryDetail": {"maxAge": 1, "priceHint": 2, "previousClose": 16.25, "open": 16.25, "dayLow": 16.25, "dayHigh": 16.25, "regularMarketPreviousClose": 16.25, "regularMarketOpen": 16.25, "regularMarketDayLow": 16.25, "regularMarketDayHigh": 16.25, "trailingPE": 24.658575, "volume": 250, "regularMarketVolume": 250, "averageVolume": 32, "averageVolume10days": 0, "averageDailyVolume10Day": 0, "bid": 0.0, "ask": 16.0, "bidSize": 0, "askSize": 0, "marketCap": 74062624, "fiftyTwoWeekLow": 13.72, "fiftyTwoWeekHigh": 24.9, "fiftyDayAverage": 20.875715, "twoHundredDayAverage": 19.27832, "currency": "INR", "fromCurrency": null, "toCurrency": null, "lastMarket": null, "algorithm": null, "tradeable": false}, "incomeStatementHistoryQuarterly": {"incomeStatementHistory": [{"maxAge": 1, "endDate": "2020-06-30", "totalRevenue": 4294000, "costOfRevenue": 0, "grossProfit": 4294000, "researchDevelopment": {}, "sellingGeneralAdministrative": 1627000, "nonRecurring": {}, "otherOperatingExpenses": 1041000, "totalOperatingExpenses": 3368000, "operatingIncome": 926000, "totalOtherIncomeExpenseNet": 0, "ebit": 0, "interestExpense": {}, "incomeBeforeTax": 926000, "incomeTaxExpense": 241000, "minorityInterest": {}, "netIncomeFromContinuingOps": 685000, "discontinuedOperations": {}, "extraordinaryItems": {}, "effectOfAccountingCharges": {}, "otherItems": {}, "netIncome": 685000, "netIncomeApplicableToCommonShares": 685000}, {"maxAge": 1, "endDate": "2020-03-31", "totalRevenue": 2946708, "costOfRevenue": 386450, "grossProfit": 2560258, "researchDevelopment": {}, "sellingGeneralAdministrative": 7786326, "nonRecurring": {}, "otherOperatingExpenses": -4967000, "totalOperatingExpenses": 4769238, "operatingIncome": -1822530, "totalOtherIncomeExpenseNet": 2848082, "ebit": 0, "interestExpense": {}, "incomeBeforeTax": 1025552, "incomeTaxExpense": -1577, "minorityInterest": {}, "netIncomeFromContinuingOps": 1027129, "discontinuedOperations": {}, "extraordinaryItems": {}, "effectOfAccountingCharges": {}, "otherItems": {}, "netIncome": 1027129, "netIncomeApplicableToCommonShares": 1027129}, {"maxAge": 1, "endDate": "2019-12-31", "totalRevenue": 4763000, "costOfRevenue": 0, "grossProfit": 4763000, "researchDevelopment": {}, "sellingGeneralAdministrative": 1910000, "nonRecurring": {}, "otherOperatingExpenses": 1923000, "totalOperatingExpenses": 4243000, "operatingIncome": 520000, "totalOtherIncomeExpenseNet": 0, "ebit": 0, "interestExpense": {}, "incomeBeforeTax": 520000, "incomeTaxExpense": 130000, "minorityInterest": {}, "netIncomeFromContinuingOps": 390000, "discontinuedOperations": {}, "extraordinaryItems": {}, "effectOfAccountingCharges": {}, "otherItems": {}, "netIncome": 390000, "netIncomeApplicableToCommonShares": 390000}, {"maxAge": 1, "endDate": "2019-09-30", "totalRevenue": 4575000, "costOfRevenue": 0, "grossProfit": 4575000, "researchDevelopment": {}, "sellingGeneralAdministrative": 1566000, "nonRecurring": {}, "otherOperatingExpenses": 1373000, "totalOperatingExpenses": 3404000, "operatingIncome": 1171000, "totalOtherIncomeExpenseNet": 0, "ebit": 0, "interestExpense": {}, "incomeBeforeTax": 1171000, "incomeTaxExpense": 293000, "minorityInterest": {}, "netIncomeFromContinuingOps": 878000, "discontinuedOperations": {}, "extraordinaryItems": {}, "effectOfAccountingCharges": {}, "otherItems": {}, "netIncome": 878000, "netIncomeApplicableToCommonShares": 878000}], "maxAge": 86400}, "cashflowStatementHistoryQuarterly": {"cashflowStatements": [{"maxAge": 1, "endDate": "2020-06-30", "netIncome": 685000, "changeToLiabilities": 0}, {"maxAge": 1, "endDate": "2020-03-31", "netIncome": 1027129, "changeToLiabilities": 0}, {"maxAge": 1, "endDate": "2019-12-31", "netIncome": 390000, "changeToLiabilities": 0}, {"maxAge": 1, "endDate": "2019-09-30", "netIncome": 878000, "changeToLiabilities": 0}], "maxAge": 86400}, "insiderHolders": {"holders": [], "maxAge": 1}, "calendarEvents": {"maxAge": 1, "earnings": {"earningsDate": []}}, "price": {"maxAge": 1, "regularMarketChangePercent": 0.0, "regularMarketChange": 0.0, "regularMarketTime": "2021-04-29 13:54:10", "priceHint": 2, "regularMarketPrice": 16.25, "regularMarketDayHigh": 16.25, "regularMarketDayLow": 16.25, "regularMarketVolume": 250, "averageDailyVolume10Day": 0, "averageDailyVolume3Month": 32, "regularMarketPreviousClose": 16.25, "regularMarketSource": "FREE_REALTIME", "regularMarketOpen": 16.25, "exchange": "BSE", "exchangeName": "BSE", "exchangeDataDelayedBy": 0, "marketState": "CLOSED", "quoteType": "EQUITY", "symbol": "INANISEC.BO", "underlyingSymbol": null, "shortName": "INANI SECURITIES LTD.", "longName": "Inani Securities Limited", "currency": "INR", "quoteSourceName": "Delayed Quote", "currencySymbol": "\u20b9", "fromCurrency": null, "toCurrency": null, "lastMarket": null, "marketCap": 74062624}, "balanceSheetHistory": {"balanceSheetStatements": [{"maxAge": 1, "endDate": "2020-03-31", "cash": 55570990, "netReceivables": 54819881, "otherCurrentAssets": 20949128, "totalCurrentAssets": 131911442, "longTermInvestments": 14691617, "propertyPlantEquipment": 57523034, "intangibleAssets": 44521, "otherAssets": 7747622, "totalAssets": 211918236, "accountsPayable": 31836422, "shortLongTermDebt": 1953006, "otherCurrentLiab": 2128995, "longTermDebt": 4872672, "otherLiab": 1645212, "totalCurrentLiabilities": 40822411, "totalLiab": 47340295, "commonStock": 45577000, "retainedEarnings": 117411885, "treasuryStock": 1589056, "otherStockholderEquity": 1589056, "totalStockholderEquity": 164577941, "netTangibleAssets": 164533420}, {"maxAge": 1, "endDate": "2019-03-31", "cash": 85018385, "netReceivables": 42627316, "otherCurrentAssets": 3010545, "totalCurrentAssets": 131227689, "longTermInvestments": 14691617, "propertyPlantEquipment": 55877217, "intangibleAssets": 45085, "otherAssets": 9925621, "totalAssets": 211767229, "accountsPayable": 8180148, "shortLongTermDebt": 2096706, "otherCurrentLiab": 2644501, "longTermDebt": 5050645, "otherLiab": 1620211, "totalCurrentLiabilities": 43523564, "totalLiab": 50194420, "commonStock": 45577000, "retainedEarnings": 114406753, "treasuryStock": 1589056, "otherStockholderEquity": 1589056, "totalStockholderEquity": 161572809, "netTangibleAssets": 161527724}, {"maxAge": 1, "endDate": "2018-03-31", "cash": 56618999, "netReceivables": 48647303, "otherCurrentAssets": 45351755, "totalCurrentAssets": 151189500, "longTermInvestments": 14691617, "propertyPlantEquipment": 47054247, "intangibleAssets": 45649, "otherAssets": 10644278, "deferredLongTermAssetCharges": 217712, "totalAssets": 223625291, "accountsPayable": 19636976, "shortLongTermDebt": 2063003, "otherCurrentLiab": 9466806, "longTermDebt": 5362699, "otherLiab": 765213, "totalCurrentLiabilities": 57312890, "totalLiab": 63440802, "commonStock": 45577000, "retainedEarnings": 113018433, "treasuryStock": 1589056, "otherStockholderEquity": 1589056, "totalStockholderEquity": 160184489, "netTangibleAssets": 160138840}, {"maxAge": 1, "endDate": "2017-03-31", "cash": 47413146, "netReceivables": 21381215, "otherCurrentAssets": 44443674, "totalCurrentAssets": 113835086, "longTermInvestments": 14691617, "propertyPlantEquipment": 45275512, "intangibleAssets": 46213, "otherAssets": 13016039, "deferredLongTermAssetCharges": 294783, "totalAssets": 186864467, "accountsPayable": 12901545, "otherCurrentLiab": 8461682, "longTermDebt": 6534942, "otherLiab": 2, "totalCurrentLiabilities": 28449659, "totalLiab": 34984603, "commonStock": 45577000, "retainedEarnings": 104713808, "treasuryStock": 1589056, "otherStockholderEquity": 1589056, "totalStockholderEquity": 151879864, "netTangibleAssets": 151833651}], "maxAge": 86400}, "financialData": {"maxAge": 86400, "currentPrice": 16.25, "recommendationKey": "none", "grossProfits": 16356258, "financialCurrency": "INR"}}}