{"INANI.BO": {"recommendationTrend": {"trend": [{"period": "0m", "strongBuy": 0, "buy": 0, "hold": 0, "sell": 0, "strongSell": 0}, {"period": "-1m", "strongBuy": 0, "buy": 0, "hold": 0, "sell": 0, "strongSell": 0}, {"period": "-2m", "strongBuy": 0, "buy": 0, "hold": 0, "sell": 0, "strongSell": 0}, {"period": "-3m", "strongBuy": 0, "buy": 0, "hold": 0, "sell": 0, "strongSell": 0}], "maxAge": 86400}, "cashflowStatementHistory": {"cashflowStatements": [{"maxAge": 1, "endDate": "2020-03-31", "netIncome": -3130000, "depreciation": 25853000, "changeToNetincome": 22494000, "changeToAccountReceivables": 5575000, "changeToLiabilities": 67000, "changeToInventory": -14574000, "changeToOperatingActivities": 10341000, "totalCashFromOperatingActivities": 46626000, "capitalExpenditures": -124307000, "totalCashflowsFromInvestingActivities": -120548000, "dividendsPaid": -652000, "netBorrowings": 81950000, "otherCashflowsFromFinancingActivities": -15261000, "totalCashFromFinancingActivities": 66037000, "changeInCash": -7885000}, {"maxAge": 1, "endDate": "2019-03-31", "netIncome": 8581627, "depreciation": 28187873, "changeToNetincome": 30308973, "changeToAccountReceivables": 98947008, "changeToLiabilities": -64677663, "changeToInventory": -28674924, "changeToOperatingActivities": -29357452, "totalCashFromOperatingActivities": 43315442, "capitalExpenditures": -17826523, "otherCashflowsFromInvestingActivities": 6995480, "totalCashflowsFromInvestingActivities": -7941107, "dividendsPaid": -650500, "netBorrowings": -13085436, "otherCashflowsFromFinancingActivities": -15329307, "totalCashFromFinancingActivities": -29065243, "changeInCash": 6309092}, {"maxAge": 1, "endDate": "2018-03-31", "netIncome": 4047714, "depreciation": 28816256, "changeToNetincome": 13627277, "changeToAccountReceivables": -23774020, "changeToLiabilities": 793510, "changeToInventory": 29583093, "changeToOperatingActivities": -19926065, "totalCashFromOperatingActivities": 33167765, "capitalExpenditures": -13361158, "otherCashflowsFromInvestingActivities": 6995480, "totalCashflowsFromInvestingActivities": -6256158, "dividendsPaid": -650500, "netBorrowings": -5123115, "otherCashflowsFromFinancingActivities": -19186113, "totalCashFromFinancingActivities": -24959728, "changeInCash": 1951879}, {"maxAge": 1, "endDate": "2017-03-31", "netIncome": 16549703, "depreciation": 27370933, "changeToNetincome": 14311184, "changeToAccountReceivables": 30134755, "changeToLiabilities": -9044650, "changeToInventory": -2107447, "changeToOperatingActivities": -18003734, "totalCashFromOperatingActivities": 59210744, "capitalExpenditures": -32297531, "otherCashflowsFromInvestingActivities": 1038295, "totalCashflowsFromInvestingActivities": -26845849, "dividendsPaid": -1626250, "netBorrowings": -13072857, "otherCashflowsFromFinancingActivities": -20673222, "totalCashFromFinancingActivities": -35372329, "changeInCash": -3007434}], "maxAge": 86400}, "institutionOwnership": {"maxAge": 1, "ownershipList": []}, "balanceSheetHistoryQuarterly": {"balanceSheetStatements": [{"maxAge": 1, "endDate": "2020-06-30", "totalStockholderEquity": 429652000, "netTangibleAssets": 429652000}, {"maxAge": 1, "endDate": "2020-03-31", "cash": 2906000, "shortTermInvestments": 76049000, "netReceivables": 199422000, "inventory": 223337000, "totalCurrentAssets": 501714000, "longTermInvestments": 25086000, "propertyPlantEquipment": 317168000, "totalAssets": 843968000, "accountsPayable": 121406000, "otherCurrentLiab": 27139000, "longTermDebt": 70590000, "otherLiab": 11325000, "totalCurrentLiabilities": 332401000, "totalLiab": 414316000, "commonStock": 32525000, "treasuryStock": 397127000, "otherStockholderEquity": 397127000, "totalStockholderEquity": 429652000, "netTangibleAssets": 429652000}, {"maxAge": 1, "endDate": "2019-12-31", "totalStockholderEquity": 433320000, "netTangibleAssets": 433320000}, {"maxAge": 1, "endDate": "2019-09-30", "cash": 7582000, "netReceivables": 208999000, "inventory": 213957000, "otherCurrentAssets": 59757000, "totalCurrentAssets": 490295000, "longTermInvestments": 20456000, "propertyPlantEquipment": 315915000, "totalAssets": 826666000, "accountsPayable": 178015000, "otherCurrentLiab": 19280000, "longTermDebt": 20859000, "otherLiab": 13666000, "totalCurrentLiabilities": 358821000, "totalLiab": 393346000, "commonStock": 32525000, "treasuryStock": 400795000, "otherStockholderEquity": 400795000, "totalStockholderEquity": 433320000, "netTangibleAssets": 433320000}], "maxAge": 86400}, "earningsHistory": {"history": [{"maxAge": 1, "epsActual": {}, "epsEstimate": {}, "epsDifference": {}, "surprisePercent": {}, "quarter": {}, "period": "-4q"}, {"maxAge": 1, "epsActual": {}, "epsEstimate": {}, "epsDifference": {}, "surprisePercent": {}, "quarter": {}, "period": "-3q"}, {"maxAge": 1, "epsActual": {}, "epsEstimate": {}, "epsDifference": {}, "surprisePercent": {}, "quarter": {}, "period": "-2q"}, {"maxAge": 1, "epsActual": {}, "epsEstimate": {}, "epsDifference": {}, "surprisePercent": {}, "quarter": {}, "period": "-1q"}], "maxAge": 86400}, "indexTrend": {"maxAge": 1, "symbol": "SP5", "peRatio": 19.7411, "pegRatio": 1.34172, "estimates": [{"period": "0q", "growth": 0.549}, {"period": "+1q", "growth": 0.431}, {"period": "0y", "growth": 0.305}, {"period": "+1y", "growth": 0.109}, {"period": "+5y", "growth": 0.120859005}, {"period": "-5y"}]}, "industryTrend": {"maxAge": 1, "symbol": null, "estimates": []}, "quoteType": {"exchange": "BSE", "quoteType": "EQUITY", "symbol": "INANI.BO", "underlyingSymbol": "INANI.BO", "shortName": "INANI MARBLES & INDUSTRIES LTD", "longName": "Inani Marbles and Industries Limited", "firstTradeDateEpochUtc": "2002-03-22 09:15:00", "timeZoneFullName": "Asia/Kolkata", "timeZoneShortName": "IST", "uuid": "a1ad2f4f-eb77-3001-bcbb-d1eb7d7a263e", "messageBoardId": null, "gmtOffSetMilliseconds": 19800000, "maxAge": 1}, "incomeStatementHistory": {"incomeStatementHistory": [{"maxAge": 1, "endDate": "2020-03-31", "totalRevenue": 315545000, "costOfRevenue": 229864000, "grossProfit": 85681000, "researchDevelopment": {}, "sellingGeneralAdministrative": 19228000, "nonRecurring": {}, "otherOperatingExpenses": 43167000, "totalOperatingExpenses": 318112000, "operatingIncome": -2567000, "totalOtherIncomeExpenseNet": -2122000, "ebit": -2567000, "interestExpense": -17733000, "incomeBeforeTax": -4689000, "incomeTaxExpense": -1559000, "minorityInterest": {}, "netIncomeFromContinuingOps": -3130000, "discontinuedOperations": {}, "extraordinaryItems": {}, "effectOfAccountingCharges": {}, "otherItems": {}, "netIncome": -3130000, "netIncomeApplicableToCommonShares": -3130000}, {"maxAge": 1, "endDate": "2019-03-31", "totalRevenue": 365657682, "costOfRevenue": 97025170, "grossProfit": 268632512, "researchDevelopment": {}, "sellingGeneralAdministrative": 26125016, "nonRecurring": {}, "otherOperatingExpenses": 190775083, "totalOperatingExpenses": 342113142, "operatingIncome": 23544540, "totalOtherIncomeExpenseNet": -13600844, "ebit": 23544540, "interestExpense": -16069171, "incomeBeforeTax": 9943696, "incomeTaxExpense": 1362069, "minorityInterest": {}, "netIncomeFromContinuingOps": 8581627, "discontinuedOperations": {}, "extraordinaryItems": {}, "effectOfAccountingCharges": {}, "otherItems": {}, "netIncome": 8581627, "netIncomeApplicableToCommonShares": 8581627}, {"maxAge": 1, "endDate": "2018-03-31", "totalRevenue": 402975654, "costOfRevenue": 140980480, "grossProfit": 261995174, "researchDevelopment": {}, "sellingGeneralAdministrative": 25362555, "nonRecurring": {}, "otherOperatingExpenses": 188054977, "totalOperatingExpenses": 383214268, "operatingIncome": 19761386, "totalOtherIncomeExpenseNet": -15062244, "ebit": 19761386, "interestExpense": -20430953, "incomeBeforeTax": 4699142, "incomeTaxExpense": 651428, "minorityInterest": {}, "netIncomeFromContinuingOps": 4047714, "discontinuedOperations": {}, "extraordinaryItems": {}, "effectOfAccountingCharges": {}, "otherItems": {}, "netIncome": 4047714, "netIncomeApplicableToCommonShares": 4047714}, {"maxAge": 1, "endDate": "2017-03-31", "totalRevenue": 446850500, "costOfRevenue": 132119538, "grossProfit": 314730962, "researchDevelopment": {}, "sellingGeneralAdministrative": 25449286, "nonRecurring": {}, "otherOperatingExpenses": 220007608, "totalOperatingExpenses": 404947365, "operatingIncome": 41903135, "totalOtherIncomeExpenseNet": -17178835, "ebit": 41903135, "interestExpense": -21380451, "incomeBeforeTax": 24724300, "incomeTaxExpense": 8174597, "minorityInterest": {}, "netIncomeFromContinuingOps": 16549703, "discontinuedOperations": {}, "extraordinaryItems": {}, "effectOfAccountingCharges": {}, "otherItems": {}, "netIncome": 16549703, "netIncomeApplicableToCommonShares": 16549703}], "maxAge": 86400}, "fundOwnership": {"maxAge": 1, "ownershipList": []}, "summaryDetail": {"maxAge": 1, "priceHint": 2, "previousClose": 17.0, "open": 17.8, "dayLow": 16.0, "dayHigh": 17.8, "regularMarketPreviousClose": 17.0, "regularMarketOpen": 17.8, "regularMarketDayLow": 16.0, "regularMarketDayHigh": 17.8, "trailingPE": 1794.4445, "volume": 1211, "regularMarketVolume": 1211, "averageVolume": 4805, "averageVolume10days": 6813, "averageDailyVolume10Day": 6813, "bid": 16.0, "ask": 17.1, "bidSize": 0, "askSize": 0, "marketCap": 262639376, "fiftyTwoWeekLow": 5.23, "fiftyTwoWeekHigh": 23.35, "fiftyDayAverage": 18.084286, "twoHundredDayAverage": 14.71197, "trailingAnnualDividendRate": 0.04, "trailingAnnualDividendYield": 0.002352941, "currency": "INR", "fromCurrency": null, "toCurrency": null, "lastMarket": null, "algorithm": null, "tradeable": false}, "sectorTrend": {"maxAge": 1, "symbol": null, "estimates": []}, "incomeStatementHistoryQuarterly": {"incomeStatementHistory": [{"maxAge": 1, "endDate": "2020-06-30", "totalRevenue": 93384000, "costOfRevenue": 54308000, "grossProfit": 39076000, "researchDevelopment": {}, "sellingGeneralAdministrative": 5502000, "nonRecurring": {}, "otherOperatingExpenses": 16891000, "totalOperatingExpenses": 84189000, "operatingIncome": 9195000, "totalOtherIncomeExpenseNet": -4909000, "ebit": 9195000, "interestExpense": -5503000, "incomeBeforeTax": 4286000, "incomeTaxExpense": 728000, "minorityInterest": {}, "netIncomeFromContinuingOps": 3558000, "discontinuedOperations": {}, "extraordinaryItems": {}, "effectOfAccountingCharges": {}, "otherItems": {}, "netIncome": 3558000, "netIncomeApplicableToCommonShares": 3558000}, {"maxAge": 1, "endDate": "2020-03-31", "totalRevenue": 80221000, "costOfRevenue": 57980000, "grossProfit": 22241000, "researchDevelopment": {}, "sellingGeneralAdministrative": 4030000, "nonRecurring": {}, "otherOperatingExpenses": 16323000, "totalOperatingExpenses": 85627000, "operatingIncome": -5406000, "totalOtherIncomeExpenseNet": 5553000, "ebit": -5406000, "interestExpense": -5624000, "incomeBeforeTax": 147000, "incomeTaxExpense": -1559000, "minorityInterest": {}, "netIncomeFromContinuingOps": 1706000, "discontinuedOperations": {}, "extraordinaryItems": {}, "effectOfAccountingCharges": {}, "otherItems": {}, "netIncome": 1706000, "netIncomeApplicableToCommonShares": 1706000}, {"maxAge": 1, "endDate": "2019-12-31", "totalRevenue": 93903000, "costOfRevenue": 75174000, "grossProfit": 18729000, "researchDevelopment": {}, "sellingGeneralAdministrative": 6434000, "nonRecurring": {}, "otherOperatingExpenses": 10116000, "totalOperatingExpenses": 97575000, "operatingIncome": -3672000, "totalOtherIncomeExpenseNet": -2434000, "ebit": -3672000, "interestExpense": -4700000, "incomeBeforeTax": -6106000, "incomeTaxExpense": -732000, "minorityInterest": {}, "netIncomeFromContinuingOps": -5374000, "discontinuedOperations": {}, "extraordinaryItems": {}, "effectOfAccountingCharges": {}, "otherItems": {}, "netIncome": -5374000, "netIncomeApplicableToCommonShares": -5374000}, {"maxAge": 1, "endDate": "2019-09-30", "totalRevenue": 60140000, "costOfRevenue": 38303000, "grossProfit": 21837000, "researchDevelopment": {}, "sellingGeneralAdministrative": 5129000, "nonRecurring": {}, "otherOperatingExpenses": 6984000, "totalOperatingExpenses": 56863000, "operatingIncome": 3277000, "totalOtherIncomeExpenseNet": -2674000, "ebit": 3277000, "interestExpense": -3550000, "incomeBeforeTax": 603000, "incomeTaxExpense": 342000, "minorityInterest": {}, "netIncomeFromContinuingOps": 261000, "discontinuedOperations": {}, "extraordinaryItems": {}, "effectOfAccountingCharges": {}, "otherItems": {}, "netIncome": 261000, "netIncomeApplicableToCommonShares": 261000}], "maxAge": 86400}, "cashflowStatementHistoryQuarterly": {"cashflowStatements": [{"maxAge": 1, "endDate": "2020-06-30", "netIncome": 3558000, "changeToLiabilities": 0}, {"maxAge": 1, "endDate": "2020-03-31", "netIncome": 1706000, "changeToLiabilities": 0}, {"maxAge": 1, "endDate": "2019-12-31", "netIncome": -5374000, "changeToLiabilities": 0}, {"maxAge": 1, "endDate": "2019-09-30", "netIncome": 261000, "changeToLiabilities": 0}], "maxAge": 86400}, "insiderHolders": {"holders": [], "maxAge": 1}, "earnings": {"maxAge": 86400, "earningsChart": {"quarterly": [], "earningsDate": ["2020-08-31 05:30:S"]}, "financialsChart": {"yearly": [{"date": 2017, "revenue": 446850500, "earnings": 16549703}, {"date": 2018, "revenue": 402975654, "earnings": 4047714}, {"date": 2019, "revenue": 365657682, "earnings": 8581627}, {"date": 2020, "revenue": 315545000, "earnings": -3130000}], "quarterly": [{"date": "3Q2019", "revenue": 60140000, "earnings": 261000}, {"date": "4Q2019", "revenue": 93903000, "earnings": -5374000}, {"date": "1Q2020", "revenue": 80221000, "earnings": 1706000}, {"date": "2Q2020", "revenue": 93384000, "earnings": 3558000}]}, "financialCurrency": "INR"}, "calendarEvents": {"maxAge": 1, "earnings": {"earningsDate": ["2020-08-31 05:30:S"]}}, "price": {"maxAge": 1, "regularMarketChangePercent": -0.050000023, "regularMarketChange": -0.8500004, "regularMarketTime": "2021-04-30 15:29:37", "priceHint": 2, "regularMarketPrice": 16.15, "regularMarketDayHigh": 17.8, "regularMarketDayLow": 16.0, "regularMarketVolume": 1211, "averageDailyVolume10Day": 6813, "averageDailyVolume3Month": 4805, "regularMarketPreviousClose": 17.0, "regularMarketSource": "FREE_REALTIME", "regularMarketOpen": 17.8, "exchange": "BSE", "exchangeName": "BSE", "exchangeDataDelayedBy": 0, "marketState": "CLOSED", "quoteType": "EQUITY", "symbol": "INANI.BO", "underlyingSymbol": null, "shortName": "INANI MARBLES & INDUSTRIES LTD", "longName": "Inani Marbles and Industries Limited", "currency": "INR", "quoteSourceName": "Delayed Quote", "currencySymbol": "\u20b9", "fromCurrency": null, "toCurrency": null, "lastMarket": null, "marketCap": 262639376}, "balanceSheetHistory": {"balanceSheetStatements": [{"maxAge": 1, "endDate": "2020-03-31", "cash": 2906000, "shortTermInvestments": 76049000, "netReceivables": 199422000, "inventory": 223337000, "totalCurrentAssets": 501714000, "longTermInvestments": 25086000, "propertyPlantEquipment": 317168000, "totalAssets": 843968000, "accountsPayable": 121406000, "otherCurrentLiab": 27139000, "longTermDebt": 70590000, "otherLiab": 11325000, "totalCurrentLiabilities": 332401000, "totalLiab": 414316000, "commonStock": 32525000, "treasuryStock": 397127000, "otherStockholderEquity": 397127000, "totalStockholderEquity": 429652000, "netTangibleAssets": 429652000}, {"maxAge": 1, "endDate": "2019-03-31", "cash": 10435671, "shortTermInvestments": 68372000, "netReceivables": 235076911, "inventory": 208762243, "otherCurrentAssets": 37235105, "totalCurrentAssets": 492967929, "longTermInvestments": 3000250, "propertyPlantEquipment": 222472145, "otherAssets": 34794872, "totalAssets": 753235196, "accountsPayable": 120359186, "shortLongTermDebt": 8674922, "otherCurrentLiab": 6086335, "longTermDebt": 12053460, "otherLiab": 13666044, "totalCurrentLiabilities": 293949270, "totalLiab": 319668774, "commonStock": 32525000, "retainedEarnings": 399041422, "treasuryStock": 2000000, "otherStockholderEquity": 2000000, "totalStockholderEquity": 433566422, "netTangibleAssets": 433566422}, {"maxAge": 1, "endDate": "2018-03-31", "cash": 4126579, "shortTermInvestments": 81403000, "netReceivables": 329173273, "inventory": 180087319, "otherCurrentAssets": 55305574, "totalCurrentAssets": 570109410, "longTermInvestments": 3000250, "propertyPlantEquipment": 249924956, "otherAssets": 17135816, "totalAssets": 840170432, "accountsPayable": 172078728, "shortLongTermDebt": 8437766, "otherCurrentLiab": 30806029, "longTermDebt": 16748516, "otherLiab": 18273481, "totalCurrentLiabilities": 379379428, "totalLiab": 414401425, "commonStock": 32525000, "retainedEarnings": 391244007, "treasuryStock": 2000000, "otherStockholderEquity": 2000000, "totalStockholderEquity": 425769007, "netTangibleAssets": 425769007}, {"maxAge": 1, "endDate": "2017-03-31", "cash": 2174700, "netReceivables": 298571353, "inventory": 209670412, "otherCurrentAssets": 43169466, "totalCurrentAssets": 555187809, "longTermInvestments": 3000250, "propertyPlantEquipment": 271945605, "otherAssets": 16345225, "totalAssets": 846478889, "accountsPayable": 171285218, "shortLongTermDebt": 12599925, "otherCurrentLiab": 30133524, "longTermDebt": 24246418, "otherLiab": 19587930, "totalCurrentLiabilities": 380140321, "totalLiab": 423974669, "commonStock": 32525000, "retainedEarnings": 387979220, "treasuryStock": 2000000, "otherStockholderEquity": 2000000, "totalStockholderEquity": 422504220, "netTangibleAssets": 422504220}], "maxAge": 86400}, "earningsTrend": {"trend": [{"maxAge": 1, "period": "0q", "endDate": null, "growth": {}, "earningsEstimate": {"avg": 0.0, "low": 0.0, "high": 0.0, "yearAgoEps": {}, "numberOfAnalysts": 0, "growth": {}}, "revenueEstimate": {"avg": 0, "low": 0, "high": 0, "numberOfAnalysts": 0, "yearAgoRevenue": {}, "growth": {}}, "epsTrend": {"current": 0.0, "7daysAgo": 0.0, "30daysAgo": 0.0, "60daysAgo": 0.0, "90daysAgo": 0.0}, "epsRevisions": {"upLast7days": 0, "upLast30days": 0, "downLast30days": 0, "downLast90days": {}}}, {"maxAge": 1, "period": "+1q", "endDate": null, "growth": {}, "earningsEstimate": {"avg": 0.0, "low": 0.0, "high": 0.0, "yearAgoEps": {}, "numberOfAnalysts": 0, "growth": {}}, "revenueEstimate": {"avg": 0, "low": 0, "high": 0, "numberOfAnalysts": 0, "yearAgoRevenue": {}, "growth": {}}, "epsTrend": {"current": 0.0, "7daysAgo": 0.0, "30daysAgo": 0.0, "60daysAgo": 0.0, "90daysAgo": 0.0}, "epsRevisions": {"upLast7days": 0, "upLast30days": 0, "downLast30days": 0, "downLast90days": {}}}, {"maxAge": 1, "period": "0y", "endDate": null, "growth": {}, "earningsEstimate": {"avg": 0.0, "low": 0.0, "high": 0.0, "yearAgoEps": {}, "numberOfAnalysts": 0, "growth": {}}, "revenueEstimate": {"avg": 0, "low": 0, "high": 0, "numberOfAnalysts": 0, "yearAgoRevenue": {}, "growth": {}}, "epsTrend": {"current": 0.0, "7daysAgo": 0.0, "30daysAgo": 0.0, "60daysAgo": 0.0, "90daysAgo": 0.0}, "epsRevisions": {"upLast7days": 0, "upLast30days": 0, "downLast30days": 0, "downLast90days": {}}}, {"maxAge": 1, "period": "+1y", "endDate": null, "growth": {}, "earningsEstimate": {"avg": 0.0, "low": 0.0, "high": 0.0, "yearAgoEps": {}, "numberOfAnalysts": 0, "growth": {}}, "revenueEstimate": {"avg": 0, "low": 0, "high": 0, "numberOfAnalysts": 0, "yearAgoRevenue": {}, "growth": {}}, "epsTrend": {"current": 0.0, "7daysAgo": 0.0, "30daysAgo": 0.0, "60daysAgo": 0.0, "90daysAgo": 0.0}, "epsRevisions": {"upLast7days": 0, "upLast30days": 0, "downLast30days": 0, "downLast90days": {}}}, {"maxAge": 1, "period": "+5y", "endDate": null, "growth": {}, "earningsEstimate": {"avg": {}, "low": {}, "high": {}, "yearAgoEps": {}, "numberOfAnalysts": {}, "growth": {}}, "revenueEstimate": {"avg": {}, "low": {}, "high": {}, "numberOfAnalysts": {}, "yearAgoRevenue": {}, "growth": {}}, "epsTrend": {"current": {}, "7daysAgo": {}, "30daysAgo": {}, "60daysAgo": {}, "90daysAgo": {}}, "epsRevisions": {"upLast7days": {}, "upLast30days": {}, "downLast30days": {}, "downLast90days": {}}}, {"maxAge": 1, "period": "-5y", "endDate": null, "growth": {}, "earningsEstimate": {"avg": {}, "low": {}, "high": {}, "yearAgoEps": {}, "numberOfAnalysts": {}, "growth": {}}, "revenueEstimate": {"avg": {}, "low": {}, "high": {}, "numberOfAnalysts": {}, "yearAgoRevenue": {}, "growth": {}}, "epsTrend": {"current": {}, "7daysAgo": {}, "30daysAgo": {}, "60daysAgo": {}, "90daysAgo": {}}, "epsRevisions": {"upLast7days": {}, "upLast30days": {}, "downLast30days": {}, "downLast90days": {}}}], "maxAge": 1}, "financialData": {"maxAge": 86400, "currentPrice": 16.15, "targetHighPrice": 195.0, "targetLowPrice": 195.0, "targetMeanPrice": 195.0, "targetMedianPrice": 195.0, "recommendationKey": "none", "numberOfAnalystOpinions": 1, "grossProfits": 85681000, "financialCurrency": "INR"}}}