{"INCAP.BO": {"cashflowStatementHistory": {"cashflowStatements": [{"maxAge": 1, "endDate": "2020-03-31", "netIncome": 4396218, "depreciation": 4552966, "changeToNetincome": -8082116, "changeToAccountReceivables": -21287324, "changeToLiabilities": 115684760, "changeToInventory": 17939380, "changeToOperatingActivities": -5147181, "totalCashFromOperatingActivities": 108056703, "capitalExpenditures": -1529102, "otherCashflowsFromInvestingActivities": 8622373, "totalCashflowsFromInvestingActivities": 7093271, "netBorrowings": -1951472, "otherCashflowsFromFinancingActivities": -5005087, "totalCashFromFinancingActivities": -6956559, "changeInCash": 108193415}, {"maxAge": 1, "endDate": "2019-03-31", "netIncome": 9716682, "depreciation": 4475909, "changeToNetincome": 213274, "changeToAccountReceivables": 12750705, "changeToLiabilities": 12869585, "changeToInventory": -6579408, "changeToOperatingActivities": -51002023, "totalCashFromOperatingActivities": -17555276, "capitalExpenditures": -9266847, "investments": -20000000, "otherCashflowsFromInvestingActivities": 5011999, "totalCashflowsFromInvestingActivities": -24231411, "dividendsPaid": -5133200, "netBorrowings": 4682655, "otherCashflowsFromFinancingActivities": -4266170, "totalCashFromFinancingActivities": -4716715, "changeInCash": -46503402}, {"maxAge": 1, "endDate": "2018-03-31", "netIncome": 28486892, "depreciation": 3692744, "changeToNetincome": -8104825, "changeToAccountReceivables": 74968, "changeToLiabilities": 11167431, "changeToInventory": 3730640, "changeToOperatingActivities": -2890922, "totalCashFromOperatingActivities": 36156928, "capitalExpenditures": -5739503, "investments": -20000000, "otherCashflowsFromInvestingActivities": 6629386, "totalCashflowsFromInvestingActivities": 923508, "dividendsPaid": -5133200, "netBorrowings": 2560977, "otherCashflowsFromFinancingActivities": -2387639, "totalCashFromFinancingActivities": -4959862, "changeInCash": 32120575}, {"maxAge": 1, "endDate": "2017-03-31", "netIncome": 23571373, "depreciation": 2974117, "changeToNetincome": 2729669, "changeToAccountReceivables": 25126845, "changeToLiabilities": -13652419, "changeToInventory": 15979161, "changeToOperatingActivities": -3699156, "totalCashFromOperatingActivities": 53029590, "capitalExpenditures": -3892922, "investments": -20000000, "otherCashflowsFromInvestingActivities": 2457653, "totalCashflowsFromInvestingActivities": 12608366, "dividendsPaid": -5133200, "netBorrowings": -13744990, "otherCashflowsFromFinancingActivities": -5189413, "totalCashFromFinancingActivities": -24067603, "changeInCash": 41570353}], "maxAge": 86400}, "institutionOwnership": {"ownershipList": [], "maxAge": 1}, "balanceSheetHistoryQuarterly": {"balanceSheetStatements": [{"maxAge": 1, "endDate": "2020-06-30", "cash": 76381000, "netReceivables": 64089000, "inventory": 17675000, "otherCurrentAssets": 13157000, "totalCurrentAssets": 171302000, "longTermInvestments": 20000000, "propertyPlantEquipment": 45308000, "otherAssets": 137236000, "totalAssets": 373846000, "accountsPayable": 177962000, "shortLongTermDebt": 1904000, "otherCurrentLiab": 1514000, "longTermDebt": 17936000, "otherLiab": 3208000, "totalCurrentLiabilities": 198998000, "totalLiab": 220142000, "commonStock": 51332000, "treasuryStock": 102372000, "otherStockholderEquity": 102372000, "totalStockholderEquity": 153704000, "netTangibleAssets": 153704000}, {"maxAge": 1, "endDate": "2020-03-31", "cash": 136723465, "netReceivables": 71351186, "inventory": 15079466, "otherCurrentAssets": 9103727, "totalCurrentAssets": 232257844, "longTermInvestments": 20000000, "propertyPlantEquipment": 46470531, "otherAssets": 56721481, "totalAssets": 355449856, "accountsPayable": 182152763, "shortLongTermDebt": 1903544, "otherCurrentLiab": 1514040, "longTermDebt": 4937824, "otherLiab": 3209144, "totalCurrentLiabilities": 193772336, "totalLiab": 201919304, "commonStock": 51332000, "retainedEarnings": 98781693, "treasuryStock": 1176859, "capitalSurplus": 2240000, "otherStockholderEquity": 1176859, "totalStockholderEquity": 153530552, "netTangibleAssets": 153530552}, {"maxAge": 1, "endDate": "2019-12-31", "cash": 31807000, "netReceivables": 149320000, "inventory": 20087000, "otherCurrentAssets": 9460000, "totalCurrentAssets": 210674000, "longTermInvestments": 20000000, "propertyPlantEquipment": 47344000, "otherAssets": 148144000, "totalAssets": 426162000, "accountsPayable": 194570000, "longTermDebt": 54773000, "otherLiab": 3137000, "totalCurrentLiabilities": 206717000, "totalLiab": 264627000, "commonStock": 51332000, "treasuryStock": 110203000, "otherStockholderEquity": 110203000, "totalStockholderEquity": 161535000, "netTangibleAssets": 161535000}, {"maxAge": 1, "endDate": "2019-09-30", "cash": 31848000, "netReceivables": 113612000, "inventory": 24616000, "otherCurrentAssets": 3830000, "totalCurrentAssets": 173906000, "longTermInvestments": 20000000, "propertyPlantEquipment": 47571000, "otherAssets": 157894000, "totalAssets": 399371000, "accountsPayable": 156283000, "otherCurrentLiab": 574000, "longTermDebt": 62477000, "otherLiab": 3137000, "totalCurrentLiabilities": 176849000, "totalLiab": 242463000, "commonStock": 51332000, "treasuryStock": 105576000, "otherStockholderEquity": 105576000, "totalStockholderEquity": 156908000, "netTangibleAssets": 156908000}], "maxAge": 86400}, "indexTrend": {"maxAge": 1, "symbol": "SP5", "peRatio": 19.7411, "pegRatio": 1.34172, "estimates": [{"period": "0q", "growth": 0.549}, {"period": "+1q", "growth": 0.431}, {"period": "0y", "growth": 0.305}, {"period": "+1y", "growth": 0.109}, {"period": "+5y", "growth": 0.120859005}, {"period": "-5y"}]}, "insiderTransactions": {"transactions": [{"maxAge": 1, "shares": 6138, "filerUrl": "", "transactionText": "", "filerName": "Kumari (Lalitha C)", "filerRelation": "Promoter", "moneyText": "", "startDate": "2017-02-07", "ownership": "D"}], "maxAge": 1}, "quoteType": {"exchange": "BSE", "quoteType": "EQUITY", "symbol": "INCAP.BO", "underlyingSymbol": "INCAP.BO", "shortName": "INCAP LTD.", "longName": "Incap Limited", "firstTradeDateEpochUtc": "2002-01-07 09:15:00", "timeZoneFullName": "Asia/Kolkata", "timeZoneShortName": "IST", "uuid": "a4691997-80c5-3c27-a2b5-f2f89a8b787d", "gmtOffSetMilliseconds": 19800000, "maxAge": 1}, "incomeStatementHistory": {"incomeStatementHistory": [{"maxAge": 1, "endDate": "2020-03-31", "totalRevenue": 383250120, "costOfRevenue": 106214444, "grossProfit": 277035676, "researchDevelopment": {}, "sellingGeneralAdministrative": 21422458, "nonRecurring": {}, "otherOperatingExpenses": 249008511, "totalOperatingExpenses": 381198379, "operatingIncome": 2051741, "totalOtherIncomeExpenseNet": 3930889, "ebit": 2051741, "interestExpense": -5005087, "incomeBeforeTax": 5982630, "incomeTaxExpense": 1586412, "minorityInterest": {}, "netIncomeFromContinuingOps": 4396218, "discontinuedOperations": {}, "extraordinaryItems": {}, "effectOfAccountingCharges": {}, "otherItems": {}, "netIncome": 4396218, "netIncomeApplicableToCommonShares": 4396218}, {"maxAge": 1, "endDate": "2019-03-31", "totalRevenue": 205833104, "costOfRevenue": 128303303, "grossProfit": 77529801, "researchDevelopment": {}, "sellingGeneralAdministrative": 21772990, "nonRecurring": {}, "otherOperatingExpenses": 44807530, "totalOperatingExpenses": 199359732, "operatingIncome": 6473372, "totalOtherIncomeExpenseNet": 7226967, "ebit": 6473372, "interestExpense": -3221171, "incomeBeforeTax": 13700339, "incomeTaxExpense": 3983657, "minorityInterest": {}, "netIncomeFromContinuingOps": 9716682, "discontinuedOperations": {}, "extraordinaryItems": {}, "effectOfAccountingCharges": {}, "otherItems": {}, "netIncome": 9716682, "netIncomeApplicableToCommonShares": 9716682}, {"maxAge": 1, "endDate": "2018-03-31", "totalRevenue": 279549924, "costOfRevenue": 147356809, "grossProfit": 132193115, "researchDevelopment": {}, "sellingGeneralAdministrative": 19252395, "nonRecurring": {}, "otherOperatingExpenses": 77809643, "totalOperatingExpenses": 248111591, "operatingIncome": 31438333, "totalOtherIncomeExpenseNet": 7496466, "ebit": 31438333, "interestExpense": -1342640, "incomeBeforeTax": 38934799, "incomeTaxExpense": 10447907, "minorityInterest": {}, "netIncomeFromContinuingOps": 28486892, "discontinuedOperations": {}, "extraordinaryItems": {}, "effectOfAccountingCharges": {}, "otherItems": {}, "netIncome": 28486892, "netIncomeApplicableToCommonShares": 28486892}, {"maxAge": 1, "endDate": "2017-03-31", "totalRevenue": 264448473, "costOfRevenue": 135449179, "grossProfit": 128999294, "researchDevelopment": {}, "sellingGeneralAdministrative": 17247549, "nonRecurring": {}, "otherOperatingExpenses": 72575220, "totalOperatingExpenses": 228246065, "operatingIncome": 36202408, "totalOtherIncomeExpenseNet": -686938, "ebit": 36202408, "interestExpense": -4144414, "incomeBeforeTax": 35515470, "incomeTaxExpense": 11944097, "minorityInterest": {}, "netIncomeFromContinuingOps": 23571373, "discontinuedOperations": {}, "extraordinaryItems": {}, "effectOfAccountingCharges": {}, "otherItems": {}, "netIncome": 23571373, "netIncomeApplicableToCommonShares": 23571373}], "maxAge": 86400}, "fundOwnership": {"ownershipList": [], "maxAge": 1}, "summaryDetail": {"maxAge": 1, "priceHint": 2, "previousClose": 19.0, "open": 19.95, "dayLow": 18.5, "dayHigh": 19.95, "regularMarketPreviousClose": 19.0, "regularMarketOpen": 19.95, "regularMarketDayLow": 18.5, "regularMarketDayHigh": 19.95, "trailingPE": 23.139534, "volume": 33, "regularMarketVolume": 33, "averageVolume": 975, "averageVolume10days": 644, "averageDailyVolume10Day": 644, "bid": 19.5, "ask": 19.9, "bidSize": 0, "askSize": 0, "marketCap": 102150680, "fiftyTwoWeekLow": 18.5, "fiftyTwoWeekHigh": 35.35, "fiftyDayAverage": 25.065151, "twoHundredDayAverage": 27.680147, "trailingAnnualDividendRate": 1.0, "trailingAnnualDividendYield": 0.05263158, "currency": "INR", "fromCurrency": null, "lastMarket": null, "algorithm": null, "tradeable": false}, "incomeStatementHistoryQuarterly": {"incomeStatementHistory": [{"maxAge": 1, "endDate": "2020-06-30", "totalRevenue": 56608000, "costOfRevenue": 7545000, "grossProfit": 49063000, "researchDevelopment": {}, "sellingGeneralAdministrative": 2671000, "nonRecurring": {}, "otherOperatingExpenses": 44474000, "totalOperatingExpenses": 55853000, "operatingIncome": 755000, "totalOtherIncomeExpenseNet": -582000, "ebit": 755000, "interestExpense": -581000, "incomeBeforeTax": 173000, "incomeTaxExpense": 0, "minorityInterest": {}, "netIncomeFromContinuingOps": 173000, "discontinuedOperations": {}, "extraordinaryItems": {}, "effectOfAccountingCharges": {}, "otherItems": {}, "netIncome": 173000, "netIncomeApplicableToCommonShares": 173000}, {"maxAge": 1, "endDate": "2020-03-31", "totalRevenue": 79681120, "costOfRevenue": 25291444, "grossProfit": 54389676, "researchDevelopment": {}, "sellingGeneralAdministrative": 6953458, "nonRecurring": {}, "otherOperatingExpenses": 58580511, "totalOperatingExpenses": 91737379, "operatingIncome": -12056259, "totalOtherIncomeExpenseNet": 7671889, "ebit": -12056259, "interestExpense": -1264087, "incomeBeforeTax": -4384370, "incomeTaxExpense": 1586412, "minorityInterest": {}, "netIncomeFromContinuingOps": -5970782, "discontinuedOperations": {}, "extraordinaryItems": {}, "effectOfAccountingCharges": {}, "otherItems": {}, "netIncome": -5970782, "netIncomeApplicableToCommonShares": -5970782}, {"maxAge": 1, "endDate": "2019-12-31", "totalRevenue": 114608000, "costOfRevenue": 30881000, "grossProfit": 83727000, "researchDevelopment": {}, "sellingGeneralAdministrative": 4457000, "nonRecurring": {}, "otherOperatingExpenses": 72081000, "totalOperatingExpenses": 108628000, "operatingIncome": 5980000, "totalOtherIncomeExpenseNet": -1353000, "ebit": 5980000, "interestExpense": -1352000, "incomeBeforeTax": 4627000, "incomeTaxExpense": 0, "minorityInterest": {}, "netIncomeFromContinuingOps": 4627000, "discontinuedOperations": {}, "extraordinaryItems": {}, "effectOfAccountingCharges": {}, "otherItems": {}, "netIncome": 4627000, "netIncomeApplicableToCommonShares": 4627000}, {"maxAge": 1, "endDate": "2019-09-30", "totalRevenue": 132888000, "costOfRevenue": 23760000, "grossProfit": 109128000, "researchDevelopment": {}, "sellingGeneralAdministrative": 4672000, "nonRecurring": {}, "otherOperatingExpenses": 97605000, "totalOperatingExpenses": 127255000, "operatingIncome": 5633000, "totalOtherIncomeExpenseNet": -1482000, "ebit": 5633000, "interestExpense": -1482000, "incomeBeforeTax": 4151000, "incomeTaxExpense": 0, "minorityInterest": {}, "netIncomeFromContinuingOps": 4151000, "discontinuedOperations": {}, "extraordinaryItems": {}, "effectOfAccountingCharges": {}, "otherItems": {}, "netIncome": 4151000, "netIncomeApplicableToCommonShares": 4151000}], "maxAge": 86400}, "cashflowStatementHistoryQuarterly": {"cashflowStatements": [{"maxAge": 1, "endDate": "2020-06-30", "netIncome": 173000, "changeToLiabilities": 0}, {"maxAge": 1, "endDate": "2020-03-31", "netIncome": -5970782, "changeToLiabilities": 0}, {"maxAge": 1, "endDate": "2019-12-31", "netIncome": 4627000, "changeToLiabilities": 0}, {"maxAge": 1, "endDate": "2019-09-30", "netIncome": 4151000, "changeToLiabilities": 0}], "maxAge": 86400}, "insiderHolders": {"holders": [{"maxAge": 1, "name": "Kumari (Lalitha C)", "relation": "Promoter", "url": "", "transactionDescription": "Purchase", "latestTransDate": "2017-02-07", "positionDirect": 368045, "positionDirectDate": "2017-02-07"}], "maxAge": 1}, "calendarEvents": {"maxAge": 1, "earnings": {"earningsDate": []}}, "upgradeDowngradeHistory": {"history": [], "maxAge": 86400}, "price": {"maxAge": 1, "regularMarketChangePercent": 0.047368396, "regularMarketChange": 0.8999996, "regularMarketTime": "2021-04-30 15:15:55", "priceHint": 2, "regularMarketPrice": 19.9, "regularMarketDayHigh": 19.95, "regularMarketDayLow": 18.5, "regularMarketVolume": 33, "averageDailyVolume10Day": 644, "averageDailyVolume3Month": 975, "regularMarketPreviousClose": 19.0, "regularMarketSource": "FREE_REALTIME", "regularMarketOpen": 19.95, "exchange": "BSE", "exchangeName": "BSE", "exchangeDataDelayedBy": 0, "marketState": "CLOSED", "quoteType": "EQUITY", "symbol": "INCAP.BO", "underlyingSymbol": null, "shortName": "INCAP LTD.", "longName": "Incap Limited", "currency": "INR", "quoteSourceName": "Delayed Quote", "currencySymbol": "\u20b9", "fromCurrency": null, "lastMarket": null, "marketCap": 102150680}, "balanceSheetHistory": {"balanceSheetStatements": [{"maxAge": 1, "endDate": "2020-03-31", "cash": 136723465, "netReceivables": 71351186, "inventory": 15079466, "otherCurrentAssets": 9103727, "totalCurrentAssets": 232257844, "longTermInvestments": 20000000, "propertyPlantEquipment": 46470531, "otherAssets": 56721481, "totalAssets": 355449856, "accountsPayable": 182152763, "shortLongTermDebt": 1903544, "otherCurrentLiab": 1514040, "longTermDebt": 4937824, "otherLiab": 3209144, "totalCurrentLiabilities": 193772336, "totalLiab": 201919304, "commonStock": 51332000, "retainedEarnings": 98781693, "treasuryStock": 1176859, "capitalSurplus": 2240000, "otherStockholderEquity": 1176859, "totalStockholderEquity": 153530552, "netTangibleAssets": 153530552}, {"maxAge": 1, "endDate": "2019-03-31", "cash": 28530049, "netReceivables": 49771104, "inventory": 33018847, "otherCurrentAssets": 2533377, "totalCurrentAssets": 113853377, "longTermInvestments": 20000000, "propertyPlantEquipment": 49494395, "otherAssets": 62305006, "totalAssets": 245652778, "accountsPayable": 66468003, "shortLongTermDebt": 1903544, "otherCurrentLiab": 3724316, "longTermDebt": 6889296, "otherLiab": 3136772, "totalCurrentLiabilities": 84458207, "totalLiab": 94484275, "commonStock": 51332000, "retainedEarnings": 94385475, "treasuryStock": 3211028, "capitalSurplus": 2240000, "otherStockholderEquity": 3211028, "totalStockholderEquity": 151168503, "netTangibleAssets": 151168503}, {"maxAge": 1, "endDate": "2018-03-31", "cash": 75033452, "netReceivables": 62521809, "inventory": 26439438, "otherCurrentAssets": 1953581, "totalCurrentAssets": 165948280, "propertyPlantEquipment": 44736826, "otherAssets": 13185049, "totalAssets": 223870155, "accountsPayable": 53598418, "shortLongTermDebt": 1228086, "otherCurrentLiab": 1966702, "longTermDebt": 2882099, "otherLiab": 2877431, "totalCurrentLiabilities": 70309633, "totalLiab": 76069163, "commonStock": 51332000, "retainedEarnings": 90846992, "treasuryStock": 3382000, "capitalSurplus": 2240000, "otherStockholderEquity": 3382000, "totalStockholderEquity": 147800992, "netTangibleAssets": 147800992}, {"maxAge": 1, "endDate": "2017-03-31", "cash": 42912877, "netReceivables": 62596777, "inventory": 30170078, "otherCurrentAssets": 857058, "totalCurrentAssets": 136548238, "propertyPlantEquipment": 42179281, "intangibleAssets": 583885, "otherAssets": 12940984, "totalAssets": 192252388, "accountsPayable": 44275470, "shortLongTermDebt": 1037359, "otherCurrentLiab": 2429557, "longTermDebt": 511850, "otherLiab": 3279456, "totalCurrentLiabilities": 62968783, "totalLiab": 66760089, "commonStock": 51332000, "retainedEarnings": 68538299, "treasuryStock": 3382000, "capitalSurplus": 2240000, "otherStockholderEquity": 3382000, "totalStockholderEquity": 125492299, "netTangibleAssets": 124908414}], "maxAge": 86400}, "financialData": {"maxAge": 86400, "currentPrice": 19.9, "recommendationKey": "none", "grossProfits": 277035676, "financialCurrency": "INR"}}}