{"INDBANK.NS": {"assetProfile": {"address1": "1st Floor, Khiviraj Complex I, No:480", "address2": "Anna Salai, Nandanam No: 480, Anna Salai Nandanam", "city": "Chennai", "zip": "600035", "country": "India", "phone": "+91 44 24313094", "fax": "+91 44 24313093", "website": "http://www.indbankonline.com", "industry": "Capital Markets", "sector": "Financial Services", "longBusinessSummary": "Indbank Merchant Banking Services Limited provides merchant banking, stock broking, depository participant, and allied services in India. It also distributes mutual funds. The company was incorporated in 1989 and is based in Chennai, India. Indbank Merchant Banking Services Limited is a subsidiary of Indian Bank.", "companyOfficers": [{"maxAge": 1, "name": "Mr. U.  Rajkumar", "age": 33, "title": "VP & CFO", "yearBorn": 1987, "fiscalYear": 2020, "totalPay": 382000, "exercisedValue": 0, "unexercisedValue": 0}, {"maxAge": 1, "name": "Mr. V.  Balamurugan C.S.", "title": "Compliance Officer & Company Sec.", "fiscalYear": 2020, "totalPay": 732000, "exercisedValue": 0, "unexercisedValue": 0}, {"maxAge": 1, "name": "Mr. A.  Rajaraman", "age": 56, "title": "Pres & Additional Whole Time Director", "yearBorn": 1964, "exercisedValue": 0, "unexercisedValue": 0}, {"maxAge": 1, "name": "Mr. K. S. Aswatha Narayanan", "title": "Head of Bengalore Branch and VP", "exercisedValue": 0, "unexercisedValue": 0}, {"maxAge": 1, "name": "Mr. R.  Ravi", "title": "VP", "exercisedValue": 0, "unexercisedValue": 0}], "compensationAsOfEpochDate": "2020-12-31 05:30:00", "maxAge": 86400}, "cashflowStatementHistory": {"cashflowStatements": [{"maxAge": 1, "endDate": "2021-03-31", "netIncome": 40540000, "depreciation": 1851000, "changeToNetincome": 6937000, "changeToLiabilities": 0, "changeToOperatingActivities": 11550000, "totalCashFromOperatingActivities": 60878000, "capitalExpenditures": -2242000, "investments": -61324000, "otherCashflowsFromInvestingActivities": 120000, "totalCashflowsFromInvestingActivities": -63249000, "netBorrowings": -27000, "totalCashFromFinancingActivities": -27000, "changeInCash": -2398000}, {"maxAge": 1, "endDate": "2020-03-31", "netIncome": 20889723, "depreciation": 2879944, "changeToNetincome": 39785277, "changeToLiabilities": 0, "changeToOperatingActivities": 85519000, "totalCashFromOperatingActivities": 149215000, "capitalExpenditures": -877000, "investments": -102491000, "otherCashflowsFromInvestingActivities": 90000, "totalCashflowsFromInvestingActivities": -102810000, "netBorrowings": 27000, "totalCashFromFinancingActivities": 27000, "changeInCash": 46432000}, {"maxAge": 1, "endDate": "2019-03-31", "netIncome": 17653268, "depreciation": 2324725, "changeToNetincome": 12031732, "changeToLiabilities": 0, "changeToOperatingActivities": 17519000, "totalCashFromOperatingActivities": 49533000, "capitalExpenditures": -909000, "investments": -33421000, "otherCashflowsFromInvestingActivities": 71000, "totalCashflowsFromInvestingActivities": -34111000, "netBorrowings": 27000, "totalCashFromFinancingActivities": 27000, "changeInCash": 15422000}, {"maxAge": 1, "endDate": "2018-03-31", "netIncome": 22204033, "depreciation": 4273260, "changeToNetincome": -199033, "changeToLiabilities": 0, "changeToOperatingActivities": 20131000, "totalCashFromOperatingActivities": 46479000, "capitalExpenditures": -894000, "investments": -28576000, "otherCashflowsFromInvestingActivities": 63000, "totalCashflowsFromInvestingActivities": -29398000, "netBorrowings": -8036000, "totalCashFromFinancingActivities": -8036000, "changeInCash": 9045000}], "maxAge": 86400}, "institutionOwnership": {"ownershipList": [], "maxAge": 1}, "majorHoldersBreakdown": {"maxAge": 1, "insidersPercentHeld": 0.67238, "institutionsPercentHeld": 0.0, "institutionsFloatPercentHeld": 0.0, "institutionsCount": 0}, "balanceSheetHistoryQuarterly": {"balanceSheetStatements": [{"maxAge": 1, "endDate": "2021-03-31", "cash": 370488000, "netReceivables": 32417000, "otherCurrentAssets": 2581000, "totalCurrentAssets": 405486000, "longTermInvestments": 237224000, "propertyPlantEquipment": 4139000, "intangibleAssets": 1489000, "otherAssets": 193522000, "deferredLongTermAssetCharges": 31625000, "totalAssets": 841860000, "otherCurrentLiab": 189491000, "otherLiab": -1000, "totalCurrentLiabilities": 199051000, "totalLiab": 199050000, "commonStock": 443782000, "treasuryStock": 199028000, "otherStockholderEquity": 199028000, "totalStockholderEquity": 642810000, "netTangibleAssets": 641321000}, {"maxAge": 1, "endDate": "2020-12-31", "totalStockholderEquity": 620734000, "netTangibleAssets": 620264000}, {"maxAge": 1, "endDate": "2020-09-30", "cash": 384623000, "netReceivables": 25780000, "otherCurrentAssets": 2015000, "totalCurrentAssets": 412418000, "longTermInvestments": 179195000, "propertyPlantEquipment": 3547000, "intangibleAssets": 470000, "otherAssets": 194327000, "deferredLongTermAssetCharges": 34274000, "totalAssets": 789957000, "otherCurrentLiab": 160048000, "otherLiab": -1000, "totalCurrentLiabilities": 169224000, "totalLiab": 169223000, "commonStock": 443782000, "treasuryStock": 176952000, "otherStockholderEquity": 176952000, "totalStockholderEquity": 620734000, "netTangibleAssets": 620264000}, {"maxAge": 1, "endDate": "2020-06-30", "totalStockholderEquity": 602067000, "netTangibleAssets": 601516000}], "maxAge": 86400}, "indexTrend": {"maxAge": 1, "symbol": "SP5", "peRatio": 19.7411, "pegRatio": 1.34172, "estimates": [{"period": "0q", "growth": 0.549}, {"period": "+1q", "growth": 0.431}, {"period": "0y", "growth": 0.305}, {"period": "+1y", "growth": 0.109}, {"period": "+5y", "growth": 0.120865}, {"period": "-5y"}]}, "defaultKeyStatistics": {"maxAge": 1, "priceHint": 2, "enterpriseValue": 231494304, "profitMargins": 0.65487, "floatShares": 13393317, "sharesOutstanding": 44378200, "heldPercentInsiders": 0.67238, "heldPercentInstitutions": 0.0, "beta": 1.585198, "category": null, "bookValue": 14.255, "priceToBook": 0.9259909, "fundFamily": null, "legalType": null, "lastFiscalYearEnd": "2021-03-31 05:30:00", "nextFiscalYearEnd": "2023-03-31 05:30:00", "mostRecentQuarter": "2021-03-31 05:30:00", "earningsQuarterlyGrowth": 2.49, "netIncomeToCommon": 40540000, "trailingEps": 0.91, "lastSplitFactor": null, "enterpriseToRevenue": 3.74}, "summaryProfile": {"address1": "1st Floor, Khiviraj Complex I, No:480", "address2": "Anna Salai, Nandanam No: 480, Anna Salai Nandanam", "city": "Chennai", "zip": "600035", "country": "India", "phone": "+91 44 24313094", "fax": "+91 44 24313093", "website": "http://www.indbankonline.com", "industry": "Capital Markets", "sector": "Financial Services", "longBusinessSummary": "Indbank Merchant Banking Services Limited provides merchant banking, stock broking, depository participant, and allied services in India. It also distributes mutual funds. The company was incorporated in 1989 and is based in Chennai, India. Indbank Merchant Banking Services Limited is a subsidiary of Indian Bank.", "companyOfficers": [], "maxAge": 86400}, "netSharePurchaseActivity": {"maxAge": 1, "period": "6m", "buyInfoCount": 0, "buyInfoShares": 0, "sellInfoCount": 0, "netInfoCount": 0, "netInfoShares": 0, "netPercentInsiderShares": 0.0, "totalInsiderShares": 30319164}, "quoteType": {"exchange": "NSI", "quoteType": "EQUITY", "symbol": "INDBANK.NS", "underlyingSymbol": "INDBANK.NS", "shortName": "INDBANK MERCH BANK", "longName": "Indbank Merchant Banking Services Ltd.", "firstTradeDateEpochUtc": "2008-10-08 09:15:00", "timeZoneFullName": "Asia/Kolkata", "timeZoneShortName": "IST", "uuid": "0473101a-3e87-3d84-9099-741a67c566e2", "gmtOffSetMilliseconds": 19800000, "maxAge": 1}, "incomeStatementHistory": {"incomeStatementHistory": [{"maxAge": 1, "endDate": "2021-03-31", "totalRevenue": 61905000, "costOfRevenue": 5322000, "grossProfit": 56583000, "researchDevelopment": {}, "sellingGeneralAdministrative": 60260000, "nonRecurring": {}, "otherOperatingExpenses": -54611000, "totalOperatingExpenses": 12822000, "operatingIncome": 49083000, "totalOtherIncomeExpenseNet": -240000, "ebit": 0, "interestExpense": {}, "incomeBeforeTax": 48843000, "incomeTaxExpense": 8303000, "minorityInterest": {}, "netIncomeFromContinuingOps": 40540000, "discontinuedOperations": {}, "extraordinaryItems": {}, "effectOfAccountingCharges": {}, "otherItems": {}, "netIncome": 40540000, "netIncomeApplicableToCommonShares": 40540000}, {"maxAge": 1, "endDate": "2020-03-31", "totalRevenue": 87089247, "costOfRevenue": 3702639, "grossProfit": 83386608, "researchDevelopment": {}, "sellingGeneralAdministrative": 52817914, "nonRecurring": {}, "otherOperatingExpenses": -42428147, "totalOperatingExpenses": 19848686, "operatingIncome": 67240561, "totalOtherIncomeExpenseNet": -37840508, "ebit": 0, "interestExpense": {}, "incomeBeforeTax": 29400053, "incomeTaxExpense": 8510330, "minorityInterest": {}, "netIncomeFromContinuingOps": 20889723, "discontinuedOperations": {}, "extraordinaryItems": {}, "effectOfAccountingCharges": {}, "otherItems": {}, "netIncome": 20889723, "netIncomeApplicableToCommonShares": 20889723}, {"maxAge": 1, "endDate": "2019-03-31", "totalRevenue": 80806140, "costOfRevenue": 3625850, "grossProfit": 77180290, "researchDevelopment": {}, "sellingGeneralAdministrative": 47549582, "nonRecurring": {}, "otherOperatingExpenses": -3364879, "totalOperatingExpenses": 50227892, "operatingIncome": 30578248, "totalOtherIncomeExpenseNet": -12474600, "ebit": 0, "interestExpense": {}, "incomeBeforeTax": 18103648, "incomeTaxExpense": 450380, "minorityInterest": {}, "netIncomeFromContinuingOps": 17653268, "discontinuedOperations": {}, "extraordinaryItems": {}, "effectOfAccountingCharges": {}, "otherItems": {}, "netIncome": 17653268, "netIncomeApplicableToCommonShares": 17653268}, {"maxAge": 1, "endDate": "2018-03-31", "totalRevenue": 106919866, "costOfRevenue": 5475185, "grossProfit": 101444681, "researchDevelopment": {}, "sellingGeneralAdministrative": 45699586, "nonRecurring": {}, "otherOperatingExpenses": 10975252, "totalOperatingExpenses": 66493234, "operatingIncome": 40426632, "totalOtherIncomeExpenseNet": -775879, "ebit": 0, "interestExpense": {}, "incomeBeforeTax": 39650753, "incomeTaxExpense": 17446720, "minorityInterest": {}, "netIncomeFromContinuingOps": 22204033, "discontinuedOperations": {}, "extraordinaryItems": {}, "effectOfAccountingCharges": {}, "otherItems": {}, "netIncome": 22204033, "netIncomeApplicableToCommonShares": 22204033}], "maxAge": 86400}, "fundOwnership": {"ownershipList": [], "maxAge": 1}, "summaryDetail": {"maxAge": 1, "priceHint": 2, "previousClose": 13.35, "open": 13.65, "dayLow": 13.05, "dayHigh": 13.65, "regularMarketPreviousClose": 13.35, "regularMarketOpen": 13.65, "regularMarketDayLow": 13.05, "regularMarketDayHigh": 13.65, "exDividendDate": "2009-08-07 05:30:00", "payoutRatio": 0.0, "beta": 1.585198, "trailingPE": 14.505494, "volume": 61241, "regularMarketVolume": 61241, "averageVolume": 298815, "averageVolume10days": 65174, "averageDailyVolume10Day": 65174, "bid": 0.0, "ask": 0.0, "bidSize": 0, "askSize": 0, "marketCap": 587986048, "fiftyTwoWeekLow": 4.75, "fiftyTwoWeekHigh": 18.6, "priceToSalesTrailing12Months": 9.498199, "fiftyDayAverage": 13.813637, "twoHundredDayAverage": 11.0660715, "currency": "INR", "fromCurrency": null, "lastMarket": null, "algorithm": null, "tradeable": false}, "incomeStatementHistoryQuarterly": {"incomeStatementHistory": [{"maxAge": 1, "endDate": "2021-03-31", "totalRevenue": 29035000, "costOfRevenue": 1855000, "grossProfit": 27180000, "researchDevelopment": {}, "sellingGeneralAdministrative": 20720000, "nonRecurring": {}, "otherOperatingExpenses": -1499000, "totalOperatingExpenses": 21569000, "operatingIncome": 7466000, "totalOtherIncomeExpenseNet": 0, "ebit": 0, "interestExpense": {}, "incomeBeforeTax": 7466000, "incomeTaxExpense": 1604000, "minorityInterest": {}, "netIncomeFromContinuingOps": 5862000, "discontinuedOperations": {}, "extraordinaryItems": {}, "effectOfAccountingCharges": {}, "otherItems": {}, "netIncome": 5862000, "netIncomeApplicableToCommonShares": 5862000}, {"maxAge": 1, "endDate": "2020-12-31", "totalRevenue": -19987000, "costOfRevenue": 1295000, "grossProfit": -21282000, "researchDevelopment": {}, "sellingGeneralAdministrative": 14057000, "nonRecurring": {}, "otherOperatingExpenses": -46942000, "totalOperatingExpenses": -31112000, "operatingIncome": 11125000, "totalOtherIncomeExpenseNet": 0, "ebit": 0, "interestExpense": {}, "incomeBeforeTax": 11125000, "incomeTaxExpense": -4887000, "minorityInterest": {}, "netIncomeFromContinuingOps": 16012000, "discontinuedOperations": {}, "extraordinaryItems": {}, "effectOfAccountingCharges": {}, "otherItems": {}, "netIncome": 16012000, "netIncomeApplicableToCommonShares": 16012000}, {"maxAge": 1, "endDate": "2020-09-30", "totalRevenue": 27869000, "costOfRevenue": 1195000, "grossProfit": 26674000, "researchDevelopment": {}, "sellingGeneralAdministrative": 13570000, "nonRecurring": {}, "otherOperatingExpenses": -4062000, "totalOperatingExpenses": 11147000, "operatingIncome": 16722000, "totalOtherIncomeExpenseNet": -144000, "ebit": 0, "interestExpense": {}, "incomeBeforeTax": 16578000, "incomeTaxExpense": 3742000, "minorityInterest": {}, "netIncomeFromContinuingOps": 12836000, "discontinuedOperations": {}, "extraordinaryItems": {}, "effectOfAccountingCharges": {}, "otherItems": {}, "netIncome": 12836000, "netIncomeApplicableToCommonShares": 12836000}, {"maxAge": 1, "endDate": "2020-06-30", "totalRevenue": 24988000, "costOfRevenue": 977000, "grossProfit": 24011000, "researchDevelopment": {}, "sellingGeneralAdministrative": 11913000, "nonRecurring": {}, "otherOperatingExpenses": -2108000, "totalOperatingExpenses": 11218000, "operatingIncome": 13770000, "totalOtherIncomeExpenseNet": -95000, "ebit": 0, "interestExpense": {}, "incomeBeforeTax": 13675000, "incomeTaxExpense": 7844000, "minorityInterest": {}, "netIncomeFromContinuingOps": 5831000, "discontinuedOperations": {}, "extraordinaryItems": {}, "effectOfAccountingCharges": {}, "otherItems": {}, "netIncome": 5831000, "netIncomeApplicableToCommonShares": 5831000}], "maxAge": 86400}, "cashflowStatementHistoryQuarterly": {"cashflowStatements": [{"maxAge": 1, "endDate": "2021-03-31", "netIncome": 5862000, "changeToLiabilities": 0}, {"maxAge": 1, "endDate": "2020-12-31", "netIncome": 16012000, "changeToLiabilities": 0}, {"maxAge": 1, "endDate": "2020-09-30", "netIncome": 12836000, "changeToLiabilities": 0}, {"maxAge": 1, "endDate": "2020-06-30", "netIncome": 5831000, "changeToLiabilities": 0}], "maxAge": 86400}, "insiderHolders": {"holders": [], "maxAge": 1}, "calendarEvents": {"maxAge": 1, "earnings": {"earningsDate": ["2018-02-06 05:30:S", "2018-02-10 05:30:S"]}, "exDividendDate": "2009-08-07 05:30:00"}, "upgradeDowngradeHistory": {"history": [], "maxAge": 86400}, "price": {"maxAge": 1, "regularMarketChangePercent": -0.011235998, "regularMarketChange": -0.15000057, "regularMarketTime": "2021-04-30 15:29:53", "priceHint": 2, "regularMarketPrice": 13.2, "regularMarketDayHigh": 13.65, "regularMarketDayLow": 13.05, "regularMarketVolume": 61241, "averageDailyVolume10Day": 65174, "averageDailyVolume3Month": 298815, "regularMarketPreviousClose": 13.35, "regularMarketSource": "FREE_REALTIME", "regularMarketOpen": 13.65, "exchange": "NSI", "exchangeName": "NSE", "exchangeDataDelayedBy": 15, "marketState": "CLOSED", "quoteType": "EQUITY", "symbol": "INDBANK.NS", "underlyingSymbol": null, "shortName": "INDBANK MERCH BANK", "longName": "Indbank Merchant Banking Services Ltd.", "currency": "INR", "quoteSourceName": "Delayed Quote", "currencySymbol": "\u20b9", "fromCurrency": null, "lastMarket": null, "marketCap": 587986048}, "balanceSheetHistory": {"balanceSheetStatements": [{"maxAge": 1, "endDate": "2021-03-31", "cash": 370488000, "netReceivables": 32417000, "otherCurrentAssets": 2581000, "totalCurrentAssets": 405486000, "longTermInvestments": 237224000, "propertyPlantEquipment": 4139000, "intangibleAssets": 1489000, "otherAssets": 193522000, "deferredLongTermAssetCharges": 31625000, "totalAssets": 841860000, "otherCurrentLiab": 189491000, "otherLiab": -1000, "totalCurrentLiabilities": 199051000, "totalLiab": 199050000, "commonStock": 443782000, "treasuryStock": 199028000, "otherStockholderEquity": 199028000, "totalStockholderEquity": 642810000, "netTangibleAssets": 641321000}, {"maxAge": 1, "endDate": "2020-03-31", "cash": 115173344, "netReceivables": 18462338, "otherCurrentAssets": 262062849, "totalCurrentAssets": 395698531, "longTermInvestments": 1854462, "propertyPlantEquipment": 3952432, "intangibleAssets": 551131, "otherAssets": 339423726, "deferredLongTermAssetCharges": 38674320, "totalAssets": 741480282, "accountsPayable": 92073883, "otherCurrentLiab": 35280599, "totalCurrentLiabilities": 139413415, "totalLiab": 139413415, "commonStock": 443782000, "retainedEarnings": 160795185, "treasuryStock": -2510318, "otherStockholderEquity": -2510318, "totalStockholderEquity": 602066867, "netTangibleAssets": 601515736}, {"maxAge": 1, "endDate": "2019-03-31", "cash": 69108482, "netReceivables": 68853448, "otherCurrentAssets": 290374515, "totalCurrentAssets": 428336445, "longTermInvestments": 4521258, "propertyPlantEquipment": 5985858, "intangibleAssets": 239818, "otherAssets": 236406989, "deferredLongTermAssetCharges": 42089332, "totalAssets": 675490368, "accountsPayable": 59306287, "otherCurrentLiab": 23684191, "totalCurrentLiabilities": 93151363, "totalLiab": 93151363, "commonStock": 443782000, "retainedEarnings": 139905461, "treasuryStock": -1348456, "otherStockholderEquity": -1348456, "totalStockholderEquity": 582339005, "netTangibleAssets": 582099187}, {"maxAge": 1, "endDate": "2018-03-31", "cash": 28830723, "netReceivables": 86527317, "otherCurrentAssets": 187602002, "totalCurrentAssets": 302960042, "longTermInvestments": 12381655, "propertyPlantEquipment": 6683500, "intangibleAssets": 221652, "otherAssets": 337744395, "deferredLongTermAssetCharges": 41687314, "totalAssets": 659991244, "accountsPayable": 58684885, "otherCurrentLiab": 26590567, "totalCurrentLiabilities": 94927303, "totalLiab": 94927303, "commonStock": 443782000, "retainedEarnings": 122252191, "treasuryStock": -970250, "otherStockholderEquity": -970250, "totalStockholderEquity": 565063941, "netTangibleAssets": 564842289}], "maxAge": 86400}, "financialData": {"maxAge": 86400, "currentPrice": 13.2, "recommendationKey": "none", "totalCash": 370488000, "totalCashPerShare": 8.216, "totalDebt": 0, "quickRatio": 2.024, "currentRatio": 2.037, "totalRevenue": 61905000, "revenuePerShare": 1.39, "returnOnAssets": 0.051209997, "returnOnEquity": 0.06513, "grossProfits": 56583000, "operatingCashflow": 60878000, "earningsGrowth": 2.314, "revenueGrowth": -0.196, "grossMargins": 0.91403, "ebitdaMargins": 0.0, "operatingMargins": 0.79288, "profitMargins": 0.65487, "financialCurrency": "INR"}}}