{"INDBNK.BO": {"cashflowStatementHistory": {"cashflowStatements": [{"maxAge": 1, "endDate": "2020-03-31", "netIncome": 27447038, "depreciation": 30930, "changeToNetincome": 7142, "changeToLiabilities": -113960, "changeToOperatingActivities": -31952522, "totalCashFromOperatingActivities": -4581372, "investments": 26686, "otherCashflowsFromInvestingActivities": 4120, "totalCashflowsFromInvestingActivities": 51598, "changeInCash": -4529774}, {"maxAge": 1, "endDate": "2019-03-31", "netIncome": 1324447, "depreciation": 81971, "changeToNetincome": 37833, "changeToLiabilities": -398506, "changeToOperatingActivities": -2894803, "totalCashFromOperatingActivities": -1849058, "capitalExpenditures": -14600, "investments": -75, "otherCashflowsFromInvestingActivities": 4018, "totalCashflowsFromInvestingActivities": -10657, "changeInCash": -1859715}, {"maxAge": 1, "endDate": "2018-03-31", "netIncome": 17800067, "depreciation": 46442, "changeToNetincome": -91969, "changeToLiabilities": 994555, "changeToOperatingActivities": -23542225, "totalCashFromOperatingActivities": -4793130, "capitalExpenditures": -118236, "investments": 400382, "otherCashflowsFromInvestingActivities": 3916, "totalCashflowsFromInvestingActivities": 286062, "netBorrowings": -8515510, "totalCashFromFinancingActivities": -8515510, "changeInCash": -13022578}, {"maxAge": 1, "endDate": "2017-03-31", "netIncome": -112447583, "depreciation": 19973, "changeToNetincome": -514280, "changeToLiabilities": -47448, "changeToOperatingActivities": 452571, "totalCashFromOperatingActivities": -112536767, "capitalExpenditures": -118236, "investments": -2337, "otherCashflowsFromInvestingActivities": 413723, "totalCashflowsFromInvestingActivities": 412636, "netBorrowings": 128501100, "totalCashFromFinancingActivities": 128501100, "changeInCash": 16376969}], "maxAge": 86400}, "institutionOwnership": {"maxAge": 1, "ownershipList": []}, "balanceSheetHistoryQuarterly": {"balanceSheetStatements": [{"maxAge": 1, "endDate": "2020-09-30", "cash": 55478000, "netReceivables": 3324000, "totalCurrentAssets": 58802000, "longTermInvestments": 80000, "propertyPlantEquipment": 12000, "otherAssets": 48023000, "totalAssets": 106917000, "accountsPayable": 1257000, "longTermDebt": 1290000000, "otherLiab": 5942000, "totalCurrentLiabilities": 1554000, "totalLiab": 1297496000, "commonStock": 100000000, "treasuryStock": -1290579000, "otherStockholderEquity": -1290579000, "totalStockholderEquity": -1190579000, "netTangibleAssets": -1190579000}, {"maxAge": 1, "endDate": "2020-06-30", "totalStockholderEquity": -1190006000, "netTangibleAssets": -1190006000}, {"maxAge": 1, "endDate": "2020-03-31", "cash": 93256, "netReceivables": 5812203, "otherCurrentAssets": 53403229, "totalCurrentAssets": 59308688, "longTermInvestments": 85366, "propertyPlantEquipment": 18057, "otherAssets": 48344580, "totalAssets": 107756691, "accountsPayable": 633090, "longTermDebt": 1290000000, "otherLiab": 5298996, "totalCurrentLiabilities": 2463895, "totalLiab": 1297762891, "commonStock": 100000000, "retainedEarnings": -1290003873, "treasuryStock": -2327, "otherStockholderEquity": -2327, "totalStockholderEquity": -1190006200, "netTangibleAssets": -1190006200}, {"maxAge": 1, "endDate": "2019-12-31", "totalStockholderEquity": -1217830000, "netTangibleAssets": -1217830000}], "maxAge": 86400}, "indexTrend": {"maxAge": 1, "symbol": "SP5", "peRatio": 19.7411, "pegRatio": 1.34172, "estimates": [{"period": "0q", "growth": 0.549}, {"period": "+1q", "growth": 0.431}, {"period": "0y", "growth": 0.305}, {"period": "+1y", "growth": 0.109}, {"period": "+5y", "growth": 0.120859005}, {"period": "-5y"}]}, "quoteType": {"exchange": "BSE", "quoteType": "EQUITY", "symbol": "INDBNK.BO", "underlyingSymbol": "INDBNK.BO", "shortName": "IND BANK HOUSING LTD.", "longName": "Ind Bank Housing Limited", "firstTradeDateEpochUtc": "2002-06-21 09:15:00", "timeZoneFullName": "Asia/Kolkata", "timeZoneShortName": "IST", "uuid": "313393e3-be73-339e-a6d7-7845b4e7810a", "messageBoardId": null, "gmtOffSetMilliseconds": 19800000, "maxAge": 1}, "incomeStatementHistory": {"incomeStatementHistory": [{"maxAge": 1, "endDate": "2020-03-31", "totalRevenue": 4996299, "costOfRevenue": 0, "grossProfit": 4996299, "researchDevelopment": {}, "sellingGeneralAdministrative": 6048950, "nonRecurring": {}, "otherOperatingExpenses": -33298297, "totalOperatingExpenses": 8499917, "operatingIncome": -3503618, "totalOtherIncomeExpenseNet": 30950656, "ebit": 0, "interestExpense": {}, "incomeBeforeTax": 27447038, "incomeTaxExpense": 0, "minorityInterest": {}, "netIncomeFromContinuingOps": 27447038, "discontinuedOperations": {}, "extraordinaryItems": {}, "effectOfAccountingCharges": {}, "otherItems": {}, "netIncome": 27447038, "netIncomeApplicableToCommonShares": 27447038}, {"maxAge": 1, "endDate": "2019-03-31", "totalRevenue": 5690796, "costOfRevenue": 0, "grossProfit": 5690796, "researchDevelopment": {}, "sellingGeneralAdministrative": 2580044, "nonRecurring": {}, "otherOperatingExpenses": -2014470, "totalOperatingExpenses": 5297108, "operatingIncome": 393688, "totalOtherIncomeExpenseNet": 686386, "ebit": 0, "interestExpense": {}, "incomeBeforeTax": 1080074, "incomeTaxExpense": -244373, "minorityInterest": {}, "netIncomeFromContinuingOps": 1324447, "discontinuedOperations": {}, "extraordinaryItems": {}, "effectOfAccountingCharges": {}, "otherItems": {}, "netIncome": 1324447, "netIncomeApplicableToCommonShares": 1324447}, {"maxAge": 1, "endDate": "2018-03-31", "totalRevenue": 21591460, "costOfRevenue": 0, "grossProfit": 21591460, "researchDevelopment": {}, "sellingGeneralAdministrative": 1410820, "nonRecurring": {}, "otherOperatingExpenses": 1093603, "totalOperatingExpenses": 2550865, "operatingIncome": 19040595, "totalOtherIncomeExpenseNet": 49472, "ebit": 0, "interestExpense": {}, "incomeBeforeTax": 19090067, "incomeTaxExpense": 1290000, "minorityInterest": {}, "netIncomeFromContinuingOps": 17800067, "discontinuedOperations": {}, "extraordinaryItems": {}, "effectOfAccountingCharges": {}, "otherItems": {}, "netIncome": 17800067, "netIncomeApplicableToCommonShares": 17800067}, {"maxAge": 1, "endDate": "2017-03-31", "totalRevenue": -121077081, "costOfRevenue": 1500, "grossProfit": -121078581, "researchDevelopment": {}, "sellingGeneralAdministrative": 1179987, "nonRecurring": {}, "otherOperatingExpenses": 1875263, "totalOperatingExpenses": 3128518, "operatingIncome": -124205599, "totalOtherIncomeExpenseNet": 11758016, "ebit": 0, "interestExpense": {}, "incomeBeforeTax": -112447583, "incomeTaxExpense": 0, "minorityInterest": {}, "netIncomeFromContinuingOps": -112447583, "discontinuedOperations": {}, "extraordinaryItems": {}, "effectOfAccountingCharges": {}, "otherItems": {}, "netIncome": -112447583, "netIncomeApplicableToCommonShares": -112447583}], "maxAge": 86400}, "fundOwnership": {"maxAge": 1, "ownershipList": []}, "summaryDetail": {"maxAge": 1, "priceHint": 2, "previousClose": 30.45, "open": 30.45, "dayLow": 29.1, "dayHigh": 30.45, "regularMarketPreviousClose": 30.45, "regularMarketOpen": 30.45, "regularMarketDayLow": 29.1, "regularMarketDayHigh": 30.45, "trailingPE": 10.777778, "volume": 1382, "regularMarketVolume": 1382, "averageVolume": 8429, "averageVolume10days": 20524, "averageDailyVolume10Day": 20524, "bid": 28.6, "ask": 29.6, "bidSize": 0, "askSize": 0, "marketCap": 291000000, "fiftyTwoWeekLow": 12.45, "fiftyTwoWeekHigh": 53.45, "fiftyDayAverage": 31.4, "twoHundredDayAverage": 24.458824, "currency": "INR", "fromCurrency": null, "toCurrency": null, "lastMarket": null, "algorithm": null, "tradeable": false}, "incomeStatementHistoryQuarterly": {"incomeStatementHistory": [{"maxAge": 1, "endDate": "2020-09-30", "totalRevenue": 1057000, "costOfRevenue": 0, "grossProfit": 1057000, "researchDevelopment": {}, "sellingGeneralAdministrative": 745000, "nonRecurring": {}, "otherOperatingExpenses": 444000, "totalOperatingExpenses": 1192000, "operatingIncome": -135000, "totalOtherIncomeExpenseNet": 0, "ebit": 0, "interestExpense": {}, "incomeBeforeTax": -135000, "incomeTaxExpense": 0, "minorityInterest": {}, "netIncomeFromContinuingOps": -135000, "discontinuedOperations": {}, "extraordinaryItems": {}, "effectOfAccountingCharges": {}, "otherItems": {}, "netIncome": -135000, "netIncomeApplicableToCommonShares": -135000}, {"maxAge": 1, "endDate": "2020-06-30", "totalRevenue": 833000, "costOfRevenue": 0, "grossProfit": 833000, "researchDevelopment": {}, "sellingGeneralAdministrative": 756000, "nonRecurring": {}, "otherOperatingExpenses": 512000, "totalOperatingExpenses": 1271000, "operatingIncome": -438000, "totalOtherIncomeExpenseNet": 0, "ebit": 0, "interestExpense": {}, "incomeBeforeTax": -438000, "incomeTaxExpense": 0, "minorityInterest": {}, "netIncomeFromContinuingOps": -438000, "discontinuedOperations": {}, "extraordinaryItems": {}, "effectOfAccountingCharges": {}, "otherItems": {}, "netIncome": -438000, "netIncomeApplicableToCommonShares": -438000}, {"maxAge": 1, "endDate": "2020-03-31", "totalRevenue": 610299, "costOfRevenue": 0, "grossProfit": 610299, "researchDevelopment": {}, "sellingGeneralAdministrative": 3832950, "nonRecurring": {}, "otherOperatingExpenses": -36002297, "totalOperatingExpenses": 3556917, "operatingIncome": -2946618, "totalOtherIncomeExpenseNet": 30950656, "ebit": 0, "interestExpense": {}, "incomeBeforeTax": 28004038, "incomeTaxExpense": 0, "minorityInterest": {}, "netIncomeFromContinuingOps": 28004038, "discontinuedOperations": {}, "extraordinaryItems": {}, "effectOfAccountingCharges": {}, "otherItems": {}, "netIncome": 28004038, "netIncomeApplicableToCommonShares": 28004038}, {"maxAge": 1, "endDate": "2019-12-31", "totalRevenue": 1304000, "costOfRevenue": 0, "grossProfit": 1304000, "researchDevelopment": {}, "sellingGeneralAdministrative": 764000, "nonRecurring": {}, "otherOperatingExpenses": 713000, "totalOperatingExpenses": 1485000, "operatingIncome": -181000, "totalOtherIncomeExpenseNet": 0, "ebit": 0, "interestExpense": {}, "incomeBeforeTax": -181000, "incomeTaxExpense": 0, "minorityInterest": {}, "netIncomeFromContinuingOps": -181000, "discontinuedOperations": {}, "extraordinaryItems": {}, "effectOfAccountingCharges": {}, "otherItems": {}, "netIncome": -181000, "netIncomeApplicableToCommonShares": -181000}], "maxAge": 86400}, "cashflowStatementHistoryQuarterly": {"cashflowStatements": [{"maxAge": 1, "endDate": "2020-09-30", "netIncome": -135000, "changeToLiabilities": 0}, {"maxAge": 1, "endDate": "2020-06-30", "netIncome": -438000, "changeToLiabilities": 0}, {"maxAge": 1, "endDate": "2020-03-31", "netIncome": 28004038, "changeToLiabilities": 0}, {"maxAge": 1, "endDate": "2019-12-31", "netIncome": -181000, "changeToLiabilities": 0}], "maxAge": 86400}, "insiderHolders": {"holders": [], "maxAge": 1}, "calendarEvents": {"maxAge": 1, "earnings": {"earningsDate": ["2020-10-12 05:30:S"]}}, "price": {"maxAge": 1, "regularMarketChangePercent": -0.044334985, "regularMarketChange": -1.3500004, "regularMarketTime": "2021-04-30 14:44:30", "priceHint": 2, "regularMarketPrice": 29.1, "regularMarketDayHigh": 30.45, "regularMarketDayLow": 29.1, "regularMarketVolume": 1382, "averageDailyVolume10Day": 20524, "averageDailyVolume3Month": 8429, "regularMarketPreviousClose": 30.45, "regularMarketSource": "FREE_REALTIME", "regularMarketOpen": 30.45, "exchange": "BSE", "exchangeName": "BSE", "exchangeDataDelayedBy": 0, "marketState": "CLOSED", "quoteType": "EQUITY", "symbol": "INDBNK.BO", "underlyingSymbol": null, "shortName": "IND BANK HOUSING LTD.", "longName": "Ind Bank Housing Limited", "currency": "INR", "quoteSourceName": "Delayed Quote", "currencySymbol": "\u20b9", "fromCurrency": null, "toCurrency": null, "lastMarket": null, "marketCap": 291000000}, "balanceSheetHistory": {"balanceSheetStatements": [{"maxAge": 1, "endDate": "2020-03-31", "cash": 93256, "netReceivables": 5812203, "otherCurrentAssets": 53403229, "totalCurrentAssets": 59308688, "longTermInvestments": 85366, "propertyPlantEquipment": 18057, "otherAssets": 48344580, "totalAssets": 107756691, "accountsPayable": 633090, "longTermDebt": 1290000000, "otherLiab": 5298996, "totalCurrentLiabilities": 2463895, "totalLiab": 1297762891, "commonStock": 100000000, "retainedEarnings": -1290003873, "treasuryStock": -2327, "otherStockholderEquity": -2327, "totalStockholderEquity": -1190006200, "netTangibleAssets": -1190006200}, {"maxAge": 1, "endDate": "2019-03-31", "cash": 212561, "netReceivables": 3515969, "otherCurrentAssets": 59239308, "totalCurrentAssets": 62967838, "longTermInvestments": 126509, "propertyPlantEquipment": 48992, "otherAssets": 47946165, "totalAssets": 111089504, "accountsPayable": 633090, "longTermDebt": 1290000000, "otherLiab": 36186979, "totalCurrentLiabilities": 2355763, "totalLiab": 1328542742, "commonStock": 100000000, "retainedEarnings": -1317450911, "treasuryStock": -2327, "otherStockholderEquity": -2327, "totalStockholderEquity": -1217453238, "netTangibleAssets": -1217453238}, {"maxAge": 1, "endDate": "2018-03-31", "cash": 43202, "netReceivables": 2985329, "otherCurrentAssets": 61237651, "totalCurrentAssets": 64266182, "longTermInvestments": 168285, "propertyPlantEquipment": 116363, "otherAssets": 47326120, "totalAssets": 111876950, "accountsPayable": 633090, "otherCurrentLiab": 381080, "longTermDebt": 1290000000, "otherLiab": 37631385, "totalCurrentLiabilities": 3023250, "totalLiab": 1330654635, "commonStock": 100000000, "retainedEarnings": -1318775358, "treasuryStock": -2327, "otherStockholderEquity": -2327, "totalStockholderEquity": -1218777685, "netTangibleAssets": -1218777685}, {"maxAge": 1, "endDate": "2017-03-31", "cash": 101059, "netReceivables": 1336389, "otherCurrentAssets": 74115540, "totalCurrentAssets": 75552988, "longTermInvestments": 481370, "propertyPlantEquipment": 44569, "otherAssets": 47318913, "totalAssets": 123397840, "accountsPayable": 633090, "otherCurrentLiab": 4135, "longTermDebt": 1298515510, "otherLiab": 59320630, "totalCurrentLiabilities": 2138697, "totalLiab": 1359974837, "commonStock": 100000000, "retainedEarnings": -1336575425, "treasuryStock": -1572, "otherStockholderEquity": -1572, "totalStockholderEquity": -1236576997, "netTangibleAssets": -1236576997}], "maxAge": 86400}, "financialData": {"maxAge": 86400, "currentPrice": 29.1, "recommendationKey": "none", "grossProfits": 4996299, "financialCurrency": "INR"}}}