{"INDCEMCAP.BO": {"recommendationTrend": {"trend": [{"period": "0m", "strongBuy": 0, "buy": 0, "hold": 0, "sell": 0, "strongSell": 0}, {"period": "-1m", "strongBuy": 0, "buy": 0, "hold": 0, "sell": 0, "strongSell": 0}, {"period": "-2m", "strongBuy": 0, "buy": 0, "hold": 0, "sell": 0, "strongSell": 0}, {"period": "-3m", "strongBuy": 0, "buy": 0, "hold": 0, "sell": 0, "strongSell": 0}], "maxAge": 86400}, "cashflowStatementHistory": {"cashflowStatements": [{"maxAge": 1, "endDate": "2020-03-31", "netIncome": 116000, "depreciation": 818000, "changeToNetincome": -1789000, "changeToAccountReceivables": 29752000, "changeToLiabilities": -2989000, "changeToOperatingActivities": -5770000, "totalCashFromOperatingActivities": 20416000, "capitalExpenditures": -626000, "otherCashflowsFromInvestingActivities": 3452000, "totalCashflowsFromInvestingActivities": 2826000, "netBorrowings": 3184000, "otherCashflowsFromFinancingActivities": -1734000, "totalCashFromFinancingActivities": 1450000, "changeInCash": 24692000}, {"maxAge": 1, "endDate": "2019-03-31", "netIncome": 1348000, "depreciation": 1260000, "changeToNetincome": -2956000, "changeToAccountReceivables": -5014000, "changeToLiabilities": -32963000, "changeToOperatingActivities": 1246000, "totalCashFromOperatingActivities": -37022000, "capitalExpenditures": -657000, "otherCashflowsFromInvestingActivities": 4174000, "totalCashflowsFromInvestingActivities": 3517000, "netBorrowings": 2937000, "otherCashflowsFromFinancingActivities": -1274000, "totalCashFromFinancingActivities": 1663000, "changeInCash": -31842000}, {"maxAge": 1, "endDate": "2018-03-31", "netIncome": 7990000, "depreciation": 1362000, "changeToNetincome": -2170000, "changeToAccountReceivables": -2355000, "changeToLiabilities": 13697000, "changeToOperatingActivities": 2455000, "totalCashFromOperatingActivities": 21015000, "capitalExpenditures": -605000, "otherCashflowsFromInvestingActivities": 3322000, "totalCashflowsFromInvestingActivities": 2717000, "netBorrowings": 4967000, "otherCashflowsFromFinancingActivities": -1161000, "totalCashFromFinancingActivities": 3806000, "changeInCash": 27538000}, {"maxAge": 1, "endDate": "2017-03-31", "netIncome": 5490000, "depreciation": 1413000, "changeToNetincome": -1815000, "changeToAccountReceivables": -15845000, "changeToLiabilities": 0, "changeToOperatingActivities": 9688000, "totalCashFromOperatingActivities": -1069000, "capitalExpenditures": -2063000, "otherCashflowsFromInvestingActivities": 2291000, "totalCashflowsFromInvestingActivities": 291000, "netBorrowings": 4967000, "otherCashflowsFromFinancingActivities": -163000, "totalCashFromFinancingActivities": -163000, "changeInCash": -941000}], "maxAge": 86400}, "institutionOwnership": {"maxAge": 1, "ownershipList": []}, "balanceSheetHistoryQuarterly": {"balanceSheetStatements": [{"maxAge": 1, "endDate": "2020-06-30", "totalStockholderEquity": 155685000, "netTangibleAssets": 153862000}, {"maxAge": 1, "endDate": "2020-03-31", "cash": 128032000, "shortTermInvestments": 27656000, "netReceivables": 25724000, "otherCurrentAssets": 10661000, "totalCurrentAssets": 193035000, "longTermInvestments": 618000, "propertyPlantEquipment": 3934000, "goodWill": 1803000, "intangibleAssets": 20000, "otherAssets": 434641000, "deferredLongTermAssetCharges": 588000, "totalAssets": 634051000, "accountsPayable": 22784000, "otherCurrentLiab": 9822000, "longTermDebt": 437847000, "otherLiab": 454000, "totalCurrentLiabilities": 40065000, "totalLiab": 478366000, "commonStock": 217062000, "retainedEarnings": -151523000, "treasuryStock": -371000, "capitalSurplus": 90517000, "otherStockholderEquity": -371000, "totalStockholderEquity": 155685000, "netTangibleAssets": 153862000}, {"maxAge": 1, "endDate": "2019-12-31", "totalStockholderEquity": 157581000, "netTangibleAssets": 155630000}, {"maxAge": 1, "endDate": "2019-09-30", "cash": 108641000, "shortTermInvestments": 29754000, "netReceivables": 41478000, "otherCurrentAssets": 13313000, "totalCurrentAssets": 193186000, "longTermInvestments": 976000, "propertyPlantEquipment": 4222000, "intangibleAssets": 1951000, "otherAssets": 432594000, "deferredLongTermAssetCharges": 560000, "totalAssets": 632929000, "accountsPayable": 19117000, "otherCurrentLiab": 21146000, "longTermDebt": 434631000, "otherLiab": 454000, "totalCurrentLiabilities": 40263000, "totalLiab": 475348000, "commonStock": 217062000, "treasuryStock": -59481000, "otherStockholderEquity": -59481000, "totalStockholderEquity": 157581000, "netTangibleAssets": 155630000}], "maxAge": 86400}, "earningsHistory": {"history": [{"maxAge": 1, "epsActual": {}, "epsEstimate": {}, "epsDifference": {}, "surprisePercent": {}, "quarter": {}, "period": "-4q"}, {"maxAge": 1, "epsActual": {}, "epsEstimate": {}, "epsDifference": {}, "surprisePercent": {}, "quarter": {}, "period": "-3q"}, {"maxAge": 1, "epsActual": {}, "epsEstimate": {}, "epsDifference": {}, "surprisePercent": {}, "quarter": {}, "period": "-2q"}, {"maxAge": 1, "epsActual": {}, "epsEstimate": {}, "epsDifference": {}, "surprisePercent": {}, "quarter": {}, "period": "-1q"}], "maxAge": 86400}, "indexTrend": {"maxAge": 1, "symbol": "SP5", "peRatio": 19.7411, "pegRatio": 1.34172, "estimates": [{"period": "0q", "growth": 0.549}, {"period": "+1q", "growth": 0.431}, {"period": "0y", "growth": 0.305}, {"period": "+1y", "growth": 0.109}, {"period": "+5y", "growth": 0.120859005}, {"period": "-5y"}]}, "industryTrend": {"maxAge": 1, "symbol": null, "estimates": []}, "insiderTransactions": {"transactions": [{"maxAge": 1, "shares": 2340000, "filerUrl": "", "transactionText": "", "filerName": "Trishul Investments Pvt. Ltd.", "filerRelation": "Promoter", "moneyText": "", "startDate": "2013-05-31", "ownership": "D"}], "maxAge": 1}, "quoteType": {"exchange": "BSE", "quoteType": "EQUITY", "symbol": "INDCEMCAP.BO", "underlyingSymbol": "INDCEMCAP.BO", "shortName": "INDIA CEMENTS CAPITAL LTD.", "longName": "India Cements Capital Limited", "firstTradeDateEpochUtc": "2002-01-01 09:15:00", "timeZoneFullName": "Asia/Kolkata", "timeZoneShortName": "IST", "uuid": "bc0e187b-61d2-31c0-82d2-ced31e69cb83", "messageBoardId": null, "gmtOffSetMilliseconds": 19800000, "maxAge": 1}, "incomeStatementHistory": {"incomeStatementHistory": [{"maxAge": 1, "endDate": "2020-03-31", "totalRevenue": 8820777000, "costOfRevenue": 8791106000, "grossProfit": 29671000, "researchDevelopment": {}, "sellingGeneralAdministrative": 35791000, "nonRecurring": {}, "otherOperatingExpenses": -6070000, "totalOperatingExpenses": 8821923000, "operatingIncome": -1146000, "totalOtherIncomeExpenseNet": 1718000, "ebit": -1146000, "interestExpense": -246000, "incomeBeforeTax": 572000, "incomeTaxExpense": 456000, "minorityInterest": {}, "netIncomeFromContinuingOps": 116000, "discontinuedOperations": {}, "extraordinaryItems": {}, "effectOfAccountingCharges": {}, "otherItems": {}, "netIncome": 116000, "netIncomeApplicableToCommonShares": 115414}, {"maxAge": 1, "endDate": "2019-03-31", "totalRevenue": 4975448000, "costOfRevenue": 4933398000, "grossProfit": 42050000, "researchDevelopment": {}, "sellingGeneralAdministrative": 35856000, "nonRecurring": {}, "otherOperatingExpenses": 5739000, "totalOperatingExpenses": 4976310000, "operatingIncome": -862000, "totalOtherIncomeExpenseNet": 2900000, "ebit": -862000, "interestExpense": -370000, "incomeBeforeTax": 2038000, "incomeTaxExpense": 690000, "minorityInterest": {}, "netIncomeFromContinuingOps": 1348000, "discontinuedOperations": {}, "extraordinaryItems": {}, "effectOfAccountingCharges": {}, "otherItems": {}, "netIncome": 1348000, "netIncomeApplicableToCommonShares": 1348000}, {"maxAge": 1, "endDate": "2018-03-31", "totalRevenue": 3805679000, "costOfRevenue": 3763869000, "grossProfit": 41810000, "researchDevelopment": {}, "sellingGeneralAdministrative": 33164000, "nonRecurring": {}, "otherOperatingExpenses": -1383000, "totalOperatingExpenses": 3797048000, "operatingIncome": 8631000, "totalOtherIncomeExpenseNet": 2162000, "ebit": 8631000, "interestExpense": -250000, "incomeBeforeTax": 10793000, "incomeTaxExpense": 2803000, "minorityInterest": {}, "netIncomeFromContinuingOps": 7990000, "discontinuedOperations": {}, "extraordinaryItems": {}, "effectOfAccountingCharges": {}, "otherItems": {}, "netIncome": 7990000, "netIncomeApplicableToCommonShares": 7990000}, {"maxAge": 1, "endDate": "2017-03-31", "totalRevenue": 3897984000, "costOfRevenue": 3855002000, "grossProfit": 42982000, "researchDevelopment": {}, "sellingGeneralAdministrative": 31918000, "nonRecurring": {}, "otherOperatingExpenses": 3691000, "totalOperatingExpenses": 3892024000, "operatingIncome": 5960000, "totalOtherIncomeExpenseNet": 1890000, "ebit": 5960000, "interestExpense": -459000, "incomeBeforeTax": 7850000, "incomeTaxExpense": 2360000, "minorityInterest": {}, "netIncomeFromContinuingOps": 5490000, "discontinuedOperations": {}, "extraordinaryItems": {}, "effectOfAccountingCharges": {}, "otherItems": {}, "netIncome": 5490000, "netIncomeApplicableToCommonShares": 5490000}], "maxAge": 86400}, "fundOwnership": {"maxAge": 1, "ownershipList": []}, "summaryDetail": {"maxAge": 1, "priceHint": 2, "previousClose": 5.5, "open": 5.66, "dayLow": 5.23, "dayHigh": 5.66, "regularMarketPreviousClose": 5.5, "regularMarketOpen": 5.66, "regularMarketDayLow": 5.23, "regularMarketDayHigh": 5.66, "volume": 12339, "regularMarketVolume": 12339, "averageVolume": 4935, "averageVolume10days": 2597, "averageDailyVolume10Day": 2597, "bid": 5.27, "ask": 5.59, "bidSize": 0, "askSize": 0, "marketCap": 114391672, "fiftyTwoWeekLow": 2.22, "fiftyTwoWeekHigh": 5.83, "fiftyDayAverage": 5.0277143, "twoHundredDayAverage": 4.0650363, "currency": "INR", "fromCurrency": null, "toCurrency": null, "lastMarket": null, "algorithm": null, "tradeable": false}, "sectorTrend": {"maxAge": 1, "symbol": null, "estimates": []}, "incomeStatementHistoryQuarterly": {"incomeStatementHistory": [{"maxAge": 1, "endDate": "2020-06-30", "totalRevenue": 3894000, "costOfRevenue": 0, "grossProfit": 3894000, "researchDevelopment": {}, "sellingGeneralAdministrative": 4751000, "nonRecurring": {}, "otherOperatingExpenses": 3232000, "totalOperatingExpenses": 8231000, "operatingIncome": -4337000, "totalOtherIncomeExpenseNet": 1542000, "ebit": -4337000, "interestExpense": -45000, "incomeBeforeTax": -2795000, "incomeTaxExpense": 21000, "minorityInterest": {}, "netIncomeFromContinuingOps": -2816000, "discontinuedOperations": {}, "extraordinaryItems": {}, "effectOfAccountingCharges": {}, "otherItems": {}, "netIncome": -2816000, "netIncomeApplicableToCommonShares": -2816000}, {"maxAge": 1, "endDate": "2020-03-31", "totalRevenue": 8779085000, "costOfRevenue": 8791106000, "grossProfit": -12021000, "researchDevelopment": {}, "sellingGeneralAdministrative": 11863000, "nonRecurring": {}, "otherOperatingExpenses": -20767000, "totalOperatingExpenses": 8782468000, "operatingIncome": -3383000, "totalOtherIncomeExpenseNet": 371000, "ebit": -3383000, "interestExpense": -45000, "incomeBeforeTax": -3012000, "incomeTaxExpense": -660000, "minorityInterest": {}, "netIncomeFromContinuingOps": -2352000, "discontinuedOperations": {}, "extraordinaryItems": {}, "effectOfAccountingCharges": {}, "otherItems": {}, "netIncome": -2352000, "netIncomeApplicableToCommonShares": -2352586}, {"maxAge": 1, "endDate": "2019-12-31", "totalRevenue": 14087000, "costOfRevenue": 0, "grossProfit": 14087000, "researchDevelopment": {}, "sellingGeneralAdministrative": 7846000, "nonRecurring": {}, "otherOperatingExpenses": 5214000, "totalOperatingExpenses": 13347000, "operatingIncome": 740000, "totalOtherIncomeExpenseNet": 596000, "ebit": 740000, "interestExpense": -201000, "incomeBeforeTax": 1336000, "incomeTaxExpense": 521000, "minorityInterest": {}, "netIncomeFromContinuingOps": 815000, "discontinuedOperations": {}, "extraordinaryItems": {}, "effectOfAccountingCharges": {}, "otherItems": {}, "netIncome": 815000, "netIncomeApplicableToCommonShares": 815000}, {"maxAge": 1, "endDate": "2019-09-30", "totalRevenue": 13095000, "costOfRevenue": 0, "grossProfit": 13095000, "researchDevelopment": {}, "sellingGeneralAdministrative": 7675000, "nonRecurring": {}, "otherOperatingExpenses": 4780000, "totalOperatingExpenses": 12733000, "operatingIncome": 362000, "totalOtherIncomeExpenseNet": 247000, "ebit": 362000, "interestExpense": -390000, "incomeBeforeTax": 609000, "incomeTaxExpense": 210000, "minorityInterest": {}, "netIncomeFromContinuingOps": 399000, "discontinuedOperations": {}, "extraordinaryItems": {}, "effectOfAccountingCharges": {}, "otherItems": {}, "netIncome": 399000, "netIncomeApplicableToCommonShares": 399000}], "maxAge": 86400}, "cashflowStatementHistoryQuarterly": {"cashflowStatements": [{"maxAge": 1, "endDate": "2020-06-30", "netIncome": -2816000, "changeToLiabilities": 0}, {"maxAge": 1, "endDate": "2020-03-31", "netIncome": -2352000, "changeToLiabilities": 0}, {"maxAge": 1, "endDate": "2019-12-31", "netIncome": 815000, "changeToLiabilities": 0}, {"maxAge": 1, "endDate": "2019-09-30", "netIncome": 399000, "changeToLiabilities": 0}], "maxAge": 86400}, "insiderHolders": {"holders": [{"maxAge": 1, "name": "Trishul Investments Pvt. Ltd.", "relation": "Promoter", "url": "", "transactionDescription": "Sale", "latestTransDate": "2013-05-31", "positionDirect": 4631830, "positionDirectDate": "2013-05-31"}], "maxAge": 1}, "earnings": {"maxAge": 86400, "earningsChart": {"quarterly": [], "earningsDate": []}, "financialsChart": {"yearly": [{"date": 2017, "revenue": 3897984000, "earnings": 5490000}, {"date": 2018, "revenue": 3805679000, "earnings": 7990000}, {"date": 2019, "revenue": 4975448000, "earnings": 1348000}, {"date": 2020, "revenue": 8820777000, "earnings": 116000}], "quarterly": [{"date": "3Q2019", "revenue": 13095000, "earnings": 399000}, {"date": "4Q2019", "revenue": 14087000, "earnings": 815000}, {"date": "1Q2020", "revenue": 8779085000, "earnings": -2352000}, {"date": "2Q2020", "revenue": 3894000, "earnings": -2816000}]}, "financialCurrency": "INR"}, "calendarEvents": {"maxAge": 1, "earnings": {"earningsDate": []}}, "price": {"maxAge": 1, "regularMarketChangePercent": -0.041818187, "regularMarketChange": -0.23000002, "regularMarketTime": "2021-04-30 15:27:01", "priceHint": 2, "regularMarketPrice": 5.27, "regularMarketDayHigh": 5.66, "regularMarketDayLow": 5.23, "regularMarketVolume": 12339, "averageDailyVolume10Day": 2597, "averageDailyVolume3Month": 4935, "regularMarketPreviousClose": 5.5, "regularMarketSource": "FREE_REALTIME", "regularMarketOpen": 5.66, "exchange": "BSE", "exchangeName": "BSE", "exchangeDataDelayedBy": 0, "marketState": "CLOSED", "quoteType": "EQUITY", "symbol": "INDCEMCAP.BO", "underlyingSymbol": null, "shortName": "INDIA CEMENTS CAPITAL LTD.", "longName": "India Cements Capital Limited", "currency": "INR", "quoteSourceName": "Delayed Quote", "currencySymbol": "\u20b9", "fromCurrency": null, "toCurrency": null, "lastMarket": null, "marketCap": 114391672}, "balanceSheetHistory": {"balanceSheetStatements": [{"maxAge": 1, "endDate": "2020-03-31", "cash": 128032000, "shortTermInvestments": 27656000, "netReceivables": 25724000, "otherCurrentAssets": 10661000, "totalCurrentAssets": 193035000, "longTermInvestments": 618000, "propertyPlantEquipment": 3934000, "goodWill": 1803000, "intangibleAssets": 20000, "otherAssets": 434641000, "deferredLongTermAssetCharges": 588000, "totalAssets": 634051000, "accountsPayable": 22784000, "otherCurrentLiab": 9822000, "longTermDebt": 437847000, "otherLiab": 454000, "totalCurrentLiabilities": 40065000, "totalLiab": 478366000, "commonStock": 217062000, "retainedEarnings": -151523000, "treasuryStock": -371000, "capitalSurplus": 90517000, "otherStockholderEquity": -371000, "totalStockholderEquity": 155685000, "netTangibleAssets": 153862000}, {"maxAge": 1, "endDate": "2019-03-31", "cash": 103340000, "shortTermInvestments": 25680000, "netReceivables": 54568000, "otherCurrentAssets": 9965000, "totalCurrentAssets": 194480000, "longTermInvestments": 976000, "propertyPlantEquipment": 4129000, "goodWill": 1803000, "intangibleAssets": 297000, "otherAssets": 435180000, "deferredLongTermAssetCharges": 517000, "totalAssets": 636865000, "accountsPayable": 25774000, "otherCurrentLiab": 11304000, "longTermDebt": 434663000, "otherLiab": 454000, "totalCurrentLiabilities": 45821000, "totalLiab": 480938000, "commonStock": 217062000, "retainedEarnings": -151639000, "treasuryStock": -13000, "capitalSurplus": 90517000, "otherStockholderEquity": -13000, "totalStockholderEquity": 155927000, "netTangibleAssets": 153827000}, {"maxAge": 1, "endDate": "2018-03-31", "cash": 135182000, "shortTermInvestments": 26197000, "netReceivables": 49022000, "otherCurrentAssets": 9240000, "totalCurrentAssets": 220505000, "longTermInvestments": 854000, "propertyPlantEquipment": 4771000, "goodWill": 1803000, "intangibleAssets": 355000, "otherAssets": 435592000, "deferredLongTermAssetCharges": 421000, "totalAssets": 663880000, "accountsPayable": 58737000, "otherCurrentLiab": 10318000, "longTermDebt": 431726000, "otherLiab": 454000, "totalCurrentLiabilities": 77243000, "totalLiab": 509423000, "commonStock": 217062000, "retainedEarnings": -152987000, "treasuryStock": -135000, "capitalSurplus": 90517000, "otherStockholderEquity": -135000, "totalStockholderEquity": 154457000, "netTangibleAssets": 152299000}, {"maxAge": 1, "endDate": "2017-03-31", "cash": 107644000, "shortTermInvestments": 29523000, "netReceivables": 42609000, "otherCurrentAssets": 10627000, "totalCurrentAssets": 190884000, "longTermInvestments": 2722000, "propertyPlantEquipment": 5528000, "goodWill": 1803000, "intangibleAssets": 391000, "otherAssets": 565285000, "deferredLongTermAssetCharges": 558000, "totalAssets": 766613000, "accountsPayable": 45039000, "otherCurrentLiab": 18343000, "longTermDebt": 426759000, "otherLiab": 440000, "totalCurrentLiabilities": 63382000, "totalLiab": 490581000, "commonStock": 217062000, "retainedEarnings": -31083000, "treasuryStock": -464000, "capitalSurplus": 90517000, "otherStockholderEquity": -464000, "totalStockholderEquity": 276032000, "netTangibleAssets": 273838000}], "maxAge": 86400}, "earningsTrend": {"trend": [{"maxAge": 1, "period": "0q", "endDate": null, "growth": {}, "earningsEstimate": {"avg": 0.0, "low": 0.0, "high": 0.0, "yearAgoEps": {}, "numberOfAnalysts": 0, "growth": {}}, "revenueEstimate": {"avg": 0, "low": 0, "high": 0, "numberOfAnalysts": 0, "yearAgoRevenue": {}, "growth": {}}, "epsTrend": {"current": 0.0, "7daysAgo": 0.0, "30daysAgo": 0.0, "60daysAgo": 0.0, "90daysAgo": 0.0}, "epsRevisions": {"upLast7days": 0, "upLast30days": 0, "downLast30days": 0, "downLast90days": {}}}, {"maxAge": 1, "period": "+1q", "endDate": null, "growth": {}, "earningsEstimate": {"avg": 0.0, "low": 0.0, "high": 0.0, "yearAgoEps": {}, "numberOfAnalysts": 0, "growth": {}}, "revenueEstimate": {"avg": 0, "low": 0, "high": 0, "numberOfAnalysts": 0, "yearAgoRevenue": {}, "growth": {}}, "epsTrend": {"current": 0.0, "7daysAgo": 0.0, "30daysAgo": 0.0, "60daysAgo": 0.0, "90daysAgo": 0.0}, "epsRevisions": {"upLast7days": 0, "upLast30days": 0, "downLast30days": 0, "downLast90days": {}}}, {"maxAge": 1, "period": "0y", "endDate": null, "growth": {}, "earningsEstimate": {"avg": 0.0, "low": 0.0, "high": 0.0, "yearAgoEps": {}, "numberOfAnalysts": 0, "growth": {}}, "revenueEstimate": {"avg": 0, "low": 0, "high": 0, "numberOfAnalysts": 0, "yearAgoRevenue": {}, "growth": {}}, "epsTrend": {"current": 0.0, "7daysAgo": 0.0, "30daysAgo": 0.0, "60daysAgo": 0.0, "90daysAgo": 0.0}, "epsRevisions": {"upLast7days": 0, "upLast30days": 0, "downLast30days": 0, "downLast90days": {}}}, {"maxAge": 1, "period": "+1y", "endDate": null, "growth": {}, "earningsEstimate": {"avg": 0.0, "low": 0.0, "high": 0.0, "yearAgoEps": {}, "numberOfAnalysts": 0, "growth": {}}, "revenueEstimate": {"avg": 0, "low": 0, "high": 0, "numberOfAnalysts": 0, "yearAgoRevenue": {}, "growth": {}}, "epsTrend": {"current": 0.0, "7daysAgo": 0.0, "30daysAgo": 0.0, "60daysAgo": 0.0, "90daysAgo": 0.0}, "epsRevisions": {"upLast7days": 0, "upLast30days": 0, "downLast30days": 0, "downLast90days": {}}}, {"maxAge": 1, "period": "+5y", "endDate": null, "growth": {}, "earningsEstimate": {"avg": {}, "low": {}, "high": {}, "yearAgoEps": {}, "numberOfAnalysts": {}, "growth": {}}, "revenueEstimate": {"avg": {}, "low": {}, "high": {}, "numberOfAnalysts": {}, "yearAgoRevenue": {}, "growth": {}}, "epsTrend": {"current": {}, "7daysAgo": {}, "30daysAgo": {}, "60daysAgo": {}, "90daysAgo": {}}, "epsRevisions": {"upLast7days": {}, "upLast30days": {}, "downLast30days": {}, "downLast90days": {}}}, {"maxAge": 1, "period": "-5y", "endDate": null, "growth": {}, "earningsEstimate": {"avg": {}, "low": {}, "high": {}, "yearAgoEps": {}, "numberOfAnalysts": {}, "growth": {}}, "revenueEstimate": {"avg": {}, "low": {}, "high": {}, "numberOfAnalysts": {}, "yearAgoRevenue": {}, "growth": {}}, "epsTrend": {"current": {}, "7daysAgo": {}, "30daysAgo": {}, "60daysAgo": {}, "90daysAgo": {}}, "epsRevisions": {"upLast7days": {}, "upLast30days": {}, "downLast30days": {}, "downLast90days": {}}}], "maxAge": 1}, "financialData": {"maxAge": 86400, "currentPrice": 5.27, "recommendationKey": "none", "grossProfits": 29671000, "financialCurrency": "INR"}}}