{"INDHOTEL.NS": {"assetProfile": {"address1": "Express Towers", "address2": "9th Floor Barrister Rajni Patel Marg Nariman Point", "city": "Mumbai", "zip": "400021", "country": "India", "phone": "91 22 6137 1637", "fax": "91 22 6137 1919", "website": "http://www.ihcltata.com", "industry": "Lodging", "sector": "Consumer Cyclical", "longBusinessSummary": "The Indian Hotels Company Limited, together with its subsidiaries, owns, operates, and manages hotels, palaces, and resorts in India and internationally. The company operates hotels under the Taj, SeleQtions, Vivanta, and Ginger brand names. It also operates salons, wellness spas, and boutiques, as well as provides ayurvedic services. As of March 31, 2020, the company operated approximately 200 hotels with 25,168 rooms in 100 locations. The Indian Hotels Company Limited was founded in 1899 and is based in Mumbai, India.", "fullTimeEmployees": 33797, "companyOfficers": [{"maxAge": 1, "name": "Mr. Puneet  Chhatwal", "age": 56, "title": "MD, CEO & Director", "yearBorn": 1964, "fiscalYear": 2020, "totalPay": 145686000, "exercisedValue": 0, "unexercisedValue": 0}, {"maxAge": 1, "name": "Mr. Giridhar  Sanjeevi", "age": 57, "title": "Exec. VP & CFO", "yearBorn": 1963, "fiscalYear": 2020, "totalPay": 42200000, "exercisedValue": 0, "unexercisedValue": 0}, {"maxAge": 1, "name": "Mr. Beejal  Desai", "title": "Sr. VP of Corp. Affairs, Head of Investor Relations, Compliance Officer & Company Sec.", "fiscalYear": 2020, "totalPay": 33000000, "exercisedValue": 0, "unexercisedValue": 0}, {"maxAge": 1, "name": "Mr. Maru  Niyant", "age": 57, "title": "VP of Corp. Fin.", "yearBorn": 1963, "exercisedValue": 0, "unexercisedValue": 0}, {"maxAge": 1, "name": "Mr. Rajendra  Misra", "age": 53, "title": "Exec. VP & Gen. Counsel", "yearBorn": 1967, "exercisedValue": 0, "unexercisedValue": 0}, {"maxAge": 1, "name": "Mr. Parveen Chander Kumar", "title": "Sr. VP of Sales & Marketing", "exercisedValue": 0, "unexercisedValue": 0}, {"maxAge": 1, "name": "Mr. Gaurav  Pokhariyal", "title": "Sr. VP & Global Head of HR", "exercisedValue": 0, "unexercisedValue": 0}, {"maxAge": 1, "name": "Ms. S.  Ananda", "age": 64, "title": "Corp. Chef of Premium Hotels & Exec. Chef of Taj Pres Hotel - Mumbai", "yearBorn": 1956, "fiscalYear": 2008, "exercisedValue": 0, "unexercisedValue": 0}, {"maxAge": 1, "name": "Mr. Maneck  Patel", "age": 74, "title": "Sr. VP of Bus. & International Consular Corp. Relations", "yearBorn": 1946, "exercisedValue": 0, "unexercisedValue": 0}, {"maxAge": 1, "name": "Ms. Suma  Venkatesh", "age": 51, "title": "Exec. VP of Real Estate & Devel.", "yearBorn": 1969, "exercisedValue": 0, "unexercisedValue": 0}], "compensationAsOfEpochDate": "2020-12-31 05:30:00", "maxAge": 86400}, "cashflowStatementHistory": {"cashflowStatements": [{"maxAge": 1, "endDate": "2020-03-31", "netIncome": 3544200000, "depreciation": 3922700000, "changeToNetincome": 413200000, "changeToLiabilities": 0, "changeToInventory": -132100000, "changeToOperatingActivities": 367000000, "totalCashFromOperatingActivities": 8234700000, "capitalExpenditures": -4873900000, "investments": -2133000000, "otherCashflowsFromInvestingActivities": 195300000, "totalCashflowsFromInvestingActivities": -5018800000, "dividendsPaid": -602000000, "netBorrowings": 865400000, "otherCashflowsFromFinancingActivities": -2917200000, "totalCashFromFinancingActivities": -2653800000, "effectOfExchangeRate": 53200000, "changeInCash": 615300000}, {"maxAge": 1, "endDate": "2019-03-31", "netIncome": 2868200000, "depreciation": 3147000000, "changeToNetincome": 1249900000, "changeToLiabilities": 0, "changeToInventory": 53200000, "changeToOperatingActivities": -335500000, "totalCashFromOperatingActivities": 7114300000, "capitalExpenditures": -4786100000, "investments": 905300000, "otherCashflowsFromInvestingActivities": -214700000, "totalCashflowsFromInvestingActivities": -3881500000, "dividendsPaid": -465900000, "netBorrowings": -1506800000, "otherCashflowsFromFinancingActivities": -1459900000, "totalCashFromFinancingActivities": -3432600000, "effectOfExchangeRate": 14300000, "changeInCash": -185500000}, {"maxAge": 1, "endDate": "2018-03-31", "netIncome": 1008700000, "depreciation": 2876400000, "changeToNetincome": 1932300000, "changeToLiabilities": 0, "changeToInventory": -42900000, "changeToOperatingActivities": -989600000, "totalCashFromOperatingActivities": 4920500000, "capitalExpenditures": -5096900000, "investments": -1080200000, "otherCashflowsFromInvestingActivities": 243600000, "totalCashflowsFromInvestingActivities": -5287300000, "dividendsPaid": -353600000, "netBorrowings": -9498200000, "otherCashflowsFromFinancingActivities": -4189800000, "totalCashFromFinancingActivities": 957200000, "effectOfExchangeRate": 74900000, "changeInCash": 665300000, "issuanceOfStock": 14998800000}, {"maxAge": 1, "endDate": "2017-03-31", "netIncome": -632000000, "depreciation": 2873200000, "changeToNetincome": 3582100000, "changeToLiabilities": 0, "changeToInventory": -17800000, "changeToOperatingActivities": -580800000, "totalCashFromOperatingActivities": 5345200000, "capitalExpenditures": -3994000000, "investments": 3703300000, "otherCashflowsFromInvestingActivities": 464900000, "totalCashflowsFromInvestingActivities": 8549800000, "dividendsPaid": -296800000, "netBorrowings": -11401300000, "otherCashflowsFromFinancingActivities": -2115500000, "totalCashFromFinancingActivities": -13813600000, "effectOfExchangeRate": -66600000, "changeInCash": 14800000, "issuanceOfStock": 14998800000}], "maxAge": 86400}, "institutionOwnership": {"ownershipList": [], "maxAge": 1}, "majorHoldersBreakdown": {"maxAge": 1, "insidersPercentHeld": 0.45633, "institutionsPercentHeld": 0.34962, "institutionsFloatPercentHeld": 0.64308, "institutionsCount": 51}, "balanceSheetHistoryQuarterly": {"balanceSheetStatements": [{"maxAge": 1, "endDate": "2020-12-31", "totalStockholderEquity": 36902800000, "netTangibleAssets": 25025300000}, {"maxAge": 1, "endDate": "2020-09-30", "cash": 1982100000, "shortTermInvestments": 5298000000, "netReceivables": 2321100000, "inventory": 936400000, "otherCurrentAssets": 1535700000, "totalCurrentAssets": 12073300000, "longTermInvestments": 10141800000, "propertyPlantEquipment": 73511200000, "goodWill": 6080000000, "intangibleAssets": 5797500000, "otherAssets": 7013700000, "deferredLongTermAssetCharges": 1030600000, "totalAssets": 114617500000, "accountsPayable": 3262300000, "otherCurrentLiab": 16586900000, "longTermDebt": 24242900000, "otherLiab": 5761500000, "minorityInterest": 6382700000, "totalCurrentLiabilities": 23022800000, "totalLiab": 71332000000, "commonStock": 1189300000, "treasuryStock": 35713500000, "otherStockholderEquity": 35713500000, "totalStockholderEquity": 36902800000, "netTangibleAssets": 25025300000}, {"maxAge": 1, "endDate": "2020-06-30", "totalStockholderEquity": 43568100000, "netTangibleAssets": 31509600000}, {"maxAge": 1, "endDate": "2020-03-31", "cash": 3155800000, "netReceivables": 4585100000, "inventory": 936100000, "otherCurrentAssets": 745100000, "totalCurrentAssets": 14373100000, "longTermInvestments": 9318200000, "propertyPlantEquipment": 70970800000, "goodWill": 6145800000, "intangibleAssets": 5912700000, "otherAssets": 8462000000, "deferredLongTermAssetCharges": 765000000, "totalAssets": 115182600000, "accountsPayable": 1909000000, "shortLongTermDebt": 3100200000, "otherCurrentLiab": 7217200000, "longTermDebt": 21258000000, "otherLiab": 5273600000, "minorityInterest": 7649000000, "totalCurrentLiabilities": 19008200000, "totalLiab": 63965500000, "commonStock": 1189300000, "retainedEarnings": 8448200000, "treasuryStock": 6910100000, "capitalSurplus": 27020500000, "otherStockholderEquity": 6910100000, "totalStockholderEquity": 43568100000, "netTangibleAssets": 31509600000}], "maxAge": 86400}, "indexTrend": {"maxAge": 1, "symbol": "SP5", "peRatio": 19.7411, "pegRatio": 1.34172, "estimates": [{"period": "0q", "growth": 0.549}, {"period": "+1q", "growth": 0.431}, {"period": "0y", "growth": 0.305}, {"period": "+1y", "growth": 0.109}, {"period": "+5y", "growth": 0.120865}, {"period": "-5y"}]}, "defaultKeyStatistics": {"maxAge": 1, "priceHint": 2, "enterpriseValue": 176301015040, "profitMargins": -0.26663, "floatShares": 679839559, "sharesOutstanding": 1189260032, "heldPercentInsiders": 0.45633, "heldPercentInstitutions": 0.34962, "beta": 1.099588, "category": null, "bookValue": 31.029, "priceToBook": 3.5934126, "fundFamily": null, "legalType": null, "lastFiscalYearEnd": "2020-03-31 05:30:00", "nextFiscalYearEnd": "2022-03-31 05:30:00", "mostRecentQuarter": "2020-12-31 05:30:00", "netIncomeToCommon": -5544900096, "trailingEps": -4.657, "lastSplitFactor": "10:1", "lastSplitDate": "2006-10-27 05:30:00", "enterpriseToRevenue": 8.477, "enterpriseToEbitda": -70.596}, "summaryProfile": {"address1": "Express Towers", "address2": "9th Floor Barrister Rajni Patel Marg Nariman Point", "city": "Mumbai", "zip": "400021", "country": "India", "phone": "91 22 6137 1637", "fax": "91 22 6137 1919", "website": "http://www.ihcltata.com", "industry": "Lodging", "sector": "Consumer Cyclical", "longBusinessSummary": "The Indian Hotels Company Limited, together with its subsidiaries, owns, operates, and manages hotels, palaces, and resorts in India and internationally. The company operates hotels under the Taj, SeleQtions, Vivanta, and Ginger brand names. It also operates salons, wellness spas, and boutiques, as well as provides ayurvedic services. As of March 31, 2020, the company operated approximately 200 hotels with 25,168 rooms in 100 locations. The Indian Hotels Company Limited was founded in 1899 and is based in Mumbai, India.", "fullTimeEmployees": 33797, "companyOfficers": [], "maxAge": 86400}, "netSharePurchaseActivity": {"maxAge": 1, "period": "6m", "buyInfoCount": 0, "buyInfoShares": 0, "sellInfoCount": 0, "netInfoCount": 0, "netInfoShares": 0, "netPercentInsiderShares": 0.0, "totalInsiderShares": 542713280}, "insiderTransactions": {"transactions": [{"maxAge": 1, "shares": 3747510, "filerUrl": "", "transactionText": "", "filerName": "Reliance Capital Trustee Co Ltd A/c Reliance Equity Opportun", "filerRelation": "Promoter", "moneyText": "", "startDate": "2020-10-26", "ownership": "D"}, {"maxAge": 1, "shares": 13487, "filerUrl": "", "transactionText": "", "filerName": "Chandrasekaran (N.)", "filerRelation": "UNREPORTED", "moneyText": "", "startDate": "2020-03-16", "ownership": "D"}, {"maxAge": 1, "shares": 86513, "filerUrl": "", "transactionText": "", "filerName": "Chandrasekaran (N.)", "filerRelation": "UNREPORTED", "moneyText": "", "startDate": "2020-03-16", "ownership": "D"}, {"maxAge": 1, "shares": 78972460, "filerUrl": "", "transactionText": "", "filerName": "Tata Sons Ltd", "filerRelation": "Promoter", "moneyText": "", "startDate": "2018-03-15", "ownership": "D"}, {"maxAge": 1, "shares": 23625, "filerUrl": "", "transactionText": "", "filerName": "Mistry (Cyrus P)", "filerRelation": "Non Executive Chairman", "moneyText": "", "startDate": "2016-03-01", "ownership": "D"}, {"maxAge": 1, "shares": 105000, "filerUrl": "", "transactionText": "", "filerName": "Mistry (Cyrus P)", "filerRelation": "Non Executive Chairman", "moneyText": "", "startDate": "2013-09-20", "ownership": "D"}, {"maxAge": 1, "shares": 14640990, "filerUrl": "", "transactionText": "", "filerName": "Life Insurance Corporation of India", "filerRelation": "Investment Advisor", "moneyText": "", "startDate": "2009-11-25", "ownership": "D"}], "maxAge": 1}, "quoteType": {"exchange": "NSI", "quoteType": "EQUITY", "symbol": "INDHOTEL.NS", "underlyingSymbol": "INDHOTEL.NS", "shortName": "INDIAN HOTELS", "longName": "The Indian Hotels Company Limited", "firstTradeDateEpochUtc": "2002-07-01 09:15:00", "timeZoneFullName": "Asia/Kolkata", "timeZoneShortName": "IST", "uuid": "6edd8b8c-55af-3834-a7e3-5b260a995691", "gmtOffSetMilliseconds": 19800000, "maxAge": 1}, "incomeStatementHistory": {"incomeStatementHistory": [{"maxAge": 1, "endDate": "2020-03-31", "totalRevenue": 44968700000, "costOfRevenue": 20257500000, "grossProfit": 24711200000, "researchDevelopment": {}, "sellingGeneralAdministrative": 14698600000, "nonRecurring": {}, "otherOperatingExpenses": {}, "totalOperatingExpenses": 38998500000, "operatingIncome": 5970200000, "totalOtherIncomeExpenseNet": -1885100000, "ebit": 5970200000, "interestExpense": -3411200000, "incomeBeforeTax": 4085100000, "incomeTaxExpense": 447700000, "minorityInterest": 7649000000, "netIncomeFromContinuingOps": 3637400000, "discontinuedOperations": {}, "extraordinaryItems": {}, "effectOfAccountingCharges": {}, "otherItems": {}, "netIncome": 3544200000, "netIncomeApplicableToCommonShares": 3544200000}, {"maxAge": 1, "endDate": "2019-03-31", "totalRevenue": 45546700000, "costOfRevenue": 20406100000, "grossProfit": 25140600000, "researchDevelopment": {}, "sellingGeneralAdministrative": 16416600000, "nonRecurring": {}, "otherOperatingExpenses": {}, "totalOperatingExpenses": 40101200000, "operatingIncome": 5445500000, "totalOtherIncomeExpenseNet": -913100000, "ebit": 5445500000, "interestExpense": -1901300000, "incomeBeforeTax": 4532400000, "incomeTaxExpense": 1571200000, "minorityInterest": 7998600000, "netIncomeFromContinuingOps": 2961200000, "discontinuedOperations": {}, "extraordinaryItems": {}, "effectOfAccountingCharges": {}, "otherItems": {}, "netIncome": 2868200000, "netIncomeApplicableToCommonShares": 2868200000}, {"maxAge": 1, "endDate": "2018-03-31", "totalRevenue": 41608400000, "costOfRevenue": 18796400000, "grossProfit": 22812000000, "researchDevelopment": {}, "sellingGeneralAdministrative": 15535600000, "nonRecurring": {}, "otherOperatingExpenses": {}, "totalOperatingExpenses": 37344000000, "operatingIncome": 4264400000, "totalOtherIncomeExpenseNet": -2018600000, "ebit": 4264400000, "interestExpense": -2690400000, "incomeBeforeTax": 2245800000, "incomeTaxExpense": 1210600000, "minorityInterest": 7773900000, "netIncomeFromContinuingOps": 1035200000, "discontinuedOperations": {}, "extraordinaryItems": {}, "effectOfAccountingCharges": {}, "otherItems": {}, "netIncome": 1008700000, "netIncomeApplicableToCommonShares": 1008700000}, {"maxAge": 1, "endDate": "2017-03-31", "totalRevenue": 40740300000, "costOfRevenue": 18909300000, "grossProfit": 21831000000, "researchDevelopment": {}, "sellingGeneralAdministrative": 15200200000, "nonRecurring": {}, "otherOperatingExpenses": {}, "totalOperatingExpenses": 37103200000, "operatingIncome": 3637100000, "totalOtherIncomeExpenseNet": -2955700000, "ebit": 3637100000, "interestExpense": -3238300000, "incomeBeforeTax": 681400000, "incomeTaxExpense": 1137400000, "minorityInterest": 7378200000, "netIncomeFromContinuingOps": -456000000, "discontinuedOperations": {}, "extraordinaryItems": {}, "effectOfAccountingCharges": {}, "otherItems": {}, "netIncome": -632000000, "netIncomeApplicableToCommonShares": -632000000}], "maxAge": 86400}, "fundOwnership": {"ownershipList": [{"maxAge": 1, "reportDate": "2021-01-31", "organization": "Vanguard International Stock Index-Emerging Markets Stk", "pctHeld": 0.0068, "position": 8131471, "value": 988786873}, {"maxAge": 1, "reportDate": "2021-01-31", "organization": "Vanguard International Stock Index-Total Intl Stock Indx", "pctHeld": 0.0062, "position": 7371602, "value": 896386803}, {"maxAge": 1, "reportDate": "2021-03-31", "organization": "iShares Core MSCI Emerging Markets ETF", "pctHeld": 0.0053, "position": 6315694, "value": 700094679}, {"maxAge": 1, "reportDate": "2021-03-31", "organization": "Manning & Napier Rainier International Discovery Series", "pctHeld": 0.0034999999, "position": 4119643, "value": 456662426}, {"maxAge": 1, "reportDate": "2021-01-31", "organization": "DFA Emerging Markets Core Equity Portfolio", "pctHeld": 0.0023, "position": 2696771, "value": 327927353}, {"maxAge": 1, "reportDate": "2021-01-31", "organization": "DFA Emerging Markets Small Cap Series", "pctHeld": 0.0021, "position": 2528672, "value": 307486515}, {"maxAge": 1, "reportDate": "2021-01-31", "organization": "Vanguard Intl Equity Index Fds-FTSE All World ex U.S.Small Cap Index", "pctHeld": 0.0014, "position": 1617670, "value": 196708672}, {"maxAge": 1, "reportDate": "2021-01-31", "organization": "Invesco Oppenheimer Emerging Markets Innovators Fund", "pctHeld": 0.0013, "position": 1570048, "value": 190917836}, {"maxAge": 1, "reportDate": "2021-03-31", "organization": "iShares MSCI India Small Cap ETF", "pctHeld": 0.0011, "position": 1332315, "value": 147687117}, {"maxAge": 1, "reportDate": "2021-03-31", "organization": "SPDR Portfolio Emerging Markets ETF", "pctHeld": 0.0011, "position": 1256543, "value": 139287791}], "maxAge": 1}, "summaryDetail": {"maxAge": 1, "priceHint": 2, "previousClose": 110.55, "open": 110.0, "dayLow": 107.2, "dayHigh": 114.5, "regularMarketPreviousClose": 110.55, "regularMarketOpen": 110.0, "regularMarketDayLow": 107.2, "regularMarketDayHigh": 114.5, "dividendRate": 0.5, "dividendYield": 0.0044, "exDividendDate": "2020-07-17 05:30:00", "beta": 1.099588, "volume": 3368779, "regularMarketVolume": 3368779, "averageVolume": 2352815, "averageVolume10days": 2699091, "averageDailyVolume10Day": 2699091, "bid": 0.0, "ask": 0.0, "bidSize": 0, "askSize": 0, "marketCap": 132602494976, "fiftyTwoWeekLow": 62.1, "fiftyTwoWeekHigh": 139.25, "priceToSalesTrailing12Months": 6.376193, "fiftyDayAverage": 119.4603, "twoHundredDayAverage": 114.90993, "trailingAnnualDividendRate": 0.5, "trailingAnnualDividendYield": 0.00452284, "currency": "INR", "fromCurrency": null, "lastMarket": null, "algorithm": null, "tradeable": false}, "incomeStatementHistoryQuarterly": {"incomeStatementHistory": [{"maxAge": 1, "endDate": "2020-12-31", "totalRevenue": 5705200000, "costOfRevenue": 2979200000, "grossProfit": 2726000000, "researchDevelopment": {}, "sellingGeneralAdministrative": 2786800000, "nonRecurring": {}, "otherOperatingExpenses": {}, "totalOperatingExpenses": 6789200000, "operatingIncome": -1084000000, "totalOtherIncomeExpenseNet": -555600000, "ebit": -1084000000, "interestExpense": -1120500000, "incomeBeforeTax": -1639600000, "incomeTaxExpense": -307400000, "minorityInterest": {}, "netIncomeFromContinuingOps": -1332200000, "discontinuedOperations": {}, "extraordinaryItems": {}, "effectOfAccountingCharges": {}, "otherItems": {}, "netIncome": -1188800000, "netIncomeApplicableToCommonShares": -1188800000}, {"maxAge": 1, "endDate": "2020-09-30", "totalRevenue": 2673300000, "costOfRevenue": 2261400000, "grossProfit": 411900000, "researchDevelopment": {}, "sellingGeneralAdministrative": 1808700000, "nonRecurring": {}, "otherOperatingExpenses": {}, "totalOperatingExpenses": 5098500000, "operatingIncome": -2425200000, "totalOtherIncomeExpenseNet": -524600000, "ebit": -2425200000, "interestExpense": -967700000, "incomeBeforeTax": -2949800000, "incomeTaxExpense": -428900000, "minorityInterest": 6382700000, "netIncomeFromContinuingOps": -2520900000, "discontinuedOperations": {}, "extraordinaryItems": {}, "effectOfAccountingCharges": {}, "otherItems": {}, "netIncome": -2300100000, "netIncomeApplicableToCommonShares": -2300100000}, {"maxAge": 1, "endDate": "2020-06-30", "totalRevenue": 1557500000, "costOfRevenue": 2489500000, "grossProfit": -932000000, "researchDevelopment": {}, "sellingGeneralAdministrative": 1606500000, "nonRecurring": {}, "otherOperatingExpenses": {}, "totalOperatingExpenses": 5097400000, "operatingIncome": -3539900000, "totalOtherIncomeExpenseNet": -279000000, "ebit": -3539900000, "interestExpense": -878900000, "incomeBeforeTax": -3818900000, "incomeTaxExpense": -692900000, "minorityInterest": 6382700000, "netIncomeFromContinuingOps": -3126000000, "discontinuedOperations": {}, "extraordinaryItems": {}, "effectOfAccountingCharges": {}, "otherItems": {}, "netIncome": -2799200000, "netIncomeApplicableToCommonShares": -2799200000}, {"maxAge": 1, "endDate": "2020-03-31", "totalRevenue": 10648100000, "costOfRevenue": 6127700000, "grossProfit": 4520400000, "researchDevelopment": {}, "sellingGeneralAdministrative": 2423000000, "nonRecurring": {}, "otherOperatingExpenses": {}, "totalOperatingExpenses": 9581900000, "operatingIncome": 1066200000, "totalOtherIncomeExpenseNet": 10400000, "ebit": 1066200000, "interestExpense": -847600000, "incomeBeforeTax": 1076600000, "incomeTaxExpense": 313700000, "minorityInterest": 7649000000, "netIncomeFromContinuingOps": 762900000, "discontinuedOperations": {}, "extraordinaryItems": {}, "effectOfAccountingCharges": {}, "otherItems": {}, "netIncome": 743200000, "netIncomeApplicableToCommonShares": 743200000}], "maxAge": 86400}, "cashflowStatementHistoryQuarterly": {"cashflowStatements": [{"maxAge": 1, "endDate": "2020-12-31", "netIncome": -1188800000, "changeToLiabilities": 0}, {"maxAge": 1, "endDate": "2020-09-30", "netIncome": -2300100000, "changeToLiabilities": 0}, {"maxAge": 1, "endDate": "2020-06-30", "netIncome": -2799200000, "changeToLiabilities": 0}, {"maxAge": 1, "endDate": "2020-03-31", "netIncome": 743200000, "changeToLiabilities": 0}], "maxAge": 86400}, "insiderHolders": {"holders": [{"maxAge": 1, "name": "Chandrasekaran (N.)", "relation": "UNREPORTED", "url": "", "transactionDescription": "Acquisition", "latestTransDate": "2020-03-16", "positionDirect": 13487, "positionDirectDate": "2020-03-16"}, {"maxAge": 1, "name": "Life Insurance Corporation of India", "relation": "Investment Advisor", "url": "", "transactionDescription": "Acquisition", "latestTransDate": "2009-11-25", "positionDirect": 117595720, "positionDirectDate": "2009-11-25"}, {"maxAge": 1, "name": "Mistry (Cyrus P)", "relation": "Non Executive Chairman", "url": "", "transactionDescription": "Other", "latestTransDate": "2016-03-01", "positionDirect": 128625, "positionDirectDate": "2016-03-01"}, {"maxAge": 1, "name": "Reliance Capital Trustee Co Ltd A/c Reliance Equity Opportun", "relation": "Promoter", "url": "", "transactionDescription": "Other", "latestTransDate": "2020-10-26", "positionDirect": 57656886, "positionDirectDate": "2020-10-26"}, {"maxAge": 1, "name": "Tata Sons Ltd", "relation": "Promoter", "url": "", "transactionDescription": "Other", "latestTransDate": "2018-03-15", "positionDirect": 433219860, "positionDirectDate": "2018-03-15"}], "maxAge": 1}, "calendarEvents": {"maxAge": 1, "earnings": {"earningsDate": []}, "exDividendDate": "2020-07-17 05:30:00"}, "upgradeDowngradeHistory": {"history": [], "maxAge": 86400}, "price": {"maxAge": 1, "regularMarketChangePercent": 0.008593369, "regularMarketChange": 0.94999695, "regularMarketTime": "2021-04-30 15:30:00", "priceHint": 2, "regularMarketPrice": 111.5, "regularMarketDayHigh": 114.5, "regularMarketDayLow": 107.2, "regularMarketVolume": 3368779, "averageDailyVolume10Day": 2699091, "averageDailyVolume3Month": 2352815, "regularMarketPreviousClose": 110.55, "regularMarketSource": "FREE_REALTIME", "regularMarketOpen": 110.0, "exchange": "NSI", "exchangeName": "NSE", "exchangeDataDelayedBy": 15, "marketState": "CLOSED", "quoteType": "EQUITY", "symbol": "INDHOTEL.NS", "underlyingSymbol": null, "shortName": "INDIAN HOTELS", "longName": "The Indian Hotels Company Limited", "currency": "INR", "quoteSourceName": "Delayed Quote", "currencySymbol": "\u20b9", "fromCurrency": null, "lastMarket": null, "marketCap": 132602494976}, "balanceSheetHistory": {"balanceSheetStatements": [{"maxAge": 1, "endDate": "2020-03-31", "cash": 3155800000, "netReceivables": 4585100000, "inventory": 936100000, "otherCurrentAssets": 745100000, "totalCurrentAssets": 14373100000, "longTermInvestments": 9318200000, "propertyPlantEquipment": 70970800000, "goodWill": 6145800000, "intangibleAssets": 5912700000, "otherAssets": 8462000000, "deferredLongTermAssetCharges": 765000000, "totalAssets": 115182600000, "accountsPayable": 1909000000, "shortLongTermDebt": 3100200000, "otherCurrentLiab": 7217200000, "longTermDebt": 21258000000, "otherLiab": 5273600000, "minorityInterest": 7649000000, "totalCurrentLiabilities": 19008200000, "totalLiab": 63965500000, "commonStock": 1189300000, "retainedEarnings": 8448200000, "treasuryStock": 6910100000, "capitalSurplus": 27020500000, "otherStockholderEquity": 6910100000, "totalStockholderEquity": 43568100000, "netTangibleAssets": 31509600000}, {"maxAge": 1, "endDate": "2019-03-31", "cash": 2409400000, "netReceivables": 4248000000, "inventory": 804000000, "otherCurrentAssets": 968200000, "totalCurrentAssets": 11587800000, "longTermInvestments": 10607700000, "propertyPlantEquipment": 53491100000, "goodWill": 5834700000, "intangibleAssets": 6058500000, "otherAssets": 8257800000, "deferredLongTermAssetCharges": 694400000, "totalAssets": 95837600000, "accountsPayable": 1690400000, "shortLongTermDebt": 6027800000, "otherCurrentLiab": 8454900000, "longTermDebt": 16875200000, "otherLiab": 6589200000, "minorityInterest": 7998600000, "totalCurrentLiabilities": 20894600000, "totalLiab": 44359000000, "commonStock": 1189300000, "retainedEarnings": 7159800000, "treasuryStock": 8110400000, "capitalSurplus": 27020500000, "otherStockholderEquity": 8110400000, "totalStockholderEquity": 43480000000, "netTangibleAssets": 31586800000}, {"maxAge": 1, "endDate": "2018-03-31", "cash": 2703200000, "netReceivables": 4375000000, "inventory": 857200000, "otherCurrentAssets": 403800000, "totalCurrentAssets": 12195300000, "longTermInvestments": 11868300000, "propertyPlantEquipment": 51732700000, "goodWill": 5655200000, "intangibleAssets": 6208200000, "otherAssets": 6085700000, "deferredLongTermAssetCharges": 601400000, "totalAssets": 93745400000, "accountsPayable": 1982700000, "shortLongTermDebt": 932200000, "otherCurrentLiab": 7251200000, "longTermDebt": 23292100000, "otherLiab": 6934000000, "minorityInterest": 7773900000, "totalCurrentLiabilities": 13934400000, "totalLiab": 44160500000, "commonStock": 1189300000, "retainedEarnings": 5051200000, "treasuryStock": 8549700000, "capitalSurplus": 27020800000, "otherStockholderEquity": 8549700000, "totalStockholderEquity": 41811000000, "netTangibleAssets": 29947600000}, {"maxAge": 1, "endDate": "2017-03-31", "cash": 2470600000, "netReceivables": 4248400000, "inventory": 804400000, "otherCurrentAssets": 399000000, "totalCurrentAssets": 9263400000, "longTermInvestments": 11599100000, "propertyPlantEquipment": 48407300000, "goodWill": 5555600000, "intangibleAssets": 6417700000, "otherAssets": 5099700000, "deferredLongTermAssetCharges": 352100000, "totalAssets": 86342800000, "accountsPayable": 1788700000, "shortLongTermDebt": 5749600000, "otherCurrentLiab": 6876600000, "longTermDebt": 27898600000, "otherLiab": 7496400000, "minorityInterest": 7378200000, "totalCurrentLiabilities": 18392700000, "totalLiab": 53787700000, "commonStock": 989300000, "retainedEarnings": 4107700000, "treasuryStock": 7773400000, "capitalSurplus": 12306500000, "otherStockholderEquity": 7773400000, "totalStockholderEquity": 25176900000, "netTangibleAssets": 13203600000}], "maxAge": 86400}, "financialData": {"maxAge": 86400, "currentPrice": 111.5, "recommendationKey": "none", "totalCash": 7280099840, "totalCashPerShare": 6.121, "ebitda": -2497325056, "totalDebt": 45721300992, "totalRevenue": 20796499968, "debtToEquity": 105.627, "revenuePerShare": 17.467, "grossProfits": 24711200000, "revenueGrowth": -0.586, "grossMargins": 0.33365002, "ebitdaMargins": -0.12008, "operatingMargins": -0.27747, "profitMargins": -0.26663, "financialCurrency": "INR"}}}