{"INDHOTEL.BO": {"recommendationTrend": {"trend": [{"period": "0m", "strongBuy": 0, "buy": 0, "hold": 0, "sell": 0, "strongSell": 0}, {"period": "-1m", "strongBuy": 0, "buy": 0, "hold": 0, "sell": 0, "strongSell": 0}, {"period": "-2m", "strongBuy": 0, "buy": 0, "hold": 0, "sell": 0, "strongSell": 0}, {"period": "-3m", "strongBuy": 0, "buy": 0, "hold": 0, "sell": 0, "strongSell": 0}], "maxAge": 86400}, "cashflowStatementHistory": {"cashflowStatements": [{"maxAge": 1, "endDate": "2020-03-31", "netIncome": 3544200000, "depreciation": 3922700000, "changeToNetincome": 413200000, "changeToLiabilities": 0, "changeToInventory": -132100000, "changeToOperatingActivities": 367000000, "totalCashFromOperatingActivities": 8234700000, "capitalExpenditures": -4873900000, "investments": -2133000000, "otherCashflowsFromInvestingActivities": 195300000, "totalCashflowsFromInvestingActivities": -5018800000, "dividendsPaid": -602000000, "netBorrowings": 865400000, "otherCashflowsFromFinancingActivities": -2917200000, "totalCashFromFinancingActivities": -2653800000, "effectOfExchangeRate": 53200000, "changeInCash": 615300000}, {"maxAge": 1, "endDate": "2019-03-31", "netIncome": 2868200000, "depreciation": 3147000000, "changeToNetincome": 1249900000, "changeToLiabilities": 0, "changeToInventory": 53200000, "changeToOperatingActivities": -335500000, "totalCashFromOperatingActivities": 7114300000, "capitalExpenditures": -4786100000, "investments": 905300000, "otherCashflowsFromInvestingActivities": -214700000, "totalCashflowsFromInvestingActivities": -3881500000, "dividendsPaid": -465900000, "netBorrowings": -1506800000, "otherCashflowsFromFinancingActivities": -1459900000, "totalCashFromFinancingActivities": -3432600000, "effectOfExchangeRate": 14300000, "changeInCash": -185500000}, {"maxAge": 1, "endDate": "2018-03-31", "netIncome": 1008700000, "depreciation": 2876400000, "changeToNetincome": 1932300000, "changeToLiabilities": 0, "changeToInventory": -42900000, "changeToOperatingActivities": -989600000, "totalCashFromOperatingActivities": 4920500000, "capitalExpenditures": -5096900000, "investments": -1080200000, "otherCashflowsFromInvestingActivities": 243600000, "totalCashflowsFromInvestingActivities": -5287300000, "dividendsPaid": -353600000, "netBorrowings": -9498200000, "otherCashflowsFromFinancingActivities": -4189800000, "totalCashFromFinancingActivities": 957200000, "effectOfExchangeRate": 74900000, "changeInCash": 665300000, "issuanceOfStock": 14998800000}, {"maxAge": 1, "endDate": "2017-03-31", "netIncome": -632000000, "depreciation": 2873200000, "changeToNetincome": 3582100000, "changeToLiabilities": 0, "changeToInventory": -17800000, "changeToOperatingActivities": -580800000, "totalCashFromOperatingActivities": 5345200000, "capitalExpenditures": -3994000000, "investments": 3703300000, "otherCashflowsFromInvestingActivities": 464900000, "totalCashflowsFromInvestingActivities": 8549800000, "dividendsPaid": -296800000, "netBorrowings": -11401300000, "otherCashflowsFromFinancingActivities": -2115500000, "totalCashFromFinancingActivities": -13813600000, "effectOfExchangeRate": -66600000, "changeInCash": 14800000, "issuanceOfStock": 14998800000}], "maxAge": 86400}, "institutionOwnership": {"maxAge": 1, "ownershipList": []}, "balanceSheetHistoryQuarterly": {"balanceSheetStatements": [{"maxAge": 1, "endDate": "2020-06-30", "totalStockholderEquity": 43568100000, "netTangibleAssets": 31509600000}, {"maxAge": 1, "endDate": "2020-03-31", "cash": 3155800000, "netReceivables": 4585100000, "inventory": 936100000, "otherCurrentAssets": 745100000, "totalCurrentAssets": 14373100000, "longTermInvestments": 9318200000, "propertyPlantEquipment": 70970800000, "goodWill": 6145800000, "intangibleAssets": 5912700000, "otherAssets": 8462000000, "deferredLongTermAssetCharges": 765000000, "totalAssets": 115182600000, "accountsPayable": 1909000000, "shortLongTermDebt": 3100200000, "otherCurrentLiab": 7217200000, "longTermDebt": 21258000000, "otherLiab": 5273600000, "minorityInterest": 7649000000, "totalCurrentLiabilities": 19008200000, "totalLiab": 63965500000, "commonStock": 1189300000, "retainedEarnings": 8448200000, "treasuryStock": 6910100000, "capitalSurplus": 27020500000, "otherStockholderEquity": 6910100000, "totalStockholderEquity": 43568100000, "netTangibleAssets": 31509600000}, {"maxAge": 1, "endDate": "2019-12-31", "totalStockholderEquity": 40617300000, "netTangibleAssets": 28735700000}, {"maxAge": 1, "endDate": "2019-09-30", "cash": 2423500000, "shortTermInvestments": 2183500000, "netReceivables": 3315100000, "inventory": 871700000, "otherCurrentAssets": 1218200000, "totalCurrentAssets": 10012000000, "longTermInvestments": 11218000000, "propertyPlantEquipment": 69815600000, "goodWill": 5873600000, "intangibleAssets": 6008000000, "otherAssets": 7107200000, "deferredLongTermAssetCharges": 670600000, "totalAssets": 110034400000, "accountsPayable": 3352800000, "otherCurrentLiab": 18312400000, "longTermDebt": 14605900000, "otherLiab": 5269500000, "minorityInterest": 7450900000, "totalCurrentLiabilities": 23421200000, "totalLiab": 61966200000, "commonStock": 1189300000, "treasuryStock": 39428000000, "otherStockholderEquity": 39428000000, "totalStockholderEquity": 40617300000, "netTangibleAssets": 28735700000}], "maxAge": 86400}, "earningsHistory": {"history": [{"maxAge": 1, "epsActual": {}, "epsEstimate": {}, "epsDifference": {}, "surprisePercent": {}, "quarter": {}, "period": "-4q"}, {"maxAge": 1, "epsActual": -0.38, "epsEstimate": 0.07, "epsDifference": -0.45, "surprisePercent": -6.4290004, "quarter": "2017-06-30", "period": "-3q"}, {"maxAge": 1, "epsActual": -0.6, "epsEstimate": 0.16, "epsDifference": -0.76, "surprisePercent": -4.75, "quarter": "2017-09-30", "period": "-2q"}, {"maxAge": 1, "epsActual": 0.16, "epsEstimate": 0.07, "epsDifference": 0.09, "surprisePercent": 1.286, "quarter": "2018-06-30", "period": "-1q"}], "maxAge": 86400}, "indexTrend": {"maxAge": 1, "symbol": "SP5", "peRatio": 19.7411, "pegRatio": 1.34172, "estimates": [{"period": "0q", "growth": 0.549}, {"period": "+1q", "growth": 0.431}, {"period": "0y", "growth": 0.305}, {"period": "+1y", "growth": 0.109}, {"period": "+5y", "growth": 0.120865}, {"period": "-5y"}]}, "industryTrend": {"maxAge": 1, "symbol": null, "estimates": []}, "insiderTransactions": {"transactions": [{"maxAge": 1, "shares": 13487, "filerUrl": "", "transactionText": "", "filerName": "Chandrasekaran (N.)", "filerRelation": "UNREPORTED", "moneyText": "", "startDate": "2020-03-16", "ownership": "D"}, {"maxAge": 1, "shares": 86513, "filerUrl": "", "transactionText": "", "filerName": "Chandrasekaran (N.)", "filerRelation": "UNREPORTED", "moneyText": "", "startDate": "2020-03-16", "ownership": "D"}], "maxAge": 1}, "quoteType": {"exchange": "BSE", "quoteType": "EQUITY", "symbol": "INDHOTEL.BO", "underlyingSymbol": "INDHOTEL.BO", "shortName": "INDIAN HOTELS CO.LTD.", "longName": "The Indian Hotels Company Limited", "firstTradeDateEpochUtc": "2001-09-12 09:15:00", "timeZoneFullName": "Asia/Kolkata", "timeZoneShortName": "IST", "uuid": "94989db1-ac4c-3a8b-a791-067eed0aa4ef", "messageBoardId": null, "gmtOffSetMilliseconds": 19800000, "maxAge": 1}, "incomeStatementHistory": {"incomeStatementHistory": [{"maxAge": 1, "endDate": "2020-03-31", "totalRevenue": 44968700000, "costOfRevenue": 20257500000, "grossProfit": 24711200000, "researchDevelopment": {}, "sellingGeneralAdministrative": 14698600000, "nonRecurring": {}, "otherOperatingExpenses": {}, "totalOperatingExpenses": 38998500000, "operatingIncome": 5970200000, "totalOtherIncomeExpenseNet": -1885100000, "ebit": 5970200000, "interestExpense": -3411200000, "incomeBeforeTax": 4085100000, "incomeTaxExpense": 447700000, "minorityInterest": 7649000000, "netIncomeFromContinuingOps": 3637400000, "discontinuedOperations": {}, "extraordinaryItems": {}, "effectOfAccountingCharges": {}, "otherItems": {}, "netIncome": 3544200000, "netIncomeApplicableToCommonShares": 3544200000}, {"maxAge": 1, "endDate": "2019-03-31", "totalRevenue": 45546700000, "costOfRevenue": 20406100000, "grossProfit": 25140600000, "researchDevelopment": {}, "sellingGeneralAdministrative": 16416600000, "nonRecurring": {}, "otherOperatingExpenses": {}, "totalOperatingExpenses": 40101200000, "operatingIncome": 5445500000, "totalOtherIncomeExpenseNet": -913100000, "ebit": 5445500000, "interestExpense": -1901300000, "incomeBeforeTax": 4532400000, "incomeTaxExpense": 1571200000, "minorityInterest": 7998600000, "netIncomeFromContinuingOps": 2961200000, "discontinuedOperations": {}, "extraordinaryItems": {}, "effectOfAccountingCharges": {}, "otherItems": {}, "netIncome": 2868200000, "netIncomeApplicableToCommonShares": 2868200000}, {"maxAge": 1, "endDate": "2018-03-31", "totalRevenue": 41608400000, "costOfRevenue": 18796400000, "grossProfit": 22812000000, "researchDevelopment": {}, "sellingGeneralAdministrative": 15535600000, "nonRecurring": {}, "otherOperatingExpenses": {}, "totalOperatingExpenses": 37344000000, "operatingIncome": 4264400000, "totalOtherIncomeExpenseNet": -2018600000, "ebit": 4264400000, "interestExpense": -2690400000, "incomeBeforeTax": 2245800000, "incomeTaxExpense": 1210600000, "minorityInterest": 7773900000, "netIncomeFromContinuingOps": 1035200000, "discontinuedOperations": {}, "extraordinaryItems": {}, "effectOfAccountingCharges": {}, "otherItems": {}, "netIncome": 1008700000, "netIncomeApplicableToCommonShares": 1008700000}, {"maxAge": 1, "endDate": "2017-03-31", "totalRevenue": 40740300000, "costOfRevenue": 18909300000, "grossProfit": 21831000000, "researchDevelopment": {}, "sellingGeneralAdministrative": 15200200000, "nonRecurring": {}, "otherOperatingExpenses": {}, "totalOperatingExpenses": 37103200000, "operatingIncome": 3637100000, "totalOtherIncomeExpenseNet": -2955700000, "ebit": 3637100000, "interestExpense": -3238300000, "incomeBeforeTax": 681400000, "incomeTaxExpense": 1137400000, "minorityInterest": 7378200000, "netIncomeFromContinuingOps": -456000000, "discontinuedOperations": {}, "extraordinaryItems": {}, "effectOfAccountingCharges": {}, "otherItems": {}, "netIncome": -632000000, "netIncomeApplicableToCommonShares": -632000000}], "maxAge": 86400}, "fundOwnership": {"maxAge": 1, "ownershipList": [{"maxAge": 1, "reportDate": "2020-07-31", "organization": "Vanguard International Stock Index-Total Intl Stock Indx", "pctHeld": 0.0072000003, "position": 8558975, "value": 653905690}, {"maxAge": 1, "reportDate": "2020-07-31", "organization": "Vanguard International Stock Index-Emerging Markets Stk", "pctHeld": 0.0054, "position": 6436769, "value": 491769151}, {"maxAge": 1, "reportDate": "2020-07-31", "organization": "iShares Core MSCI Emerging Markets ETF", "pctHeld": 0.0033000002, "position": 3941606, "value": 301138698}, {"maxAge": 1, "reportDate": "2020-07-31", "organization": "DFA Emerging Markets Small Cap Series", "pctHeld": 0.0027, "position": 3226366, "value": 246494362}, {"maxAge": 1, "reportDate": "2020-07-31", "organization": "DFA Emerging Markets Core Equity Portfolio", "pctHeld": 0.0023, "position": 2696771, "value": 206033304}, {"maxAge": 1, "reportDate": "2020-07-31", "organization": "DFA Investment Dimensions-DFA Emerging Mkts Value", "pctHeld": 0.0013, "position": 1525929, "value": 116580975}, {"maxAge": 1, "reportDate": "2020-07-31", "organization": "Vanguard Intl Equity Index Fds-FTSE All World ex U.S.Small Cap Index", "pctHeld": 0.0011, "position": 1335277, "value": 102015162}, {"maxAge": 1, "reportDate": "2020-08-31", "organization": "SPDR Portfolio Emerging Markets ETF", "pctHeld": 0.00090000004, "position": 1065834, "value": 110473694}, {"maxAge": 1, "reportDate": "2020-08-31", "organization": "iShares MSCI India Small Cap ETF", "pctHeld": 0.00090000004, "position": 1052352, "value": 109076284}, {"maxAge": 1, "reportDate": "2020-08-31", "organization": "WisdomTree Emerging Markets ex-State-Owned Enterprises Fund", "pctHeld": 0.0007, "position": 861604, "value": 89305254}]}, "summaryDetail": {"maxAge": 1, "priceHint": 2, "previousClose": 110.55, "open": 111.0, "dayLow": 107.55, "dayHigh": 114.7, "regularMarketPreviousClose": 110.55, "regularMarketOpen": 111.0, "regularMarketDayLow": 107.55, "regularMarketDayHigh": 114.7, "trailingPE": 194.84264, "forwardPE": 32.398254, "volume": 282455, "regularMarketVolume": 282455, "averageVolume": 213244, "averageVolume10days": 226681, "averageDailyVolume10Day": 226681, "bid": 111.45, "ask": 0.0, "bidSize": 0, "askSize": 0, "marketCap": 132543029248, "fiftyTwoWeekLow": 62.1, "fiftyTwoWeekHigh": 142.8, "fiftyDayAverage": 123.81618, "twoHundredDayAverage": 108.87573, "trailingAnnualDividendRate": 0.5, "trailingAnnualDividendYield": 0.00452284, "currency": "INR", "fromCurrency": null, "toCurrency": null, "lastMarket": null, "algorithm": null, "tradeable": false}, "sectorTrend": {"maxAge": 1, "symbol": null, "estimates": []}, "incomeStatementHistoryQuarterly": {"incomeStatementHistory": [{"maxAge": 1, "endDate": "2020-06-30", "totalRevenue": 1557500000, "costOfRevenue": 2489500000, "grossProfit": -932000000, "researchDevelopment": {}, "sellingGeneralAdministrative": 1606500000, "nonRecurring": {}, "otherOperatingExpenses": {}, "totalOperatingExpenses": 5097400000, "operatingIncome": -3539900000, "totalOtherIncomeExpenseNet": -279000000, "ebit": -3539900000, "interestExpense": -878900000, "incomeBeforeTax": -3818900000, "incomeTaxExpense": -692900000, "minorityInterest": {}, "netIncomeFromContinuingOps": -3126000000, "discontinuedOperations": {}, "extraordinaryItems": {}, "effectOfAccountingCharges": {}, "otherItems": {}, "netIncome": -2799200000, "netIncomeApplicableToCommonShares": -2799200000}, {"maxAge": 1, "endDate": "2020-03-31", "totalRevenue": 10648100000, "costOfRevenue": 6127700000, "grossProfit": 4520400000, "researchDevelopment": {}, "sellingGeneralAdministrative": 2423000000, "nonRecurring": {}, "otherOperatingExpenses": {}, "totalOperatingExpenses": 9581900000, "operatingIncome": 1066200000, "totalOtherIncomeExpenseNet": 10400000, "ebit": 1066200000, "interestExpense": -847600000, "incomeBeforeTax": 1076600000, "incomeTaxExpense": 313700000, "minorityInterest": 7649000000, "netIncomeFromContinuingOps": 762900000, "discontinuedOperations": {}, "extraordinaryItems": {}, "effectOfAccountingCharges": {}, "otherItems": {}, "netIncome": 743200000, "netIncomeApplicableToCommonShares": 743200000}, {"maxAge": 1, "endDate": "2019-12-31", "totalRevenue": 13792100000, "costOfRevenue": 5074700000, "grossProfit": 8717400000, "researchDevelopment": {}, "sellingGeneralAdministrative": 4395300000, "nonRecurring": {}, "otherOperatingExpenses": {}, "totalOperatingExpenses": 10478300000, "operatingIncome": 3313800000, "totalOtherIncomeExpenseNet": -369100000, "ebit": 3313800000, "interestExpense": -848500000, "incomeBeforeTax": 2944700000, "incomeTaxExpense": 813000000, "minorityInterest": 7649000000, "netIncomeFromContinuingOps": 2131700000, "discontinuedOperations": {}, "extraordinaryItems": {}, "effectOfAccountingCharges": {}, "otherItems": {}, "netIncome": 2031300000, "netIncomeApplicableToCommonShares": 2031300000}, {"maxAge": 1, "endDate": "2019-09-30", "totalRevenue": 10202900000, "costOfRevenue": 4499600000, "grossProfit": 5703300000, "researchDevelopment": {}, "sellingGeneralAdministrative": 3970200000, "nonRecurring": {}, "otherOperatingExpenses": {}, "totalOperatingExpenses": 9469100000, "operatingIncome": 733800000, "totalOtherIncomeExpenseNet": -896000000, "ebit": 733800000, "interestExpense": -868200000, "incomeBeforeTax": -162200000, "incomeTaxExpense": -855200000, "minorityInterest": 7450900000, "netIncomeFromContinuingOps": 693000000, "discontinuedOperations": {}, "extraordinaryItems": {}, "effectOfAccountingCharges": {}, "otherItems": {}, "netIncome": 713100000, "netIncomeApplicableToCommonShares": 713100000}], "maxAge": 86400}, "cashflowStatementHistoryQuarterly": {"cashflowStatements": [{"maxAge": 1, "endDate": "2020-06-30", "netIncome": -2799200000, "changeToLiabilities": 0}, {"maxAge": 1, "endDate": "2020-03-31", "netIncome": 743200000, "changeToLiabilities": 0}, {"maxAge": 1, "endDate": "2019-12-31", "netIncome": 2031300000, "changeToLiabilities": 0}, {"maxAge": 1, "endDate": "2019-09-30", "netIncome": 713100000, "changeToLiabilities": 0}], "maxAge": 86400}, "insiderHolders": {"holders": [{"maxAge": 1, "name": "Chandrasekaran (N.)", "relation": "UNREPORTED", "url": "", "transactionDescription": "Acquisition", "latestTransDate": "2020-03-16", "positionDirect": 13487, "positionDirectDate": "2020-03-16"}], "maxAge": 1}, "earnings": {"maxAge": 86400, "earningsChart": {"quarterly": [{"date": "2Q2017", "actual": -0.38, "estimate": 0.07}, {"date": "3Q2017", "actual": -0.6, "estimate": 0.16}, {"date": "2Q2018", "actual": 0.16, "estimate": 0.07}], "currentQuarterEstimateDate": "3Q", "currentQuarterEstimateYear": 2018, "earningsDate": []}, "financialsChart": {"yearly": [{"date": 2017, "revenue": 40740300000, "earnings": -632000000}, {"date": 2018, "revenue": 41608400000, "earnings": 1008700000}, {"date": 2019, "revenue": 45546700000, "earnings": 2868200000}, {"date": 2020, "revenue": 44968700000, "earnings": 3544200000}], "quarterly": [{"date": "3Q2019", "revenue": 10202900000, "earnings": 713100000}, {"date": "4Q2019", "revenue": 13792100000, "earnings": 2031300000}, {"date": "1Q2020", "revenue": 10648100000, "earnings": 743200000}, {"date": "2Q2020", "revenue": 1557500000, "earnings": -2799200000}]}, "financialCurrency": "INR"}, "calendarEvents": {"maxAge": 1, "earnings": {"earningsDate": [], "revenueAverage": 6005000000, "revenueLow": 9645960000, "revenueHigh": 9645960000}}, "price": {"maxAge": 1, "regularMarketChangePercent": 0.008141058, "regularMarketChange": 0.8999939, "regularMarketTime": "2021-04-30 15:44:08", "priceHint": 2, "regularMarketPrice": 111.45, "regularMarketDayHigh": 114.7, "regularMarketDayLow": 107.55, "regularMarketVolume": 282455, "averageDailyVolume10Day": 226681, "averageDailyVolume3Month": 213244, "regularMarketPreviousClose": 110.55, "regularMarketSource": "FREE_REALTIME", "regularMarketOpen": 111.0, "exchange": "BSE", "exchangeName": "BSE", "exchangeDataDelayedBy": 0, "marketState": "CLOSED", "quoteType": "EQUITY", "symbol": "INDHOTEL.BO", "underlyingSymbol": null, "shortName": "INDIAN HOTELS CO.LTD.", "longName": "The Indian Hotels Company Limited", "currency": "INR", "quoteSourceName": "Delayed Quote", "currencySymbol": "\u20b9", "fromCurrency": null, "toCurrency": null, "lastMarket": null, "marketCap": 132543029248}, "balanceSheetHistory": {"balanceSheetStatements": [{"maxAge": 1, "endDate": "2020-03-31", "cash": 3155800000, "netReceivables": 4585100000, "inventory": 936100000, "otherCurrentAssets": 745100000, "totalCurrentAssets": 14373100000, "longTermInvestments": 9318200000, "propertyPlantEquipment": 70970800000, "goodWill": 6145800000, "intangibleAssets": 5912700000, "otherAssets": 8462000000, "deferredLongTermAssetCharges": 765000000, "totalAssets": 115182600000, "accountsPayable": 1909000000, "shortLongTermDebt": 3100200000, "otherCurrentLiab": 7217200000, "longTermDebt": 21258000000, "otherLiab": 5273600000, "minorityInterest": 7649000000, "totalCurrentLiabilities": 19008200000, "totalLiab": 63965500000, "commonStock": 1189300000, "retainedEarnings": 8448200000, "treasuryStock": 6910100000, "capitalSurplus": 27020500000, "otherStockholderEquity": 6910100000, "totalStockholderEquity": 43568100000, "netTangibleAssets": 31509600000}, {"maxAge": 1, "endDate": "2019-03-31", "cash": 2409400000, "netReceivables": 4248000000, "inventory": 804000000, "otherCurrentAssets": 968200000, "totalCurrentAssets": 11587800000, "longTermInvestments": 10607700000, "propertyPlantEquipment": 53491100000, "goodWill": 5834700000, "intangibleAssets": 6058500000, "otherAssets": 8257800000, "deferredLongTermAssetCharges": 694400000, "totalAssets": 95837600000, "accountsPayable": 1690400000, "shortLongTermDebt": 6027800000, "otherCurrentLiab": 8454900000, "longTermDebt": 16875200000, "otherLiab": 6589200000, "minorityInterest": 7998600000, "totalCurrentLiabilities": 20894600000, "totalLiab": 44359000000, "commonStock": 1189300000, "retainedEarnings": 7159800000, "treasuryStock": 8110400000, "capitalSurplus": 27020500000, "otherStockholderEquity": 8110400000, "totalStockholderEquity": 43480000000, "netTangibleAssets": 31586800000}, {"maxAge": 1, "endDate": "2018-03-31", "cash": 2703200000, "netReceivables": 4375000000, "inventory": 857200000, "otherCurrentAssets": 403800000, "totalCurrentAssets": 12195300000, "longTermInvestments": 11868300000, "propertyPlantEquipment": 51732700000, "goodWill": 5655200000, "intangibleAssets": 6208200000, "otherAssets": 6085700000, "deferredLongTermAssetCharges": 601400000, "totalAssets": 93745400000, "accountsPayable": 1982700000, "shortLongTermDebt": 932200000, "otherCurrentLiab": 7251200000, "longTermDebt": 23292100000, "otherLiab": 6934000000, "minorityInterest": 7773900000, "totalCurrentLiabilities": 13934400000, "totalLiab": 44160500000, "commonStock": 1189300000, "retainedEarnings": 5051200000, "treasuryStock": 8549700000, "capitalSurplus": 27020800000, "otherStockholderEquity": 8549700000, "totalStockholderEquity": 41811000000, "netTangibleAssets": 29947600000}, {"maxAge": 1, "endDate": "2017-03-31", "cash": 2470600000, "netReceivables": 4248400000, "inventory": 804400000, "otherCurrentAssets": 399000000, "totalCurrentAssets": 9263400000, "longTermInvestments": 11599100000, "propertyPlantEquipment": 48407300000, "goodWill": 5555600000, "intangibleAssets": 6417700000, "otherAssets": 5099700000, "deferredLongTermAssetCharges": 352100000, "totalAssets": 86342800000, "accountsPayable": 1788700000, "shortLongTermDebt": 5749600000, "otherCurrentLiab": 6876600000, "longTermDebt": 27898600000, "otherLiab": 7496400000, "minorityInterest": 7378200000, "totalCurrentLiabilities": 18392700000, "totalLiab": 53787700000, "commonStock": 989300000, "retainedEarnings": 4107700000, "treasuryStock": 7773400000, "capitalSurplus": 12306500000, "otherStockholderEquity": 7773400000, "totalStockholderEquity": 25176900000, "netTangibleAssets": 13203600000}], "maxAge": 86400}, "earningsTrend": {"trend": [{"maxAge": 1, "period": "0q", "endDate": "2018-09-30", "growth": {}, "earningsEstimate": {"avg": 0.0, "low": 0.0, "high": 0.0, "yearAgoEps": {}, "numberOfAnalysts": 0, "growth": {}}, "revenueEstimate": {"avg": 6005000000, "low": 9645960000, "high": 9645960000, "numberOfAnalysts": 1, "yearAgoRevenue": 5294200000, "growth": 0.134}, "epsTrend": {"current": 0.0, "7daysAgo": -0.04, "30daysAgo": -0.04, "60daysAgo": -0.04, "90daysAgo": -0.04}, "epsRevisions": {"upLast7days": 0, "upLast30days": 0, "downLast30days": 0, "downLast90days": {}}}, {"maxAge": 1, "period": "+1q", "endDate": "2018-12-31", "growth": {}, "earningsEstimate": {"avg": 0.0, "low": 0.0, "high": 0.0, "yearAgoEps": -0.38, "numberOfAnalysts": 0, "growth": {}}, "revenueEstimate": {"avg": 12648000000, "low": 12648000000, "high": 12648000000, "numberOfAnalysts": 1, "yearAgoRevenue": 7751500000, "growth": 0.632}, "epsTrend": {"current": 0.0, "7daysAgo": 1.12, "30daysAgo": 1.12, "60daysAgo": 1.12, "90daysAgo": 1.12}, "epsRevisions": {"upLast7days": 0, "upLast30days": 0, "downLast30days": 0, "downLast90days": {}}}, {"maxAge": 1, "period": "0y", "endDate": "2019-03-31", "growth": {}, "earningsEstimate": {"avg": 0.0, "low": 0.0, "high": 0.0, "yearAgoEps": {}, "numberOfAnalysts": 0, "growth": {}}, "revenueEstimate": {"avg": 36193500000, "low": 28531000000, "high": 43856000000, "numberOfAnalysts": 2, "yearAgoRevenue": 22999200000, "growth": 0.574}, "epsTrend": {"current": 0.0, "7daysAgo": 2.6, "30daysAgo": 2.6, "60daysAgo": 2.6, "90daysAgo": 2.6}, "epsRevisions": {"upLast7days": 0, "upLast30days": 0, "downLast30days": 0, "downLast90days": {}}}, {"maxAge": 1, "period": "+1y", "endDate": "2020-03-31", "growth": {}, "earningsEstimate": {"avg": 0.0, "low": 0.0, "high": 0.0, "yearAgoEps": {}, "numberOfAnalysts": 0, "growth": {}}, "revenueEstimate": {"avg": 39001000000, "low": 31297000000, "high": 46705000000, "numberOfAnalysts": 2, "yearAgoRevenue": 36193500000, "growth": 0.078}, "epsTrend": {"current": 0.0, "7daysAgo": 3.44, "30daysAgo": 3.44, "60daysAgo": 3.44, "90daysAgo": 3.44}, "epsRevisions": {"upLast7days": 0, "upLast30days": 0, "downLast30days": 0, "downLast90days": {}}}, {"maxAge": 1, "period": "+5y", "endDate": null, "growth": -2.4807, "earningsEstimate": {"avg": {}, "low": {}, "high": {}, "yearAgoEps": {}, "numberOfAnalysts": {}, "growth": {}}, "revenueEstimate": {"avg": {}, "low": {}, "high": {}, "numberOfAnalysts": {}, "yearAgoRevenue": {}, "growth": {}}, "epsTrend": {"current": {}, "7daysAgo": {}, "30daysAgo": {}, "60daysAgo": {}, "90daysAgo": {}}, "epsRevisions": {"upLast7days": {}, "upLast30days": {}, "downLast30days": {}, "downLast90days": {}}}, {"maxAge": 1, "period": "-5y", "endDate": null, "growth": {}, "earningsEstimate": {"avg": {}, "low": {}, "high": {}, "yearAgoEps": {}, "numberOfAnalysts": {}, "growth": {}}, "revenueEstimate": {"avg": {}, "low": {}, "high": {}, "numberOfAnalysts": {}, "yearAgoRevenue": {}, "growth": {}}, "epsTrend": {"current": {}, "7daysAgo": {}, "30daysAgo": {}, "60daysAgo": {}, "90daysAgo": {}}, "epsRevisions": {"upLast7days": {}, "upLast30days": {}, "downLast30days": {}, "downLast90days": {}}}], "maxAge": 1}, "financialData": {"maxAge": 86400, "currentPrice": 111.45, "targetHighPrice": 188.0, "targetLowPrice": 150.0, "targetMeanPrice": 167.86, "targetMedianPrice": 165.0, "recommendationKey": "none", "numberOfAnalystOpinions": 7, "grossProfits": 24711200000, "financialCurrency": "INR"}}}