{"INDIANVSH.BO": {"cashflowStatementHistory": {"cashflowStatements": [{"maxAge": 1, "endDate": "2020-03-31", "netIncome": -925585000, "depreciation": 67929000, "changeToNetincome": 47420000, "changeToAccountReceivables": -158172000, "changeToLiabilities": 77243000, "changeToInventory": 349134000, "changeToOperatingActivities": 4131415000, "totalCashFromOperatingActivities": 3589384000, "investments": 1079342000, "totalCashflowsFromInvestingActivities": 1118212000, "dividendsPaid": -1021000, "netBorrowings": -3933370000, "otherCashflowsFromFinancingActivities": -908848000, "totalCashFromFinancingActivities": -4843239000, "changeInCash": -135643000}, {"maxAge": 1, "endDate": "2019-03-31", "netIncome": -18162523, "depreciation": 107214183, "changeToNetincome": -30172024, "changeToAccountReceivables": -158172000, "changeToLiabilities": 0, "changeToInventory": 349134000, "changeToOperatingActivities": -887450292, "totalCashFromOperatingActivities": -820970937, "capitalExpenditures": -29562669, "investments": -79374600, "otherCashflowsFromInvestingActivities": -7457247, "totalCashflowsFromInvestingActivities": -114145277, "dividendsPaid": -6961088, "netBorrowings": 1258646655, "otherCashflowsFromFinancingActivities": 9710273, "totalCashFromFinancingActivities": 1261395840, "changeInCash": 326279626}, {"maxAge": 1, "endDate": "2018-03-31", "netIncome": 25231026, "depreciation": 111730061, "changeToNetincome": 72263129, "changeToAccountReceivables": -158172000, "changeToLiabilities": 0, "changeToInventory": 349134000, "changeToOperatingActivities": -2346384040, "totalCashFromOperatingActivities": -2136076024, "capitalExpenditures": -180934426, "investments": -798518097, "otherCashflowsFromInvestingActivities": -7457247, "totalCashflowsFromInvestingActivities": -978505847, "dividendsPaid": -2803125, "netBorrowings": 2963151727, "otherCashflowsFromFinancingActivities": -416445, "totalCashFromFinancingActivities": 2959932157, "changeInCash": 117943889}, {"maxAge": 1, "endDate": "2017-03-31", "netIncome": 33344091, "depreciation": 11703124, "changeToNetincome": 2674177, "changeToAccountReceivables": -158172000, "changeToLiabilities": 0, "changeToInventory": 349134000, "changeToOperatingActivities": -284575496, "totalCashFromOperatingActivities": -236785121, "capitalExpenditures": -57583865, "investments": -215861047, "otherCashflowsFromInvestingActivities": -7457247, "totalCashflowsFromInvestingActivities": -272550408, "dividendsPaid": -755000, "netBorrowings": 779858667, "otherCashflowsFromFinancingActivities": -416445, "totalCashFromFinancingActivities": 779103667, "changeInCash": 291357108}], "maxAge": 86400}, "institutionOwnership": {"maxAge": 1, "ownershipList": []}, "balanceSheetHistoryQuarterly": {"balanceSheetStatements": [{"maxAge": 1, "endDate": "2020-03-31", "cash": 1201784000, "netReceivables": 2942866000, "totalCurrentAssets": 4181759000, "longTermInvestments": 359124000, "propertyPlantEquipment": 198566000, "goodWill": 1811000, "intangibleAssets": 215243000, "otherAssets": 154202000, "deferredLongTermAssetCharges": 11323000, "totalAssets": 5110705000, "accountsPayable": 1346348000, "otherCurrentLiab": 1470000, "longTermDebt": 2434711000, "otherLiab": 1298765000, "totalCurrentLiabilities": 1347818000, "totalLiab": 5081294000, "commonStock": 37750000, "treasuryStock": -8339000, "otherStockholderEquity": -8339000, "totalStockholderEquity": 29411000, "netTangibleAssets": -187643000}, {"maxAge": 1, "endDate": "2019-12-31", "totalStockholderEquity": 1228029000, "netTangibleAssets": 1108981000}, {"maxAge": 1, "endDate": "2019-09-30", "cash": 2647117000, "netReceivables": 5364326000, "inventory": 848064000, "totalCurrentAssets": 8859507000, "longTermInvestments": 2590506000, "propertyPlantEquipment": 403958000, "goodWill": 119048000, "otherAssets": 174839000, "totalAssets": 12147858000, "accountsPayable": 1465225000, "otherCurrentLiab": 8101000, "longTermDebt": 8281716000, "otherLiab": 555131000, "minorityInterest": 609656000, "totalCurrentLiabilities": 1473326000, "totalLiab": 10310173000, "commonStock": 35953000, "treasuryStock": 1192076000, "otherStockholderEquity": 1192076000, "totalStockholderEquity": 1228029000, "netTangibleAssets": 1108981000}, {"maxAge": 1, "endDate": "2019-06-30", "totalStockholderEquity": 1256582300, "netTangibleAssets": 988884015}], "maxAge": 86400}, "indexTrend": {"maxAge": 1, "symbol": "SP5", "peRatio": 19.7411, "pegRatio": 1.34172, "estimates": [{"period": "0q", "growth": 0.549}, {"period": "+1q", "growth": 0.431}, {"period": "0y", "growth": 0.305}, {"period": "+1y", "growth": 0.109}, {"period": "+5y", "growth": 0.120859005}, {"period": "-5y"}]}, "insiderTransactions": {"transactions": [{"maxAge": 1, "shares": 150103, "filerUrl": "", "transactionText": "", "filerName": "Balashri Commercial Ltd", "filerRelation": "Promoter", "moneyText": "", "startDate": "2015-07-15", "ownership": "D"}, {"maxAge": 1, "shares": 25365, "filerUrl": "", "transactionText": "", "filerName": "Balashri Commercial Ltd", "filerRelation": "Promoter", "moneyText": "", "startDate": "2015-07-06", "ownership": "D"}, {"maxAge": 1, "shares": 100165, "filerUrl": "", "transactionText": "", "filerName": "Balashri Commercial Ltd", "filerRelation": "Promoter", "moneyText": "", "startDate": "2015-07-03", "ownership": "D"}, {"maxAge": 1, "shares": 300000, "filerUrl": "", "transactionText": "", "filerName": "Balashri Commercial Ltd", "filerRelation": "Promoter", "moneyText": "", "startDate": "2015-07-02", "ownership": "D"}, {"maxAge": 1, "shares": 125060, "filerUrl": "", "transactionText": "", "filerName": "Balashri Commercial Ltd", "filerRelation": "Promoter", "moneyText": "", "startDate": "2015-06-26", "ownership": "D"}, {"maxAge": 1, "shares": 105000, "filerUrl": "", "transactionText": "", "filerName": "Balashri Commercial Ltd", "filerRelation": "Promoter", "moneyText": "", "startDate": "2015-06-25", "ownership": "D"}, {"maxAge": 1, "shares": 68240, "filerUrl": "", "transactionText": "", "filerName": "Balashri Commercial Ltd", "filerRelation": "Promoter", "moneyText": "", "startDate": "2015-06-24", "ownership": "D"}, {"maxAge": 1, "shares": 102105, "filerUrl": "", "transactionText": "", "filerName": "Balashri Commercial Ltd", "filerRelation": "Promoter", "moneyText": "", "startDate": "2015-06-23", "ownership": "D"}, {"maxAge": 1, "shares": 46000, "filerUrl": "", "transactionText": "", "filerName": "Balashri Commercial Ltd", "filerRelation": "Promoter", "moneyText": "", "startDate": "2015-06-22", "ownership": "D"}, {"maxAge": 1, "shares": 138376, "filerUrl": "", "transactionText": "", "filerName": "Balashri Commercial Ltd", "filerRelation": "Promoter", "moneyText": "", "startDate": "2015-06-19", "ownership": "D"}, {"maxAge": 1, "shares": 200550, "filerUrl": "", "transactionText": "", "filerName": "Balashri Commercial Ltd", "filerRelation": "Promoter", "moneyText": "", "startDate": "2015-06-18", "ownership": "D"}, {"maxAge": 1, "shares": 100000, "filerUrl": "", "transactionText": "", "filerName": "Balashri Commercial Ltd", "filerRelation": "Promoter", "moneyText": "", "startDate": "2015-06-16", "ownership": "D"}, {"maxAge": 1, "shares": 120000, "filerUrl": "", "transactionText": "", "filerName": "Balashri Commercial Ltd", "filerRelation": "Promoter", "moneyText": "", "startDate": "2015-06-15", "ownership": "D"}, {"maxAge": 1, "shares": 67076, "filerUrl": "", "transactionText": "", "filerName": "Balashri Commercial Ltd", "filerRelation": "Promoter", "moneyText": "", "startDate": "2014-12-11", "ownership": "D"}, {"maxAge": 1, "shares": 32651, "filerUrl": "", "transactionText": "", "filerName": "Balashri Commercial Ltd", "filerRelation": "Promoter", "moneyText": "", "startDate": "2014-12-10", "ownership": "D"}, {"maxAge": 1, "shares": 62880, "filerUrl": "", "transactionText": "", "filerName": "Balashri Commercial Ltd", "filerRelation": "Promoter", "moneyText": "", "startDate": "2014-12-02", "ownership": "D"}, {"maxAge": 1, "shares": 500000, "filerUrl": "", "transactionText": "", "filerName": "Balashri Commercial Ltd", "filerRelation": "Promoter", "moneyText": "", "startDate": "2014-10-28", "ownership": "D"}, {"maxAge": 1, "shares": 500000, "filerUrl": "", "transactionText": "", "filerName": "Balashri Commercial Ltd", "filerRelation": "Promoter", "moneyText": "", "startDate": "2014-10-10", "ownership": "D"}, {"maxAge": 1, "shares": 10109, "filerUrl": "", "transactionText": "", "filerName": "Balashri Commercial Ltd", "filerRelation": "Promoter", "moneyText": "", "startDate": "2014-09-25", "ownership": "D"}, {"maxAge": 1, "shares": 30150, "filerUrl": "", "transactionText": "", "filerName": "Balashri Commercial Ltd", "filerRelation": "Promoter", "moneyText": "", "startDate": "2014-09-24", "ownership": "D"}, {"maxAge": 1, "shares": 58000, "filerUrl": "", "transactionText": "", "filerName": "Balashri Commercial Ltd", "filerRelation": "Promoter", "moneyText": "", "startDate": "2014-09-23", "ownership": "D"}, {"maxAge": 1, "shares": 69879, "filerUrl": "", "transactionText": "", "filerName": "Balashri Commercial Ltd", "filerRelation": "Promoter", "moneyText": "", "startDate": "2014-09-22", "ownership": "D"}, {"maxAge": 1, "shares": 33116, "filerUrl": "", "transactionText": "", "filerName": "Balashri Commercial Ltd", "filerRelation": "Promoter", "moneyText": "", "startDate": "2014-09-10", "ownership": "D"}, {"maxAge": 1, "shares": 80000, "filerUrl": "", "transactionText": "", "filerName": "Balashri Commercial Ltd", "filerRelation": "Promoter", "moneyText": "", "startDate": "2014-09-09", "ownership": "D"}, {"maxAge": 1, "shares": 50520, "filerUrl": "", "transactionText": "", "filerName": "Balashri Commercial Ltd", "filerRelation": "Promoter", "moneyText": "", "startDate": "2014-09-05", "ownership": "D"}, {"maxAge": 1, "shares": 46000, "filerUrl": "", "transactionText": "", "filerName": "Balashri Commercial Ltd", "filerRelation": "Promoter", "moneyText": "", "startDate": "2014-09-03", "ownership": "D"}, {"maxAge": 1, "shares": 49000, "filerUrl": "", "transactionText": "", "filerName": "Balashri Commercial Ltd", "filerRelation": "Promoter", "moneyText": "", "startDate": "2014-09-03", "ownership": "D"}, {"maxAge": 1, "shares": 32307, "filerUrl": "", "transactionText": "", "filerName": "Balashri Commercial Ltd", "filerRelation": "Promoter", "moneyText": "", "startDate": "2014-09-01", "ownership": "D"}, {"maxAge": 1, "shares": 65182, "filerUrl": "", "transactionText": "", "filerName": "Balashri Commercial Ltd", "filerRelation": "Promoter", "moneyText": "", "startDate": "2014-08-28", "ownership": "D"}, {"maxAge": 1, "shares": 78169, "filerUrl": "", "transactionText": "", "filerName": "Balashri Commercial Ltd", "filerRelation": "Promoter", "moneyText": "", "startDate": "2014-08-27", "ownership": "D"}], "maxAge": 1}, "quoteType": {"exchange": "BSE", "quoteType": "EQUITY", "symbol": "INDIANVSH.BO", "underlyingSymbol": "INDIANVSH.BO", "shortName": "INDIANIVESH LTD.", "longName": "IndiaNivesh Limited", "firstTradeDateEpochUtc": "2001-03-30 09:15:00", "timeZoneFullName": "Asia/Kolkata", "timeZoneShortName": "IST", "uuid": "11126a57-a588-3971-ae8a-323237481e37", "messageBoardId": null, "gmtOffSetMilliseconds": 19800000, "maxAge": 1}, "incomeStatementHistory": {"incomeStatementHistory": [{"maxAge": 1, "endDate": "2020-03-31", "totalRevenue": 459734000, "costOfRevenue": 0, "grossProfit": 459734000, "researchDevelopment": {}, "sellingGeneralAdministrative": 427868000, "nonRecurring": {}, "otherOperatingExpenses": 382913000, "totalOperatingExpenses": 878710000, "operatingIncome": -418976000, "totalOtherIncomeExpenseNet": -531494000, "ebit": 0, "interestExpense": {}, "incomeBeforeTax": -950470000, "incomeTaxExpense": -19297000, "minorityInterest": {}, "netIncomeFromContinuingOps": -931173000, "discontinuedOperations": {}, "extraordinaryItems": {}, "effectOfAccountingCharges": {}, "otherItems": {}, "netIncome": -925585000, "netIncomeApplicableToCommonShares": -925585000}, {"maxAge": 1, "endDate": "2019-03-31", "totalRevenue": 2992331988, "costOfRevenue": 1930563143, "grossProfit": 1061768845, "researchDevelopment": {}, "sellingGeneralAdministrative": 443894157, "nonRecurring": {}, "otherOperatingExpenses": 474465961, "totalOperatingExpenses": 2963737163, "operatingIncome": 28594825, "totalOtherIncomeExpenseNet": -15767019, "ebit": 0, "interestExpense": {}, "incomeBeforeTax": 12827806, "incomeTaxExpense": 25446461, "minorityInterest": 567669422, "netIncomeFromContinuingOps": -12618655, "discontinuedOperations": {}, "extraordinaryItems": {}, "effectOfAccountingCharges": {}, "otherItems": {}, "netIncome": -18162523, "netIncomeApplicableToCommonShares": -18162523}, {"maxAge": 1, "endDate": "2018-03-31", "totalRevenue": 2887123222, "costOfRevenue": 2104294214, "grossProfit": 782829008, "researchDevelopment": {}, "sellingGeneralAdministrative": 243212371, "nonRecurring": {}, "otherOperatingExpenses": 353435602, "totalOperatingExpenses": 2812672248, "operatingIncome": 74450974, "totalOtherIncomeExpenseNet": -15974560, "ebit": 0, "interestExpense": {}, "incomeBeforeTax": 58476414, "incomeTaxExpense": 24257059, "minorityInterest": 551060023, "netIncomeFromContinuingOps": 34219355, "discontinuedOperations": {}, "extraordinaryItems": {}, "effectOfAccountingCharges": {}, "otherItems": {}, "netIncome": 25231026, "netIncomeApplicableToCommonShares": 25231026}, {"maxAge": 1, "endDate": "2017-03-31", "totalRevenue": 713574336, "costOfRevenue": 125696218, "grossProfit": 587878118, "researchDevelopment": {}, "sellingGeneralAdministrative": 192838224, "nonRecurring": {}, "otherOperatingExpenses": 294215234, "totalOperatingExpenses": 624521783, "operatingIncome": 89052553, "totalOtherIncomeExpenseNet": 3024672, "ebit": 0, "interestExpense": {}, "incomeBeforeTax": 92077225, "incomeTaxExpense": 55089631, "minorityInterest": 411196424, "netIncomeFromContinuingOps": 36987594, "discontinuedOperations": {}, "extraordinaryItems": {}, "effectOfAccountingCharges": {}, "otherItems": {}, "netIncome": 33344091, "netIncomeApplicableToCommonShares": 33344091}], "maxAge": 86400}, "fundOwnership": {"maxAge": 1, "ownershipList": []}, "summaryDetail": {"maxAge": 1, "priceHint": 2, "previousClose": 10.75, "open": 10.27, "dayLow": 10.27, "dayHigh": 11.34, "regularMarketPreviousClose": 10.75, "regularMarketOpen": 10.27, "regularMarketDayLow": 10.27, "regularMarketDayHigh": 11.34, "volume": 26983, "regularMarketVolume": 26983, "averageVolume": 2308, "averageVolume10days": 1478, "averageDailyVolume10Day": 1478, "bid": 10.8, "ask": 0.0, "bidSize": 0, "askSize": 0, "marketCap": 405812512, "fiftyTwoWeekLow": 10.27, "fiftyTwoWeekHigh": 40.85, "fiftyDayAverage": 20.64, "twoHundredDayAverage": 22.546715, "trailingAnnualDividendRate": 0.1, "trailingAnnualDividendYield": 0.009302326, "currency": "INR", "fromCurrency": null, "toCurrency": null, "lastMarket": null, "algorithm": null, "tradeable": false}, "incomeStatementHistoryQuarterly": {"incomeStatementHistory": [{"maxAge": 1, "endDate": "2020-03-31", "totalRevenue": -105848000, "costOfRevenue": 0, "grossProfit": -105848000, "researchDevelopment": {}, "sellingGeneralAdministrative": 82428000, "nonRecurring": {}, "otherOperatingExpenses": 52726000, "totalOperatingExpenses": 168499000, "operatingIncome": -274347000, "totalOtherIncomeExpenseNet": -555796000, "ebit": 0, "interestExpense": {}, "incomeBeforeTax": -830143000, "incomeTaxExpense": -28553000, "minorityInterest": {}, "netIncomeFromContinuingOps": -801590000, "discontinuedOperations": {}, "extraordinaryItems": {}, "effectOfAccountingCharges": {}, "otherItems": {}, "netIncome": -854200000, "netIncomeApplicableToCommonShares": -854200000}, {"maxAge": 1, "endDate": "2019-12-31", "totalRevenue": 364180000, "costOfRevenue": 0, "grossProfit": 364180000, "researchDevelopment": {}, "sellingGeneralAdministrative": 122869000, "nonRecurring": {}, "otherOperatingExpenses": 126935000, "totalOperatingExpenses": 263032000, "operatingIncome": 101148000, "totalOtherIncomeExpenseNet": -1198000, "ebit": 0, "interestExpense": {}, "incomeBeforeTax": 99950000, "incomeTaxExpense": 203000, "minorityInterest": {}, "netIncomeFromContinuingOps": 99747000, "discontinuedOperations": {}, "extraordinaryItems": {}, "effectOfAccountingCharges": {}, "otherItems": {}, "netIncome": 31516000, "netIncomeApplicableToCommonShares": 31516000}, {"maxAge": 1, "endDate": "2019-09-30", "totalRevenue": 196020000, "costOfRevenue": 128897000, "grossProfit": 67123000, "researchDevelopment": {}, "sellingGeneralAdministrative": 111058000, "nonRecurring": {}, "otherOperatingExpenses": 102233000, "totalOperatingExpenses": 354490000, "operatingIncome": -158470000, "totalOtherIncomeExpenseNet": -12095000, "ebit": 0, "interestExpense": {}, "incomeBeforeTax": -170565000, "incomeTaxExpense": 9234000, "minorityInterest": 609656000, "netIncomeFromContinuingOps": -179799000, "discontinuedOperations": {}, "extraordinaryItems": {}, "effectOfAccountingCharges": {}, "otherItems": {}, "netIncome": -118417000, "netIncomeApplicableToCommonShares": -118417000}, {"maxAge": 1, "endDate": "2019-06-30", "totalRevenue": 265409000, "costOfRevenue": 50420000, "grossProfit": 214989000, "researchDevelopment": {}, "sellingGeneralAdministrative": 111512000, "nonRecurring": {}, "otherOperatingExpenses": 101019000, "totalOperatingExpenses": 272004000, "operatingIncome": -6595000, "totalOtherIncomeExpenseNet": 15600000, "ebit": 0, "interestExpense": {}, "incomeBeforeTax": 9005000, "incomeTaxExpense": 5926000, "minorityInterest": 609656000, "netIncomeFromContinuingOps": 3079000, "discontinuedOperations": {}, "extraordinaryItems": {}, "effectOfAccountingCharges": {}, "otherItems": {}, "netIncome": 15516000, "netIncomeApplicableToCommonShares": 15516000}], "maxAge": 86400}, "cashflowStatementHistoryQuarterly": {"cashflowStatements": [{"maxAge": 1, "endDate": "2020-03-31", "netIncome": -854200000, "changeToLiabilities": 0}, {"maxAge": 1, "endDate": "2019-12-31", "netIncome": 31516000, "changeToLiabilities": 0}, {"maxAge": 1, "endDate": "2019-09-30", "netIncome": -118417000, "changeToLiabilities": 0}, {"maxAge": 1, "endDate": "2019-06-30", "netIncome": 15516000, "changeToLiabilities": 0}], "maxAge": 86400}, "insiderHolders": {"holders": [{"maxAge": 1, "name": "Balashri Commercial Ltd", "relation": "Promoter", "url": "", "transactionDescription": "Acquisition", "latestTransDate": "2015-07-15", "positionDirect": 5152853, "positionDirectDate": "2015-07-15"}], "maxAge": 1}, "calendarEvents": {"maxAge": 1, "earnings": {"earningsDate": []}}, "price": {"maxAge": 1, "regularMarketChangePercent": 0.0, "regularMarketChange": 0.0, "regularMarketTime": "2021-04-29 15:19:12", "priceHint": 2, "regularMarketPrice": 10.75, "regularMarketDayHigh": 11.34, "regularMarketDayLow": 10.27, "regularMarketVolume": 26983, "averageDailyVolume10Day": 1478, "averageDailyVolume3Month": 2308, "regularMarketPreviousClose": 10.75, "regularMarketSource": "FREE_REALTIME", "regularMarketOpen": 10.27, "exchange": "BSE", "exchangeName": "BSE", "exchangeDataDelayedBy": 0, "marketState": "CLOSED", "quoteType": "EQUITY", "symbol": "INDIANVSH.BO", "underlyingSymbol": null, "shortName": "INDIANIVESH LTD.", "longName": "IndiaNivesh Limited", "currency": "INR", "quoteSourceName": "Delayed Quote", "currencySymbol": "\u20b9", "fromCurrency": null, "toCurrency": null, "lastMarket": null, "marketCap": 405812512}, "balanceSheetHistory": {"balanceSheetStatements": [{"maxAge": 1, "endDate": "2020-03-31", "cash": 1201784000, "netReceivables": 2942866000, "totalCurrentAssets": 4181759000, "longTermInvestments": 359124000, "propertyPlantEquipment": 198566000, "goodWill": 1811000, "intangibleAssets": 215243000, "otherAssets": 154202000, "deferredLongTermAssetCharges": 11323000, "totalAssets": 5110705000, "accountsPayable": 1346348000, "otherCurrentLiab": 1470000, "longTermDebt": 2434711000, "otherLiab": 1298765000, "totalCurrentLiabilities": 1347818000, "totalLiab": 5081294000, "commonStock": 37750000, "treasuryStock": -8339000, "otherStockholderEquity": -8339000, "totalStockholderEquity": 29411000, "netTangibleAssets": -187643000}, {"maxAge": 1, "endDate": "2019-03-31", "cash": 1258812790, "netReceivables": 5249045252, "otherCurrentAssets": 347814061, "totalCurrentAssets": 7241915787, "longTermInvestments": 1377264698, "propertyPlantEquipment": 115887902, "goodWill": 254746456, "intangibleAssets": 12951829, "otherAssets": 955287879, "totalAssets": 9958054551, "accountsPayable": 1220032566, "shortLongTermDebt": 459225, "otherCurrentLiab": 427313231, "longTermDebt": 690465108, "otherLiab": -3117050, "deferredLongTermLiab": 3569688, "minorityInterest": 567669422, "totalCurrentLiabilities": 7446454771, "totalLiab": 8133802829, "commonStock": 35952930, "treasuryStock": 1220629370, "otherStockholderEquity": 1220629370, "totalStockholderEquity": 1256582300, "netTangibleAssets": 988884015}, {"maxAge": 1, "endDate": "2018-03-31", "cash": 932533165, "netReceivables": 3838663854, "otherCurrentAssets": 428193676, "totalCurrentAssets": 6161917834, "longTermInvestments": 1147981793, "propertyPlantEquipment": 131750883, "goodWill": 322601838, "intangibleAssets": 16858610, "otherAssets": 1075914349, "totalAssets": 8857025307, "accountsPayable": 648825600, "shortLongTermDebt": 942338915, "otherCurrentLiab": 227748162, "longTermDebt": 759884852, "otherLiab": -14097702, "deferredLongTermLiab": 8125743, "minorityInterest": 551060023, "totalCurrentLiabilities": 6277116966, "totalLiab": 7022904116, "commonStock": 35952930, "treasuryStock": 1247108238, "otherStockholderEquity": 1247108238, "totalStockholderEquity": 1283061168, "netTangibleAssets": 943600720}, {"maxAge": 1, "endDate": "2017-03-31", "cash": 814589275, "netReceivables": 1776203390, "otherCurrentAssets": 530982412, "totalCurrentAssets": 3672555374, "longTermInvestments": 502162943, "propertyPlantEquipment": 97790004, "goodWill": 132278, "intangibleAssets": 9598407, "otherAssets": 159610531, "totalAssets": 4441849537, "accountsPayable": 866024626, "otherCurrentLiab": 112627687, "longTermDebt": 20423933, "otherLiab": -1534663, "minorityInterest": 411196424, "totalCurrentLiabilities": 3193242316, "totalLiab": 3212131586, "commonStock": 35952930, "treasuryStock": 782568597, "otherStockholderEquity": 782568597, "totalStockholderEquity": 818521527, "netTangibleAssets": 808790842}], "maxAge": 86400}, "financialData": {"maxAge": 86400, "currentPrice": 10.75, "recommendationKey": "none", "grossProfits": 459734000, "financialCurrency": "INR"}}}