{"INDIAGLYCO.BO": {"recommendationTrend": {"trend": [{"period": "0m", "strongBuy": 0, "buy": 0, "hold": 0, "sell": 0, "strongSell": 0}, {"period": "-1m", "strongBuy": 0, "buy": 0, "hold": 0, "sell": 0, "strongSell": 0}, {"period": "-2m", "strongBuy": 0, "buy": 0, "hold": 0, "sell": 0, "strongSell": 0}, {"period": "-3m", "strongBuy": 0, "buy": 0, "hold": 0, "sell": 0, "strongSell": 0}], "maxAge": 86400}, "cashflowStatementHistory": {"cashflowStatements": [{"maxAge": 1, "endDate": "2020-03-31", "netIncome": 1146557000, "depreciation": 828619000, "changeToNetincome": 1664060000, "changeToAccountReceivables": -1885270000, "changeToLiabilities": 2028996000, "changeToInventory": -351473000, "totalCashFromOperatingActivities": 3432591000, "capitalExpenditures": -1549830000, "investments": -26383000, "otherCashflowsFromInvestingActivities": 62897000, "totalCashflowsFromInvestingActivities": -1509088000, "dividendsPaid": -443339000, "netBorrowings": -313292000, "otherCashflowsFromFinancingActivities": -1400028000, "totalCashFromFinancingActivities": -2156659000, "changeInCash": -233156000}, {"maxAge": 1, "endDate": "2019-03-31", "netIncome": 1326141000, "depreciation": 762295000, "changeToNetincome": 1916510000, "changeToAccountReceivables": -819352000, "changeToLiabilities": 277255000, "changeToInventory": -1992265000, "totalCashFromOperatingActivities": 1470717000, "capitalExpenditures": -1391763000, "investments": 49000000, "otherCashflowsFromInvestingActivities": 55217000, "totalCashflowsFromInvestingActivities": -1281381000, "dividendsPaid": -123847000, "netBorrowings": 1662327000, "otherCashflowsFromFinancingActivities": -1508401000, "totalCashFromFinancingActivities": 30079000, "changeInCash": 219415000}, {"maxAge": 1, "endDate": "2018-03-31", "netIncome": 965272000, "depreciation": 730682000, "changeToNetincome": 1775303000, "changeToAccountReceivables": 162918000, "changeToLiabilities": 680649000, "changeToInventory": 702281000, "totalCashFromOperatingActivities": 5017375000, "capitalExpenditures": -1295134000, "investments": 49000000, "otherCashflowsFromInvestingActivities": 260285000, "totalCashflowsFromInvestingActivities": -1028125000, "dividendsPaid": -37401000, "netBorrowings": -2653451000, "otherCashflowsFromFinancingActivities": -1303132000, "totalCashFromFinancingActivities": -3993984000, "changeInCash": -4734000}, {"maxAge": 1, "endDate": "2017-03-31", "netIncome": 350440000, "depreciation": 719052000, "changeToNetincome": 1290622000, "changeToAccountReceivables": 1158907000, "changeToLiabilities": -475739000, "changeToInventory": -23907000, "totalCashFromOperatingActivities": 3020708000, "capitalExpenditures": -424834000, "investments": 15793000, "otherCashflowsFromInvestingActivities": 3961000, "totalCashflowsFromInvestingActivities": -401231000, "dividendsPaid": -688000, "netBorrowings": -1281628000, "otherCashflowsFromFinancingActivities": -1346329000, "totalCashFromFinancingActivities": -2628645000, "changeInCash": -9168000}], "maxAge": 86400}, "institutionOwnership": {"maxAge": 1, "ownershipList": []}, "balanceSheetHistoryQuarterly": {"balanceSheetStatements": [{"maxAge": 1, "endDate": "2020-06-30", "totalStockholderEquity": 10338600000, "netTangibleAssets": 10318200000}, {"maxAge": 1, "endDate": "2020-03-31", "cash": 36487000, "shortTermInvestments": 351236000, "netReceivables": 6254968000, "inventory": 6821893000, "otherCurrentAssets": 2052299000, "totalCurrentAssets": 15949851000, "longTermInvestments": 263472000, "propertyPlantEquipment": 23901219000, "intangibleAssets": 20399000, "otherAssets": 727393000, "totalAssets": 40862334000, "accountsPayable": 7220255000, "shortLongTermDebt": 891229000, "otherCurrentLiab": 6048549000, "longTermDebt": 4072165000, "otherLiab": 6473746000, "deferredLongTermLiab": 19526000, "totalCurrentLiabilities": 19840013000, "totalLiab": 30523674000, "commonStock": 309615000, "retainedEarnings": 9587920000, "treasuryStock": 45289000, "capitalSurplus": 395836000, "otherStockholderEquity": 45289000, "totalStockholderEquity": 10338660000, "netTangibleAssets": 10318261000}, {"maxAge": 1, "endDate": "2019-12-31", "totalStockholderEquity": 10121500000, "netTangibleAssets": 10120800000}, {"maxAge": 1, "endDate": "2019-09-30", "cash": 1119200000, "shortTermInvestments": 608600000, "netReceivables": 3678000000, "inventory": 6026300000, "otherCurrentAssets": 2757100000, "totalCurrentAssets": 14189200000, "longTermInvestments": 760200000, "propertyPlantEquipment": 23404400000, "intangibleAssets": 700000, "otherAssets": 183300000, "totalAssets": 38537800000, "accountsPayable": 7805800000, "otherCurrentLiab": 3650400000, "longTermDebt": 3702200000, "otherLiab": 7014100000, "totalCurrentLiabilities": 17700000000, "totalLiab": 28416300000, "commonStock": 309600000, "treasuryStock": 9811900000, "otherStockholderEquity": 9811900000, "totalStockholderEquity": 10121500000, "netTangibleAssets": 10120800000}], "maxAge": 86400}, "earningsHistory": {"history": [{"maxAge": 1, "epsActual": 2.67, "epsEstimate": 6.08, "epsDifference": -3.41, "surprisePercent": -0.561, "quarter": "2017-06-30", "period": "-4q"}, {"maxAge": 1, "epsActual": 4.74, "epsEstimate": 4.01, "epsDifference": 0.73, "surprisePercent": 0.18200001, "quarter": "2017-09-30", "period": "-3q"}, {"maxAge": 1, "epsActual": 11.08, "epsEstimate": 3.56, "epsDifference": 7.52, "surprisePercent": 2.112, "quarter": "2017-12-31", "period": "-2q"}, {"maxAge": 1, "epsActual": 14.1, "epsEstimate": 14.12, "epsDifference": -0.02, "surprisePercent": -0.001, "quarter": "2018-09-30", "period": "-1q"}], "maxAge": 86400}, "indexTrend": {"maxAge": 1, "symbol": "SP5", "peRatio": 19.7411, "pegRatio": 1.34172, "estimates": [{"period": "0q", "growth": 0.549}, {"period": "+1q", "growth": 0.431}, {"period": "0y", "growth": 0.305}, {"period": "+1y", "growth": 0.109}, {"period": "+5y", "growth": 0.120865}, {"period": "-5y"}]}, "industryTrend": {"maxAge": 1, "symbol": null, "estimates": []}, "insiderTransactions": {"transactions": [{"maxAge": 1, "shares": 1456066, "filerUrl": "", "transactionText": "Other at price 0.00 per share.", "filerName": "Kashipur Holdings Ltd", "filerRelation": "Promoter", "moneyText": "", "startDate": "2020-09-18", "ownership": "D"}], "maxAge": 1}, "quoteType": {"exchange": "BSE", "quoteType": "EQUITY", "symbol": "INDIAGLYCO.BO", "underlyingSymbol": "INDIAGLYCO.BO", "shortName": "INDIA GLYCOLS LTD.", "longName": "India Glycols Limited", "firstTradeDateEpochUtc": "2000-01-03 09:15:00", "timeZoneFullName": "Asia/Kolkata", "timeZoneShortName": "IST", "uuid": "7f8540fc-cbbb-33ec-9b19-17a59070fbb2", "messageBoardId": null, "gmtOffSetMilliseconds": 19800000, "maxAge": 1}, "incomeStatementHistory": {"incomeStatementHistory": [{"maxAge": 1, "endDate": "2020-03-31", "totalRevenue": 34910085000, "costOfRevenue": 23707270000, "grossProfit": 11202815000, "researchDevelopment": {}, "sellingGeneralAdministrative": 1169984000, "nonRecurring": {}, "otherOperatingExpenses": 5649918000, "totalOperatingExpenses": 31407578000, "operatingIncome": 3502507000, "totalOtherIncomeExpenseNet": -1763413000, "ebit": 3502507000, "interestExpense": -1253954000, "incomeBeforeTax": 1739094000, "incomeTaxExpense": 592537000, "minorityInterest": {}, "netIncomeFromContinuingOps": 1146557000, "discontinuedOperations": {}, "extraordinaryItems": {}, "effectOfAccountingCharges": {}, "otherItems": {}, "netIncome": 1146557000, "netIncomeApplicableToCommonShares": 1146557000}, {"maxAge": 1, "endDate": "2019-03-31", "totalRevenue": 33566032000, "costOfRevenue": 21151416000, "grossProfit": 12414616000, "researchDevelopment": {}, "sellingGeneralAdministrative": 1094692000, "nonRecurring": {}, "otherOperatingExpenses": 6716266000, "totalOperatingExpenses": 29780802000, "operatingIncome": 3785230000, "totalOtherIncomeExpenseNet": -1654036000, "ebit": 3785230000, "interestExpense": -1235115000, "incomeBeforeTax": 2131194000, "incomeTaxExpense": 805053000, "minorityInterest": {}, "netIncomeFromContinuingOps": 1326141000, "discontinuedOperations": {}, "extraordinaryItems": {}, "effectOfAccountingCharges": {}, "otherItems": {}, "netIncome": 1326141000, "netIncomeApplicableToCommonShares": 1326141000}, {"maxAge": 1, "endDate": "2018-03-31", "totalRevenue": 30343199000, "costOfRevenue": 20384002000, "grossProfit": 9959197000, "researchDevelopment": {}, "sellingGeneralAdministrative": 1070210000, "nonRecurring": {}, "otherOperatingExpenses": 5578724000, "totalOperatingExpenses": 27820944000, "operatingIncome": 2522255000, "totalOtherIncomeExpenseNet": -1050677000, "ebit": 2522255000, "interestExpense": -1032871000, "incomeBeforeTax": 1471578000, "incomeTaxExpense": 506306000, "minorityInterest": {}, "netIncomeFromContinuingOps": 965272000, "discontinuedOperations": {}, "extraordinaryItems": {}, "effectOfAccountingCharges": {}, "otherItems": {}, "netIncome": 965272000, "netIncomeApplicableToCommonShares": 965272000}, {"maxAge": 1, "endDate": "2017-03-31", "totalRevenue": 24995627000, "costOfRevenue": 16321372000, "grossProfit": 8674255000, "researchDevelopment": {}, "sellingGeneralAdministrative": 1059532000, "nonRecurring": {}, "otherOperatingExpenses": 5228478000, "totalOperatingExpenses": 23312077000, "operatingIncome": 1683550000, "totalOtherIncomeExpenseNet": -1233643000, "ebit": 1683550000, "interestExpense": -960497000, "incomeBeforeTax": 449907000, "incomeTaxExpense": 99467000, "minorityInterest": {}, "netIncomeFromContinuingOps": 350440000, "discontinuedOperations": {}, "extraordinaryItems": {}, "effectOfAccountingCharges": {}, "otherItems": {}, "netIncome": 350440000, "netIncomeApplicableToCommonShares": 350440000}], "maxAge": 86400}, "fundOwnership": {"maxAge": 1, "ownershipList": [{"maxAge": 1, "reportDate": "2020-07-31", "organization": "DFA Emerging Markets Core Equity Portfolio", "pctHeld": 0.0042, "position": 130172, "value": 35094371}, {"maxAge": 1, "reportDate": "2020-07-31", "organization": "DFA Investment Dimensions-DFA Emerging Mkts Value", "pctHeld": 0.0036000002, "position": 112323, "value": 30282280}, {"maxAge": 1, "reportDate": "2020-07-31", "organization": "DFA Emerging Markets Small Cap Series", "pctHeld": 0.0022, "position": 67908, "value": 18307996}, {"maxAge": 1, "reportDate": "2020-07-31", "organization": "DFA Investment Dimensions-World Ex U.S. Core Equity Port", "pctHeld": 0.0001, "position": 4576, "value": 1233689}, {"maxAge": 1, "reportDate": "2020-07-31", "organization": "DFA T.A. World Ex U.S. Core Equity Portfolio", "pctHeld": 0.0001, "position": 2704, "value": 728998}]}, "summaryDetail": {"maxAge": 1, "priceHint": 2, "previousClose": 468.1, "open": 463.0, "dayLow": 463.0, "dayHigh": 488.5, "regularMarketPreviousClose": 468.1, "regularMarketOpen": 463.0, "regularMarketDayLow": 463.0, "regularMarketDayHigh": 488.5, "trailingPE": 17.250446, "forwardPE": 6.4645495, "volume": 66026, "regularMarketVolume": 66026, "averageVolume": 23265, "averageVolume10days": 22131, "averageDailyVolume10Day": 22131, "bid": 470.1, "ask": 471.95, "bidSize": 0, "askSize": 0, "marketCap": 14623116288, "fiftyTwoWeekLow": 176.15, "fiftyTwoWeekHigh": 488.5, "fiftyDayAverage": 376.42795, "twoHundredDayAverage": 307.74448, "trailingAnnualDividendRate": 6.0, "trailingAnnualDividendYield": 0.012817774, "currency": "INR", "fromCurrency": null, "toCurrency": null, "lastMarket": null, "algorithm": null, "tradeable": false}, "sectorTrend": {"maxAge": 1, "symbol": null, "estimates": []}, "incomeStatementHistoryQuarterly": {"incomeStatementHistory": [{"maxAge": 1, "endDate": "2020-06-30", "totalRevenue": 3856200000, "costOfRevenue": 2478100000, "grossProfit": 1378100000, "researchDevelopment": {}, "sellingGeneralAdministrative": 253000000, "nonRecurring": {}, "otherOperatingExpenses": 575600000, "totalOperatingExpenses": 3516800000, "operatingIncome": 339400000, "totalOtherIncomeExpenseNet": -276700000, "ebit": 339400000, "interestExpense": -287700000, "incomeBeforeTax": 62700000, "incomeTaxExpense": 20100000, "minorityInterest": {}, "netIncomeFromContinuingOps": 42600000, "discontinuedOperations": {}, "extraordinaryItems": {}, "effectOfAccountingCharges": {}, "otherItems": {}, "netIncome": 42600000, "netIncomeApplicableToCommonShares": 42600000}, {"maxAge": 1, "endDate": "2020-03-31", "totalRevenue": 9123385000, "costOfRevenue": 4311170000, "grossProfit": 4812215000, "researchDevelopment": {}, "sellingGeneralAdministrative": 328184000, "nonRecurring": {}, "otherOperatingExpenses": 3260918000, "totalOperatingExpenses": 8162078000, "operatingIncome": 961307000, "totalOtherIncomeExpenseNet": -683913000, "ebit": 961307000, "interestExpense": -112054000, "incomeBeforeTax": 277394000, "incomeTaxExpense": 98437000, "minorityInterest": {}, "netIncomeFromContinuingOps": 178957000, "discontinuedOperations": {}, "extraordinaryItems": {}, "effectOfAccountingCharges": {}, "otherItems": {}, "netIncome": 178957000, "netIncomeApplicableToCommonShares": 178957000}, {"maxAge": 1, "endDate": "2019-12-31", "totalRevenue": 8623900000, "costOfRevenue": 6669200000, "grossProfit": 1954700000, "researchDevelopment": {}, "sellingGeneralAdministrative": 282400000, "nonRecurring": {}, "otherOperatingExpenses": 773200000, "totalOperatingExpenses": 7931300000, "operatingIncome": 692600000, "totalOtherIncomeExpenseNet": -344700000, "ebit": 692600000, "interestExpense": -346500000, "incomeBeforeTax": 347900000, "incomeTaxExpense": 82000000, "minorityInterest": {}, "netIncomeFromContinuingOps": 265900000, "discontinuedOperations": {}, "extraordinaryItems": {}, "effectOfAccountingCharges": {}, "otherItems": {}, "netIncome": 265900000, "netIncomeApplicableToCommonShares": 265900000}, {"maxAge": 1, "endDate": "2019-09-30", "totalRevenue": 8492600000, "costOfRevenue": 6213100000, "grossProfit": 2279500000, "researchDevelopment": {}, "sellingGeneralAdministrative": 288900000, "nonRecurring": {}, "otherOperatingExpenses": 831200000, "totalOperatingExpenses": 7555600000, "operatingIncome": 937000000, "totalOtherIncomeExpenseNet": -367700000, "ebit": 937000000, "interestExpense": -398300000, "incomeBeforeTax": 569300000, "incomeTaxExpense": 209600000, "minorityInterest": {}, "netIncomeFromContinuingOps": 359700000, "discontinuedOperations": {}, "extraordinaryItems": {}, "effectOfAccountingCharges": {}, "otherItems": {}, "netIncome": 359700000, "netIncomeApplicableToCommonShares": 359700000}], "maxAge": 86400}, "cashflowStatementHistoryQuarterly": {"cashflowStatements": [{"maxAge": 1, "endDate": "2020-06-30", "netIncome": 42600000, "changeToLiabilities": 0}, {"maxAge": 1, "endDate": "2020-03-31", "netIncome": 178957000, "changeToLiabilities": 0}, {"maxAge": 1, "endDate": "2019-12-31", "netIncome": 265900000, "changeToLiabilities": 0}, {"maxAge": 1, "endDate": "2019-09-30", "netIncome": 359700000, "changeToLiabilities": 0}], "maxAge": 86400}, "insiderHolders": {"holders": [{"maxAge": 1, "name": "Kashipur Holdings Ltd", "relation": "Promoter", "url": "", "transactionDescription": "Other", "latestTransDate": "2020-09-18", "positionDirect": 11808472, "positionDirectDate": "2020-09-18"}], "maxAge": 1}, "earnings": {"maxAge": 86400, "earningsChart": {"quarterly": [{"date": "2Q2017", "actual": 2.67, "estimate": 6.08}, {"date": "3Q2017", "actual": 4.74, "estimate": 4.01}, {"date": "4Q2017", "actual": 11.08, "estimate": 3.56}, {"date": "3Q2018", "actual": 14.1, "estimate": 14.12}], "currentQuarterEstimateDate": "4Q", "currentQuarterEstimateYear": 2018, "earningsDate": []}, "financialsChart": {"yearly": [{"date": 2017, "revenue": 24995627000, "earnings": 350440000}, {"date": 2018, "revenue": 30343199000, "earnings": 965272000}, {"date": 2019, "revenue": 33566032000, "earnings": 1326141000}, {"date": 2020, "revenue": 34910085000, "earnings": 1146557000}], "quarterly": [{"date": "3Q2019", "revenue": 8492600000, "earnings": 359700000}, {"date": "4Q2019", "revenue": 8623900000, "earnings": 265900000}, {"date": "1Q2020", "revenue": 9123385000, "earnings": 178957000}, {"date": "2Q2020", "revenue": 3856200000, "earnings": 42600000}]}, "financialCurrency": "INR"}, "calendarEvents": {"maxAge": 1, "earnings": {"earningsDate": []}}, "price": {"maxAge": 1, "regularMarketChangePercent": 0.008972403, "regularMarketChange": 4.1999817, "regularMarketTime": "2021-04-30 15:40:07", "priceHint": 2, "regularMarketPrice": 472.3, "regularMarketDayHigh": 488.5, "regularMarketDayLow": 463.0, "regularMarketVolume": 66026, "averageDailyVolume10Day": 22131, "averageDailyVolume3Month": 23265, "regularMarketPreviousClose": 468.1, "regularMarketSource": "FREE_REALTIME", "regularMarketOpen": 463.0, "exchange": "BSE", "exchangeName": "BSE", "exchangeDataDelayedBy": 0, "marketState": "CLOSED", "quoteType": "EQUITY", "symbol": "INDIAGLYCO.BO", "underlyingSymbol": null, "shortName": "INDIA GLYCOLS LTD.", "longName": "India Glycols Limited", "currency": "INR", "quoteSourceName": "Delayed Quote", "currencySymbol": "\u20b9", "fromCurrency": null, "toCurrency": null, "lastMarket": null, "marketCap": 14623116288}, "balanceSheetHistory": {"balanceSheetStatements": [{"maxAge": 1, "endDate": "2020-03-31", "cash": 36487000, "shortTermInvestments": 351236000, "netReceivables": 6254968000, "inventory": 6821893000, "otherCurrentAssets": 2052299000, "totalCurrentAssets": 15949851000, "longTermInvestments": 263472000, "propertyPlantEquipment": 23901219000, "intangibleAssets": 20399000, "otherAssets": 727393000, "totalAssets": 40862334000, "accountsPayable": 7220255000, "shortLongTermDebt": 891229000, "otherCurrentLiab": 6048549000, "longTermDebt": 4072165000, "otherLiab": 6473746000, "deferredLongTermLiab": 19526000, "totalCurrentLiabilities": 19840013000, "totalLiab": 30523674000, "commonStock": 309615000, "retainedEarnings": 9587920000, "treasuryStock": 45289000, "capitalSurplus": 395836000, "otherStockholderEquity": 45289000, "totalStockholderEquity": 10338660000, "netTangibleAssets": 10318261000}, {"maxAge": 1, "endDate": "2019-03-31", "cash": 269642000, "shortTermInvestments": 387511000, "netReceivables": 3833367000, "inventory": 6470420000, "otherCurrentAssets": 2396310000, "totalCurrentAssets": 13852737000, "longTermInvestments": 213900000, "propertyPlantEquipment": 23020258000, "intangibleAssets": 918000, "otherAssets": 755421000, "totalAssets": 37843234000, "accountsPayable": 7433632000, "shortLongTermDebt": 1374592000, "otherCurrentLiab": 3143401000, "longTermDebt": 3961274000, "otherLiab": 7006209000, "deferredLongTermLiab": 23865000, "totalCurrentLiabilities": 17249479000, "totalLiab": 28216962000, "commonStock": 309615000, "retainedEarnings": 8861969000, "treasuryStock": 58852000, "capitalSurplus": 395836000, "otherStockholderEquity": 58852000, "totalStockholderEquity": 9626272000, "netTangibleAssets": 9625354000}, {"maxAge": 1, "endDate": "2018-03-31", "cash": 50227000, "shortTermInvestments": 466138000, "netReceivables": 3611914000, "inventory": 4478155000, "otherCurrentAssets": 1856987000, "totalCurrentAssets": 10787276000, "longTermInvestments": 240625000, "propertyPlantEquipment": 22447868000, "intangibleAssets": 277000, "otherAssets": 738876000, "totalAssets": 34214922000, "accountsPayable": 7809960000, "shortLongTermDebt": 831691000, "otherCurrentLiab": 1759721000, "longTermDebt": 1723765000, "otherLiab": 7387317000, "deferredLongTermLiab": 23848000, "totalCurrentLiabilities": 16652391000, "totalLiab": 25763473000, "commonStock": 309615000, "retainedEarnings": 7685131000, "treasuryStock": 60867000, "capitalSurplus": 395836000, "otherStockholderEquity": 60867000, "totalStockholderEquity": 8451449000, "netTangibleAssets": 8451172000}, {"maxAge": 1, "endDate": "2017-03-31", "cash": 54961000, "shortTermInvestments": 556355000, "netReceivables": 4228621000, "inventory": 5180436000, "otherCurrentAssets": 1033265000, "totalCurrentAssets": 11316977000, "longTermInvestments": 251545000, "propertyPlantEquipment": 22011479000, "intangibleAssets": 257000, "otherAssets": 1342248000, "totalAssets": 34922506000, "accountsPayable": 5786839000, "shortLongTermDebt": 1506011000, "otherCurrentLiab": 2148036000, "longTermDebt": 647453000, "otherLiab": 7729797000, "deferredLongTermLiab": 26039000, "totalCurrentLiabilities": 19021950000, "totalLiab": 27399200000, "commonStock": 309615000, "retainedEarnings": 6757124000, "treasuryStock": 60731000, "capitalSurplus": 395836000, "otherStockholderEquity": 60731000, "totalStockholderEquity": 7523306000, "netTangibleAssets": 7523049000}], "maxAge": 86400}, "earningsTrend": {"trend": [{"maxAge": 1, "period": "0q", "endDate": "2018-12-31", "growth": {}, "earningsEstimate": {"avg": 0.0, "low": 0.0, "high": 0.0, "yearAgoEps": 2.67, "numberOfAnalysts": 0, "growth": {}}, "revenueEstimate": {"avg": 0, "low": 0, "high": 0, "numberOfAnalysts": 0, "yearAgoRevenue": {}, "growth": {}}, "epsTrend": {"current": 0.0, "7daysAgo": 0.0, "30daysAgo": 0.0, "60daysAgo": 0.0, "90daysAgo": 0.0}, "epsRevisions": {"upLast7days": 0, "upLast30days": 0, "downLast30days": 0, "downLast90days": {}}}, {"maxAge": 1, "period": "+1q", "endDate": "2019-03-31", "growth": {}, "earningsEstimate": {"avg": 0.0, "low": 0.0, "high": 0.0, "yearAgoEps": 4.74, "numberOfAnalysts": 0, "growth": {}}, "revenueEstimate": {"avg": 0, "low": 0, "high": 0, "numberOfAnalysts": 0, "yearAgoRevenue": {}, "growth": {}}, "epsTrend": {"current": 0.0, "7daysAgo": 0.0, "30daysAgo": 0.0, "60daysAgo": 0.0, "90daysAgo": 0.0}, "epsRevisions": {"upLast7days": 0, "upLast30days": 0, "downLast30days": 0, "downLast90days": {}}}, {"maxAge": 1, "period": "0y", "endDate": "2019-03-31", "growth": {}, "earningsEstimate": {"avg": 0.0, "low": 0.0, "high": 0.0, "yearAgoEps": {}, "numberOfAnalysts": 0, "growth": {}}, "revenueEstimate": {"avg": 47579900000, "low": 47579900000, "high": 47579900000, "numberOfAnalysts": 1, "yearAgoRevenue": 38774900000, "growth": 0.22700001}, "epsTrend": {"current": 0.0, "7daysAgo": 57.31, "30daysAgo": 57.31, "60daysAgo": 57.31, "90daysAgo": 57.31}, "epsRevisions": {"upLast7days": 0, "upLast30days": 0, "downLast30days": 0, "downLast90days": {}}}, {"maxAge": 1, "period": "+1y", "endDate": "2020-03-31", "growth": {}, "earningsEstimate": {"avg": 0.0, "low": 0.0, "high": 0.0, "yearAgoEps": {}, "numberOfAnalysts": 0, "growth": {}}, "revenueEstimate": {"avg": 52337900000, "low": 52337900000, "high": 52337900000, "numberOfAnalysts": 1, "yearAgoRevenue": 47579900000, "growth": 0.1}, "epsTrend": {"current": 0.0, "7daysAgo": 73.06, "30daysAgo": 73.06, "60daysAgo": 73.06, "90daysAgo": 73.06}, "epsRevisions": {"upLast7days": 0, "upLast30days": 0, "downLast30days": 0, "downLast90days": {}}}, {"maxAge": 1, "period": "+5y", "endDate": null, "growth": {}, "earningsEstimate": {"avg": {}, "low": {}, "high": {}, "yearAgoEps": {}, "numberOfAnalysts": {}, "growth": {}}, "revenueEstimate": {"avg": {}, "low": {}, "high": {}, "numberOfAnalysts": {}, "yearAgoRevenue": {}, "growth": {}}, "epsTrend": {"current": {}, "7daysAgo": {}, "30daysAgo": {}, "60daysAgo": {}, "90daysAgo": {}}, "epsRevisions": {"upLast7days": {}, "upLast30days": {}, "downLast30days": {}, "downLast90days": {}}}, {"maxAge": 1, "period": "-5y", "endDate": null, "growth": {}, "earningsEstimate": {"avg": {}, "low": {}, "high": {}, "yearAgoEps": {}, "numberOfAnalysts": {}, "growth": {}}, "revenueEstimate": {"avg": {}, "low": {}, "high": {}, "numberOfAnalysts": {}, "yearAgoRevenue": {}, "growth": {}}, "epsTrend": {"current": {}, "7daysAgo": {}, "30daysAgo": {}, "60daysAgo": {}, "90daysAgo": {}}, "epsRevisions": {"upLast7days": {}, "upLast30days": {}, "downLast30days": {}, "downLast90days": {}}}], "maxAge": 1}, "financialData": {"maxAge": 86400, "currentPrice": 472.3, "targetHighPrice": 158.0, "targetLowPrice": 158.0, "targetMeanPrice": 158.0, "targetMedianPrice": 158.0, "recommendationKey": "none", "numberOfAnalystOpinions": 1, "grossProfits": 11202815000, "financialCurrency": "INR"}}}