{"INDIANB.BO": {"recommendationTrend": {"trend": [{"period": "0m", "strongBuy": 0, "buy": 0, "hold": 0, "sell": 0, "strongSell": 0}, {"period": "-1m", "strongBuy": 0, "buy": 0, "hold": 0, "sell": 0, "strongSell": 0}, {"period": "-2m", "strongBuy": 0, "buy": 0, "hold": 0, "sell": 0, "strongSell": 0}, {"period": "-3m", "strongBuy": 0, "buy": 0, "hold": 0, "sell": 0, "strongSell": 0}], "maxAge": 86400}, "cashflowStatementHistory": {"cashflowStatements": [{"maxAge": 1, "endDate": "2020-03-31", "netIncome": 8613400000, "depreciation": 3140000000, "changeToNetincome": 49484400000, "changeToLiabilities": 0, "changeToOperatingActivities": -329972900000, "totalCashFromOperatingActivities": -268735100000, "capitalExpenditures": -2591600000, "totalCashflowsFromInvestingActivities": -2473700000, "otherCashflowsFromFinancingActivities": 181436000000, "totalCashFromFinancingActivities": 209730900000, "effectOfExchangeRate": 566700000, "changeInCash": -60911200000, "issuanceOfStock": 28294900000}, {"maxAge": 1, "endDate": "2019-03-31", "netIncome": 3801300000, "depreciation": 2592900000, "changeToNetincome": 45595900000, "changeToLiabilities": 0, "changeToOperatingActivities": -327081400000, "totalCashFromOperatingActivities": -275091300000, "capitalExpenditures": -2564400000, "totalCashflowsFromInvestingActivities": -2485600000, "netBorrowings": 10000000000, "otherCashflowsFromFinancingActivities": 337789800000, "totalCashFromFinancingActivities": 347789800000, "effectOfExchangeRate": 728300000, "changeInCash": 70941200000, "issuanceOfStock": 28294900000}, {"maxAge": 1, "endDate": "2018-03-31", "netIncome": 13105400000, "depreciation": 2368400000, "changeToNetincome": 37472900000, "changeToLiabilities": 0, "changeToOperatingActivities": -347522400000, "totalCashFromOperatingActivities": -294575700000, "capitalExpenditures": -2231200000, "totalCashflowsFromInvestingActivities": -2143800000, "dividendsPaid": -2881700000, "netBorrowings": 71232800000, "otherCashflowsFromFinancingActivities": 257231100000, "totalCashFromFinancingActivities": 325582200000, "effectOfExchangeRate": 728300000, "changeInCash": 28862600000, "issuanceOfStock": 28294900000}, {"maxAge": 1, "endDate": "2017-03-31", "netIncome": 14530600000, "depreciation": 1662400000, "changeToNetincome": 25966900000, "changeToLiabilities": 0, "changeToOperatingActivities": -192509600000, "totalCashFromOperatingActivities": -150349700000, "capitalExpenditures": -1840400000, "otherCashflowsFromInvestingActivities": -100000, "totalCashflowsFromInvestingActivities": -1793800000, "dividendsPaid": -720400000, "netBorrowings": 91275700000, "otherCashflowsFromFinancingActivities": 42064500000, "totalCashFromFinancingActivities": 132619800000, "effectOfExchangeRate": 728300000, "changeInCash": -19523700000, "issuanceOfStock": 28294900000}], "maxAge": 86400}, "institutionOwnership": {"maxAge": 1, "ownershipList": []}, "balanceSheetHistoryQuarterly": {"balanceSheetStatements": [{"maxAge": 1, "endDate": "2020-03-31", "cash": 92064400000, "inventory": 202600000, "otherCurrentAssets": 103891900000, "totalCurrentAssets": 196158900000, "longTermInvestments": 818711600000, "propertyPlantEquipment": 38990800000, "otherAssets": 2047548300000, "deferredLongTermAssetCharges": 7480700000, "totalAssets": 3101409600000, "accountsPayable": 2601843900000, "shortLongTermDebt": 97048200000, "otherCurrentLiab": 4940000000, "longTermDebt": 111254900000, "otherLiab": 49981800000, "minorityInterest": 211700000, "totalCurrentLiabilities": 2712285400000, "totalLiab": 2873522100000, "commonStock": 6088000000, "retainedEarnings": 137036900000, "treasuryStock": 44284400000, "capitalSurplus": 40266500000, "otherStockholderEquity": 44284400000, "totalStockholderEquity": 227675800000, "netTangibleAssets": 227675800000}, {"maxAge": 1, "endDate": "2019-12-31", "totalStockholderEquity": 236039897000, "netTangibleAssets": 236039897000}, {"maxAge": 1, "endDate": "2019-09-30", "cash": 103984142000, "netReceivables": 72453000, "otherCurrentAssets": 93653400000, "totalCurrentAssets": 197709995000, "longTermInvestments": 761113752000, "propertyPlantEquipment": 39579421000, "otherAssets": 1984766798000, "totalAssets": 2983169966000, "accountsPayable": 2531347124000, "longTermDebt": 156758201000, "otherLiab": 58815989000, "minorityInterest": 208755000, "totalCurrentLiabilities": 2531347124000, "totalLiab": 2746921314000, "commonStock": 4915346000, "treasuryStock": 231124551000, "otherStockholderEquity": 231124551000, "totalStockholderEquity": 236039897000, "netTangibleAssets": 236039897000}, {"maxAge": 1, "endDate": "2019-06-30", "totalStockholderEquity": 197154600000, "netTangibleAssets": 197154600000}], "maxAge": 86400}, "earningsHistory": {"history": [{"maxAge": 1, "epsActual": 6.31, "epsEstimate": 8.1, "epsDifference": -1.79, "surprisePercent": -0.221, "quarter": "2017-12-31", "period": "-4q"}, {"maxAge": 1, "epsActual": 10.99, "epsEstimate": 4.4, "epsDifference": 6.59, "surprisePercent": 1.498, "quarter": "2018-03-31", "period": "-3q"}, {"maxAge": 1, "epsActual": 4.36, "epsEstimate": 8.2, "epsDifference": -3.84, "surprisePercent": -0.468, "quarter": "2018-06-30", "period": "-2q"}, {"maxAge": 1, "epsActual": 3.13, "epsEstimate": 9.0, "epsDifference": -5.87, "surprisePercent": -0.65199995, "quarter": "2018-09-30", "period": "-1q"}], "maxAge": 86400}, "indexTrend": {"maxAge": 1, "symbol": "SP5", "peRatio": 19.7411, "pegRatio": 1.34172, "estimates": [{"period": "0q", "growth": 0.549}, {"period": "+1q", "growth": 0.431}, {"period": "0y", "growth": 0.305}, {"period": "+1y", "growth": 0.109}, {"period": "+5y", "growth": 0.120865}, {"period": "-5y"}]}, "industryTrend": {"maxAge": 1, "symbol": null, "estimates": []}, "insiderTransactions": {"transactions": [{"maxAge": 1, "shares": 117265954, "filerUrl": "", "transactionText": "", "filerName": "President of India", "filerRelation": "Promoter", "moneyText": "", "startDate": "2019-12-03", "ownership": "D"}, {"maxAge": 1, "shares": 555568, "filerUrl": "", "transactionText": "", "filerName": "President of India", "filerRelation": "Promoter", "moneyText": "", "startDate": "2019-10-10", "ownership": "D"}, {"maxAge": 1, "shares": 1174631, "filerUrl": "", "transactionText": "", "filerName": "President of India", "filerRelation": "Promoter", "moneyText": "", "startDate": "2019-02-18", "ownership": "D"}], "maxAge": 1}, "quoteType": {"exchange": "BSE", "quoteType": "EQUITY", "symbol": "INDIANB.BO", "underlyingSymbol": "INDIANB.BO", "shortName": "INDIAN BANK", "longName": "Indian Bank", "firstTradeDateEpochUtc": "2007-03-01 09:15:00", "timeZoneFullName": "Asia/Kolkata", "timeZoneShortName": "IST", "uuid": "4d0dfee5-ade7-3dbd-a69c-e5abdc18bcab", "messageBoardId": null, "gmtOffSetMilliseconds": 19800000, "maxAge": 1}, "incomeStatementHistory": {"incomeStatementHistory": [{"maxAge": 1, "endDate": "2020-03-31", "totalRevenue": 58101500000, "costOfRevenue": 0, "grossProfit": 58101500000, "researchDevelopment": {}, "sellingGeneralAdministrative": 36264700000, "nonRecurring": {}, "otherOperatingExpenses": 8062300000, "totalOperatingExpenses": 44327000000, "operatingIncome": 13774500000, "totalOtherIncomeExpenseNet": 1039500000, "ebit": 0, "interestExpense": {}, "incomeBeforeTax": 14814000000, "incomeTaxExpense": 6193700000, "minorityInterest": 211700000, "netIncomeFromContinuingOps": 8620300000, "discontinuedOperations": {}, "extraordinaryItems": {}, "effectOfAccountingCharges": {}, "otherItems": {}, "netIncome": 8613400000, "netIncomeApplicableToCommonShares": 8613400000}, {"maxAge": 1, "endDate": "2019-03-31", "totalRevenue": 43115300000, "costOfRevenue": 0, "grossProfit": 43115300000, "researchDevelopment": {}, "sellingGeneralAdministrative": 32892600000, "nonRecurring": {}, "otherOperatingExpenses": 7390800000, "totalOperatingExpenses": 40283400000, "operatingIncome": 2831900000, "totalOtherIncomeExpenseNet": 597900000, "ebit": 0, "interestExpense": {}, "incomeBeforeTax": 3429800000, "incomeTaxExpense": -377400000, "minorityInterest": 204600000, "netIncomeFromContinuingOps": 3807200000, "discontinuedOperations": {}, "extraordinaryItems": {}, "effectOfAccountingCharges": {}, "otherItems": {}, "netIncome": 3801300000, "netIncomeApplicableToCommonShares": 3801300000}, {"maxAge": 1, "endDate": "2018-03-31", "totalRevenue": 47555400000, "costOfRevenue": 0, "grossProfit": 47555400000, "researchDevelopment": {}, "sellingGeneralAdministrative": 30779100000, "nonRecurring": {}, "otherOperatingExpenses": 5954100000, "totalOperatingExpenses": 36733200000, "operatingIncome": 10822200000, "totalOtherIncomeExpenseNet": 483700000, "ebit": 0, "interestExpense": {}, "incomeBeforeTax": 11305900000, "incomeTaxExpense": -1807000000, "minorityInterest": 198700000, "netIncomeFromContinuingOps": 13112900000, "discontinuedOperations": {}, "extraordinaryItems": {}, "effectOfAccountingCharges": {}, "otherItems": {}, "netIncome": 13105400000, "netIncomeApplicableToCommonShares": 13105400000}, {"maxAge": 1, "endDate": "2017-03-31", "totalRevenue": 51292100000, "costOfRevenue": 0, "grossProfit": 51292100000, "researchDevelopment": {}, "sellingGeneralAdministrative": 28631900000, "nonRecurring": {}, "otherOperatingExpenses": 5002700000, "totalOperatingExpenses": 33634600000, "operatingIncome": 17657500000, "totalOtherIncomeExpenseNet": 420200000, "ebit": 0, "interestExpense": {}, "incomeBeforeTax": 18077700000, "incomeTaxExpense": 3528400000, "minorityInterest": 191200000, "netIncomeFromContinuingOps": 14549300000, "discontinuedOperations": {}, "extraordinaryItems": {}, "effectOfAccountingCharges": {}, "otherItems": {}, "netIncome": 14530600000, "netIncomeApplicableToCommonShares": 14530600000}], "maxAge": 86400}, "fundOwnership": {"maxAge": 1, "ownershipList": [{"maxAge": 1, "reportDate": "2020-07-31", "organization": "Vanguard International Stock Index-Total Intl Stock Indx", "pctHeld": 0.0017, "position": 1917151, "value": 111961618}, {"maxAge": 1, "reportDate": "2020-07-31", "organization": "Vanguard International Stock Index-Emerging Markets Stk", "pctHeld": 0.0014, "position": 1560105, "value": 91110132}, {"maxAge": 1, "reportDate": "2020-07-31", "organization": "DFA Emerging Markets Core Equity Portfolio", "pctHeld": 0.0013, "position": 1439101, "value": 84043498}, {"maxAge": 1, "reportDate": "2020-07-31", "organization": "DFA Emerging Markets Small Cap Series", "pctHeld": 0.0008, "position": 958733, "value": 55990007}, {"maxAge": 1, "reportDate": "2020-07-31", "organization": "DFA Investment Dimensions-DFA Emerging Mkts Value", "pctHeld": 0.0007, "position": 800240, "value": 46734016}, {"maxAge": 1, "reportDate": "2020-06-30", "organization": "PIMCO Equity Series-PIMCO RAE Emerging Markets Fd", "pctHeld": 0.00029999999, "position": 339070, "value": 21022340}, {"maxAge": 1, "reportDate": "2020-07-31", "organization": "Vanguard Intl Equity Index Fds-FTSE All World ex U.S.Small Cap Index", "pctHeld": 0.00029999999, "position": 326939, "value": 19093237}, {"maxAge": 1, "reportDate": "2020-08-31", "organization": "WisdomTree Tr-WisdomTree India Earnings Fd", "pctHeld": 0.0001, "position": 116879, "value": 7585447}, {"maxAge": 1, "reportDate": "2020-07-31", "organization": "DFA Investment Dimensions-World Ex U.S. Core Equity Port", "pctHeld": 0.0001, "position": 72098, "value": 4210523}, {"maxAge": 1, "reportDate": "2020-07-31", "organization": "DFA Investment Dimensions-Emerging Markets Social Core Equity", "pctHeld": 0.0001, "position": 68793, "value": 4017511}]}, "summaryDetail": {"maxAge": 1, "priceHint": 2, "previousClose": 111.95, "open": 111.7, "dayLow": 108.95, "dayHigh": 112.8, "regularMarketPreviousClose": 111.95, "regularMarketOpen": 111.7, "regularMarketDayLow": 108.95, "regularMarketDayHigh": 112.8, "trailingPE": 6.7124543, "forwardPE": 2.3767834, "volume": 112167, "regularMarketVolume": 112167, "averageVolume": 382161, "averageVolume10days": 298494, "averageDailyVolume10Day": 298494, "bid": 109.0, "ask": 110.3, "bidSize": 0, "askSize": 0, "marketCap": 124174229504, "fiftyTwoWeekLow": 41.7, "fiftyTwoWeekHigh": 136.9, "fiftyDayAverage": 97.58971, "twoHundredDayAverage": 73.175, "trailingAnnualDividendRate": 6.0, "trailingAnnualDividendYield": 0.053595357, "currency": "INR", "fromCurrency": null, "toCurrency": null, "lastMarket": null, "algorithm": null, "tradeable": false}, "sectorTrend": {"maxAge": 1, "symbol": null, "estimates": []}, "incomeStatementHistoryQuarterly": {"incomeStatementHistory": [{"maxAge": 1, "endDate": "2020-03-31", "totalRevenue": 9612773000, "costOfRevenue": 0, "grossProfit": 9612773000, "researchDevelopment": {}, "sellingGeneralAdministrative": 17740346000, "nonRecurring": {}, "otherOperatingExpenses": -6267587000, "totalOperatingExpenses": 11472759000, "operatingIncome": -1859986000, "totalOtherIncomeExpenseNet": -522750000, "ebit": 0, "interestExpense": {}, "incomeBeforeTax": -2382736000, "incomeTaxExpense": 289200000, "minorityInterest": 211700000, "netIncomeFromContinuingOps": -2671936000, "discontinuedOperations": {}, "extraordinaryItems": {}, "effectOfAccountingCharges": {}, "otherItems": {}, "netIncome": -2671949000, "netIncomeApplicableToCommonShares": -2671949000}, {"maxAge": 1, "endDate": "2019-12-31", "totalRevenue": 14671936000, "costOfRevenue": 0, "grossProfit": 14671936000, "researchDevelopment": {}, "sellingGeneralAdministrative": 5942112000, "nonRecurring": {}, "otherOperatingExpenses": 4826257000, "totalOperatingExpenses": 10768369000, "operatingIncome": 3903567000, "totalOtherIncomeExpenseNet": 433550000, "ebit": 0, "interestExpense": {}, "incomeBeforeTax": 4337117000, "incomeTaxExpense": 1423884000, "minorityInterest": 211700000, "netIncomeFromContinuingOps": 2913233000, "discontinuedOperations": {}, "extraordinaryItems": {}, "effectOfAccountingCharges": {}, "otherItems": {}, "netIncome": 2910336000, "netIncomeApplicableToCommonShares": 2910336000}, {"maxAge": 1, "endDate": "2019-09-30", "totalRevenue": 16934796000, "costOfRevenue": 0, "grossProfit": 16934796000, "researchDevelopment": {}, "sellingGeneralAdministrative": 5870329000, "nonRecurring": {}, "otherOperatingExpenses": 5138615000, "totalOperatingExpenses": 11008944000, "operatingIncome": 5925852000, "totalOtherIncomeExpenseNet": 840156000, "ebit": 0, "interestExpense": {}, "incomeBeforeTax": 6766008000, "incomeTaxExpense": 2337988000, "minorityInterest": 208755000, "netIncomeFromContinuingOps": 4428020000, "discontinuedOperations": {}, "extraordinaryItems": {}, "effectOfAccountingCharges": {}, "otherItems": {}, "netIncome": 4427235000, "netIncomeApplicableToCommonShares": 4427235000}, {"maxAge": 1, "endDate": "2019-06-30", "totalRevenue": 16881995000, "costOfRevenue": 0, "grossProfit": 16881995000, "researchDevelopment": {}, "sellingGeneralAdministrative": 6711913000, "nonRecurring": {}, "otherOperatingExpenses": 4365015000, "totalOperatingExpenses": 11076928000, "operatingIncome": 5805067000, "totalOtherIncomeExpenseNet": 288544000, "ebit": 0, "interestExpense": {}, "incomeBeforeTax": 6093611000, "incomeTaxExpense": 2142628000, "minorityInterest": 208755000, "netIncomeFromContinuingOps": 3950983000, "discontinuedOperations": {}, "extraordinaryItems": {}, "effectOfAccountingCharges": {}, "otherItems": {}, "netIncome": 3947778000, "netIncomeApplicableToCommonShares": 3947778000}], "maxAge": 86400}, "cashflowStatementHistoryQuarterly": {"cashflowStatements": [{"maxAge": 1, "endDate": "2020-03-31", "netIncome": -2671949000, "changeToLiabilities": 0}, {"maxAge": 1, "endDate": "2019-12-31", "netIncome": 2910336000, "changeToLiabilities": 0}, {"maxAge": 1, "endDate": "2019-09-30", "netIncome": 4427235000, "changeToLiabilities": 0}, {"maxAge": 1, "endDate": "2019-06-30", "netIncome": 3947778000, "changeToLiabilities": 0}], "maxAge": 86400}, "insiderHolders": {"holders": [{"maxAge": 1, "name": "President of India", "relation": "Promoter", "url": "", "transactionDescription": "Other", "latestTransDate": "2019-12-03", "positionDirect": 508080023, "positionDirectDate": "2019-12-03"}], "maxAge": 1}, "earnings": {"maxAge": 86400, "earningsChart": {"quarterly": [{"date": "4Q2017", "actual": 6.31, "estimate": 8.1}, {"date": "1Q2018", "actual": 10.99, "estimate": 4.4}, {"date": "2Q2018", "actual": 4.36, "estimate": 8.2}, {"date": "3Q2018", "actual": 3.13, "estimate": 9.0}], "currentQuarterEstimateDate": "4Q", "currentQuarterEstimateYear": 2018, "earningsDate": ["2020-08-14 05:30:S"]}, "financialsChart": {"yearly": [{"date": 2017, "revenue": 51292100000, "earnings": 14530600000}, {"date": 2018, "revenue": 47555400000, "earnings": 13105400000}, {"date": 2019, "revenue": 43115300000, "earnings": 3801300000}, {"date": 2020, "revenue": 58101500000, "earnings": 8613400000}], "quarterly": [{"date": "2Q2019", "revenue": 16881995000, "earnings": 3947778000}, {"date": "3Q2019", "revenue": 16934796000, "earnings": 4427235000}, {"date": "4Q2019", "revenue": 14671936000, "earnings": 2910336000}, {"date": "1Q2020", "revenue": 9612773000, "earnings": -2671949000}]}, "financialCurrency": "INR"}, "calendarEvents": {"maxAge": 1, "earnings": {"earningsDate": ["2020-08-14 05:30:S"], "revenueAverage": 17495000000, "revenueLow": 17495000000, "revenueHigh": 17495000000}}, "price": {"maxAge": 1, "regularMarketChangePercent": -0.01786512, "regularMarketChange": -2.0, "regularMarketTime": "2021-04-30 15:29:54", "priceHint": 2, "regularMarketPrice": 109.95, "regularMarketDayHigh": 112.8, "regularMarketDayLow": 108.95, "regularMarketVolume": 112167, "averageDailyVolume10Day": 298494, "averageDailyVolume3Month": 382161, "regularMarketPreviousClose": 111.95, "regularMarketSource": "FREE_REALTIME", "regularMarketOpen": 111.7, "exchange": "BSE", "exchangeName": "BSE", "exchangeDataDelayedBy": 0, "marketState": "CLOSED", "quoteType": "EQUITY", "symbol": "INDIANB.BO", "underlyingSymbol": null, "shortName": "INDIAN BANK", "longName": "Indian Bank", "currency": "INR", "quoteSourceName": "Delayed Quote", "currencySymbol": "\u20b9", "fromCurrency": null, "toCurrency": null, "lastMarket": null, "marketCap": 124174229504}, "balanceSheetHistory": {"balanceSheetStatements": [{"maxAge": 1, "endDate": "2020-03-31", "cash": 92064400000, "inventory": 202600000, "otherCurrentAssets": 103891900000, "totalCurrentAssets": 196158900000, "longTermInvestments": 818711600000, "propertyPlantEquipment": 38990800000, "otherAssets": 2047548300000, "deferredLongTermAssetCharges": 7480700000, "totalAssets": 3101409600000, "accountsPayable": 2601843900000, "shortLongTermDebt": 97048200000, "otherCurrentLiab": 4940000000, "longTermDebt": 111254900000, "otherLiab": 49981800000, "minorityInterest": 211700000, "totalCurrentLiabilities": 2712285400000, "totalLiab": 2873522100000, "commonStock": 6088000000, "retainedEarnings": 137036900000, "treasuryStock": 44284400000, "capitalSurplus": 40266500000, "otherStockholderEquity": 44284400000, "totalStockholderEquity": 227675800000, "netTangibleAssets": 227675800000}, {"maxAge": 1, "endDate": "2019-03-31", "cash": 93565000000, "inventory": 202600000, "otherCurrentAssets": 159481000000, "totalCurrentAssets": 253248600000, "longTermInvestments": 652715500000, "propertyPlantEquipment": 39649900000, "otherAssets": 1858268800000, "deferredLongTermAssetCharges": 13236600000, "totalAssets": 2803882800000, "accountsPayable": 2420408000000, "otherCurrentLiab": 11442000000, "longTermDebt": 121375400000, "otherLiab": 46310600000, "minorityInterest": 204600000, "totalCurrentLiabilities": 2438837600000, "totalLiab": 2606523600000, "commonStock": 4802900000, "retainedEarnings": 139805400000, "treasuryStock": 39289600000, "capitalSurplus": 13256700000, "otherStockholderEquity": 39289600000, "totalStockholderEquity": 197154600000, "netTangibleAssets": 197154600000}, {"maxAge": 1, "endDate": "2018-03-31", "cash": 29316000000, "inventory": 202600000, "otherCurrentAssets": 149496500000, "totalCurrentAssets": 179015100000, "longTermInvestments": 716191400000, "propertyPlantEquipment": 34220800000, "otherAssets": 1600386800000, "deferredLongTermAssetCharges": 7852900000, "totalAssets": 2529814100000, "accountsPayable": 2082618100000, "otherCurrentLiab": 14679200000, "longTermDebt": 197601700000, "otherLiab": 38370800000, "minorityInterest": 198700000, "totalCurrentLiabilities": 2106488500000, "totalLiab": 2342461000000, "commonStock": 4802900000, "retainedEarnings": 137447500000, "treasuryStock": 31647300000, "capitalSurplus": 13256700000, "otherStockholderEquity": 31647300000, "totalStockholderEquity": 187154400000, "netTangibleAssets": 187154400000}, {"maxAge": 1, "endDate": "2017-03-31", "cash": 46208900000, "inventory": 202600000, "otherCurrentAssets": 96377400000, "totalCurrentAssets": 142788900000, "longTermInvestments": 677811900000, "propertyPlantEquipment": 34466800000, "otherAssets": 1330006800000, "deferredLongTermAssetCharges": 42200000, "totalAssets": 2185074400000, "accountsPayable": 1824800400000, "otherCurrentLiab": 10976100000, "longTermDebt": 126368900000, "otherLiab": 39146000000, "minorityInterest": 191200000, "totalCurrentLiabilities": 1845029900000, "totalLiab": 2010544800000, "commonStock": 4802900000, "retainedEarnings": 124667800000, "treasuryStock": 31610900000, "capitalSurplus": 13256800000, "otherStockholderEquity": 31610900000, "totalStockholderEquity": 174338400000, "netTangibleAssets": 174338400000}], "maxAge": 86400}, "earningsTrend": {"trend": [{"maxAge": 1, "period": "0q", "endDate": "2018-12-31", "growth": {}, "earningsEstimate": {"avg": 0.0, "low": 0.0, "high": 0.0, "yearAgoEps": 6.31, "numberOfAnalysts": 0, "growth": {}}, "revenueEstimate": {"avg": 17495000000, "low": 17495000000, "high": 17495000000, "numberOfAnalysts": 1, "yearAgoRevenue": 16226900000, "growth": 0.078}, "epsTrend": {"current": 0.0, "7daysAgo": 0.0, "30daysAgo": 0.0, "60daysAgo": 0.0, "90daysAgo": 0.0}, "epsRevisions": {"upLast7days": 0, "upLast30days": 0, "downLast30days": 0, "downLast90days": {}}}, {"maxAge": 1, "period": "+1q", "endDate": "2019-03-31", "growth": {}, "earningsEstimate": {"avg": 0.0, "low": 0.0, "high": 0.0, "yearAgoEps": 10.99, "numberOfAnalysts": 0, "growth": {}}, "revenueEstimate": {"avg": 18533000000, "low": 18533000000, "high": 18533000000, "numberOfAnalysts": 1, "yearAgoRevenue": 16477100000, "growth": 0.125}, "epsTrend": {"current": 0.0, "7daysAgo": 0.0, "30daysAgo": 0.0, "60daysAgo": 0.0, "90daysAgo": 0.0}, "epsRevisions": {"upLast7days": 0, "upLast30days": 0, "downLast30days": 0, "downLast90days": {}}}, {"maxAge": 1, "period": "0y", "endDate": "2019-03-31", "growth": {}, "earningsEstimate": {"avg": 0.0, "low": 0.0, "high": 0.0, "yearAgoEps": {}, "numberOfAnalysts": 0, "growth": {}}, "revenueEstimate": {"avg": 72773800000, "low": 71407000000, "high": 74915000000, "numberOfAnalysts": 5, "yearAgoRevenue": 62635500000, "growth": 0.162}, "epsTrend": {"current": 0.0, "7daysAgo": 23.2, "30daysAgo": 23.2, "60daysAgo": 23.2, "90daysAgo": 23.2}, "epsRevisions": {"upLast7days": 0, "upLast30days": 0, "downLast30days": 0, "downLast90days": {}}}, {"maxAge": 1, "period": "+1y", "endDate": "2020-03-31", "growth": {}, "earningsEstimate": {"avg": 0.0, "low": 0.0, "high": 0.0, "yearAgoEps": {}, "numberOfAnalysts": 0, "growth": {}}, "revenueEstimate": {"avg": 86334000000, "low": 84729000000, "high": 89708000000, "numberOfAnalysts": 5, "yearAgoRevenue": 72773800000, "growth": 0.186}, "epsTrend": {"current": 0.0, "7daysAgo": 46.26, "30daysAgo": 46.26, "60daysAgo": 46.26, "90daysAgo": 46.26}, "epsRevisions": {"upLast7days": 0, "upLast30days": 0, "downLast30days": 0, "downLast90days": {}}}, {"maxAge": 1, "period": "+5y", "endDate": null, "growth": 0.21100001, "earningsEstimate": {"avg": {}, "low": {}, "high": {}, "yearAgoEps": {}, "numberOfAnalysts": {}, "growth": {}}, "revenueEstimate": {"avg": {}, "low": {}, "high": {}, "numberOfAnalysts": {}, "yearAgoRevenue": {}, "growth": {}}, "epsTrend": {"current": {}, "7daysAgo": {}, "30daysAgo": {}, "60daysAgo": {}, "90daysAgo": {}}, "epsRevisions": {"upLast7days": {}, "upLast30days": {}, "downLast30days": {}, "downLast90days": {}}}, {"maxAge": 1, "period": "-5y", "endDate": null, "growth": {}, "earningsEstimate": {"avg": {}, "low": {}, "high": {}, "yearAgoEps": {}, "numberOfAnalysts": {}, "growth": {}}, "revenueEstimate": {"avg": {}, "low": {}, "high": {}, "numberOfAnalysts": {}, "yearAgoRevenue": {}, "growth": {}}, "epsTrend": {"current": {}, "7daysAgo": {}, "30daysAgo": {}, "60daysAgo": {}, "90daysAgo": {}}, "epsRevisions": {"upLast7days": {}, "upLast30days": {}, "downLast30days": {}, "downLast90days": {}}}], "maxAge": 1}, "financialData": {"maxAge": 86400, "currentPrice": 109.95, "targetHighPrice": 350.0, "targetLowPrice": 255.0, "targetMeanPrice": 312.0, "targetMedianPrice": 320.0, "recommendationKey": "none", "numberOfAnalystOpinions": 5, "grossProfits": 58101500000, "financialCurrency": "INR"}}}