{"INDIANCARD.NS": {"assetProfile": {"address1": "Plot No. 265", "address2": "1st Floor MIDC Sector No.10 MIDC-Bhosari", "city": "Pune", "zip": "411026", "country": "India", "phone": "91 20 6132 6700", "fax": "91 20 6132 6731", "website": "http://www.cardindia.com", "industry": "Textile Manufacturing", "sector": "Consumer Cyclical", "longBusinessSummary": "The Indian Card Clothing Company Limited manufactures and sells card clothing products and accessories in India and internationally. It operates through Card Clothing and Real Estate segments. The company's products include cotton and synthetic products comprising cylinder wires, doffer wires, lickerin wires, and flat tops; metallic wires for non-woven cards; woolen, sundry, and fancy fillets; and rasing fillets and brush sheets for various fibres, yarn rasing fillets, humbugs, and hand cleaning cards. It also provides Accura carding systems for ERM and RSK; Accura carding elements; and XTRAC systems. The company was founded in 1955 and is based in Pune, India. The Indian Card Clothing Company Limited is a subsidiary of Multi Act Industrial Enterprises Limited.", "fullTimeEmployees": 242, "companyOfficers": [{"maxAge": 1, "name": "Mr. Alok  Misra B.Tech.", "age": 54, "title": "Chief Exec. Officer", "yearBorn": 1966, "fiscalYear": 2020, "totalPay": 7634000, "exercisedValue": 0, "unexercisedValue": 0}, {"maxAge": 1, "name": "Mr. Amogh Arun Barve B.Com., C.S., L.L.B.", "age": 40, "title": "Company Sec. and Head of Legal & Corp. Affairs", "yearBorn": 1980, "fiscalYear": 2020, "totalPay": 2212000, "exercisedValue": 0, "unexercisedValue": 0}, {"maxAge": 1, "name": "Prasad  Mahale", "age": 43, "title": "VP of Sales & Marketing", "yearBorn": 1977, "exercisedValue": 0, "unexercisedValue": 0}, {"maxAge": 1, "name": "Mr. Chandrakant  Patil", "title": "Chief Financial Officer", "exercisedValue": 0, "unexercisedValue": 0}, {"maxAge": 1, "name": "Kamaljeet  Singh", "title": "VP of Operations for Nalagarh", "exercisedValue": 0, "unexercisedValue": 0}, {"maxAge": 1, "name": "Vishal  Upadhye M.B.A.", "age": 36, "title": "Head of Human Resource & Admin.", "yearBorn": 1984, "exercisedValue": 0, "unexercisedValue": 0}, {"maxAge": 1, "name": "S.  Deviakumar", "age": 51, "title": "Regional Head & Head of Export", "yearBorn": 1969, "exercisedValue": 0, "unexercisedValue": 0}, {"maxAge": 1, "name": "Praveen Kumar Agarwal", "age": 43, "title": "VP of Operations - Nalagarh", "yearBorn": 1977, "fiscalYear": 2018, "exercisedValue": 0, "unexercisedValue": 0}, {"maxAge": 1, "name": "Yogesh  Deshpande B.E., M.B.A.", "age": 47, "title": "VP of SCM & Materials", "yearBorn": 1973, "fiscalYear": 2019, "exercisedValue": 0, "unexercisedValue": 0}, {"maxAge": 1, "name": "Vikul  Shaunak", "age": 45, "title": "VP of Operations - Nalagarh", "yearBorn": 1975, "fiscalYear": 2019, "exercisedValue": 0, "unexercisedValue": 0}], "compensationAsOfEpochDate": "2020-12-31 05:30:00", "maxAge": 86400}, "recommendationTrend": {"trend": [{"period": "0m", "strongBuy": 0, "buy": 0, "hold": 0, "sell": 0, "strongSell": 0}, {"period": "-1m", "strongBuy": 0, "buy": 0, "hold": 0, "sell": 0, "strongSell": 0}, {"period": "-2m", "strongBuy": 0, "buy": 0, "hold": 0, "sell": 0, "strongSell": 0}, {"period": "-3m", "strongBuy": 0, "buy": 0, "hold": 0, "sell": 0, "strongSell": 0}], "maxAge": 86400}, "cashflowStatementHistory": {"cashflowStatements": [{"maxAge": 1, "endDate": "2020-03-31", "netIncome": -50624000, "depreciation": 41526000, "changeToNetincome": -18397000, "changeToAccountReceivables": -2151000, "changeToLiabilities": -15494000, "changeToInventory": 28694000, "changeToOperatingActivities": -98502000, "totalCashFromOperatingActivities": -114661000, "capitalExpenditures": -39042000, "investments": 124577000, "otherCashflowsFromInvestingActivities": 11146000, "totalCashflowsFromInvestingActivities": 130228000, "dividendsPaid": -240000, "netBorrowings": 40920000, "otherCashflowsFromFinancingActivities": -16840000, "totalCashFromFinancingActivities": 23840000, "changeInCash": 39406000}, {"maxAge": 1, "endDate": "2019-03-31", "netIncome": -205431000, "depreciation": 42902000, "changeToNetincome": -1756000, "changeToAccountReceivables": 12178000, "changeToLiabilities": -47183000, "changeToInventory": 19546000, "changeToOperatingActivities": -165720000, "totalCashFromOperatingActivities": -345380000, "capitalExpenditures": -44615000, "investments": 392339000, "otherCashflowsFromInvestingActivities": 12803000, "totalCashflowsFromInvestingActivities": 360680000, "dividendsPaid": -779000, "netBorrowings": 5253000, "otherCashflowsFromFinancingActivities": -13281000, "totalCashFromFinancingActivities": -8807000, "changeInCash": 6492000}, {"maxAge": 1, "endDate": "2018-03-31", "netIncome": -182256000, "depreciation": 54289000, "changeToNetincome": -78232000, "changeToAccountReceivables": -23996000, "changeToLiabilities": 71296000, "changeToInventory": -18003000, "changeToOperatingActivities": 178335000, "totalCashFromOperatingActivities": 1579000, "capitalExpenditures": -3286000, "investments": -1109000, "otherCashflowsFromInvestingActivities": 19488000, "totalCashflowsFromInvestingActivities": 18781000, "dividendsPaid": -9168000, "netBorrowings": 16065000, "otherCashflowsFromFinancingActivities": -24246000, "totalCashFromFinancingActivities": -17349000, "changeInCash": 3011000}, {"maxAge": 1, "endDate": "2017-03-31", "netIncome": 86731000, "depreciation": 62139000, "changeToNetincome": -189436000, "changeToAccountReceivables": -4135000, "changeToLiabilities": 12234000, "changeToInventory": -33002000, "changeToOperatingActivities": -25814000, "totalCashFromOperatingActivities": -90377000, "capitalExpenditures": -60936000, "investments": -54638000, "otherCashflowsFromInvestingActivities": 14156000, "totalCashflowsFromInvestingActivities": 108757000, "dividendsPaid": -95111000, "netBorrowings": 28597000, "otherCashflowsFromFinancingActivities": -28777000, "totalCashFromFinancingActivities": -140802000, "changeInCash": -122422000}], "maxAge": 86400}, "indexTrend": {"maxAge": 1, "symbol": "SP5", "peRatio": 19.7411, "pegRatio": 1.34172, "estimates": [{"period": "0q", "growth": 0.549}, {"period": "+1q", "growth": 0.431}, {"period": "0y", "growth": 0.305}, {"period": "+1y", "growth": 0.109}, {"period": "+5y", "growth": 0.120865}, {"period": "-5y"}]}, "defaultKeyStatistics": {"maxAge": 1, "priceHint": 2, "enterpriseValue": 690416000, "profitMargins": -0.08939, "floatShares": 1233988, "sharesOutstanding": 5941120, "heldPercentInsiders": 0.72471, "heldPercentInstitutions": 0.0, "beta": 0.677935, "category": null, "bookValue": 121.503, "priceToBook": 1.0649942, "fundFamily": null, "legalType": null, "lastFiscalYearEnd": "2020-03-31 05:30:00", "nextFiscalYearEnd": "2022-03-31 05:30:00", "mostRecentQuarter": "2020-12-31 05:30:00", "earningsQuarterlyGrowth": 0.305, "netIncomeToCommon": -47537000, "trailingEps": -9.755, "lastSplitFactor": null, "enterpriseToRevenue": 1.298, "enterpriseToEbitda": -55.732}, "industryTrend": {"maxAge": 1, "symbol": null, "estimates": []}, "quoteType": {"exchange": "NSI", "quoteType": "EQUITY", "symbol": "INDIANCARD.NS", "underlyingSymbol": "INDIANCARD.NS", "shortName": "INDIAN CARD CLOTH", "longName": "The Indian Card Clothing Company Limited", "firstTradeDateEpochUtc": "2002-07-01 09:15:00", "timeZoneFullName": "Asia/Kolkata", "timeZoneShortName": "IST", "uuid": "a44464cd-a708-32a6-bcfd-e8c8b7baf8c6", "gmtOffSetMilliseconds": 19800000, "maxAge": 1}, "incomeStatementHistory": {"incomeStatementHistory": [{"maxAge": 1, "endDate": "2020-03-31", "totalRevenue": 613087000, "costOfRevenue": 216852000, "grossProfit": 396235000, "researchDevelopment": {}, "sellingGeneralAdministrative": 179854000, "nonRecurring": {}, "otherOperatingExpenses": 229678000, "totalOperatingExpenses": 668299000, "operatingIncome": -55212000, "totalOtherIncomeExpenseNet": 13797000, "ebit": -55212000, "interestExpense": -17908000, "incomeBeforeTax": -41415000, "incomeTaxExpense": 9609000, "minorityInterest": 53384000, "netIncomeFromContinuingOps": -51024000, "discontinuedOperations": {}, "extraordinaryItems": {}, "effectOfAccountingCharges": {}, "otherItems": {}, "netIncome": -50624000, "netIncomeApplicableToCommonShares": -50624000}, {"maxAge": 1, "endDate": "2019-03-31", "totalRevenue": 576053000, "costOfRevenue": 230149000, "grossProfit": 345904000, "researchDevelopment": {}, "sellingGeneralAdministrative": 196704000, "nonRecurring": {}, "otherOperatingExpenses": 296634000, "totalOperatingExpenses": 768701000, "operatingIncome": -192648000, "totalOtherIncomeExpenseNet": -3594000, "ebit": -192648000, "interestExpense": -15777000, "incomeBeforeTax": -196242000, "incomeTaxExpense": 8701000, "minorityInterest": 53785000, "netIncomeFromContinuingOps": -204943000, "discontinuedOperations": {}, "extraordinaryItems": {}, "effectOfAccountingCharges": {}, "otherItems": {}, "netIncome": -205431000, "netIncomeApplicableToCommonShares": -205431000}, {"maxAge": 1, "endDate": "2018-03-31", "totalRevenue": 715161000, "costOfRevenue": 255989000, "grossProfit": 459172000, "researchDevelopment": {}, "sellingGeneralAdministrative": 301735000, "nonRecurring": {}, "otherOperatingExpenses": 201939000, "totalOperatingExpenses": 823747000, "operatingIncome": -108586000, "totalOtherIncomeExpenseNet": -121417000, "ebit": -108586000, "interestExpense": -14207000, "incomeBeforeTax": -230003000, "incomeTaxExpense": -48587000, "minorityInterest": 53297000, "netIncomeFromContinuingOps": -181416000, "discontinuedOperations": {}, "extraordinaryItems": {}, "effectOfAccountingCharges": {}, "otherItems": {}, "netIncome": -182256000, "netIncomeApplicableToCommonShares": -182256000}, {"maxAge": 1, "endDate": "2017-03-31", "totalRevenue": 645362000, "costOfRevenue": 209556000, "grossProfit": 435806000, "researchDevelopment": {}, "sellingGeneralAdministrative": 255210000, "nonRecurring": {}, "otherOperatingExpenses": 222453000, "totalOperatingExpenses": 750264000, "operatingIncome": -104902000, "totalOtherIncomeExpenseNet": 220419000, "ebit": -104902000, "interestExpense": -8138000, "incomeBeforeTax": 115517000, "incomeTaxExpense": 29454000, "minorityInterest": 52457000, "netIncomeFromContinuingOps": 86063000, "discontinuedOperations": {}, "extraordinaryItems": {}, "effectOfAccountingCharges": {}, "otherItems": {}, "netIncome": 86731000, "netIncomeApplicableToCommonShares": 86731000}], "maxAge": 86400}, "fundOwnership": {"ownershipList": [], "maxAge": 1}, "summaryDetail": {"maxAge": 1, "priceHint": 2, "previousClose": 128.05, "open": 130.3, "dayLow": 127.1, "dayHigh": 130.45, "regularMarketPreviousClose": 128.05, "regularMarketOpen": 130.3, "regularMarketDayLow": 127.1, "regularMarketDayHigh": 130.45, "exDividendDate": "2017-08-03 05:30:00", "payoutRatio": 0.0, "beta": 0.677935, "volume": 1089, "regularMarketVolume": 1089, "averageVolume": 4416, "averageVolume10days": 3569, "averageDailyVolume10Day": 3569, "bid": 0.0, "ask": 0.0, "bidSize": 0, "askSize": 0, "marketCap": 777186688, "fiftyTwoWeekLow": 79.0, "fiftyTwoWeekHigh": 160.0, "priceToSalesTrailing12Months": 1.4614487, "fiftyDayAverage": 139.44849, "twoHundredDayAverage": 118.244286, "trailingAnnualDividendRate": 2.0, "trailingAnnualDividendYield": 0.015618899, "currency": "INR", "fromCurrency": null, "lastMarket": null, "algorithm": null, "tradeable": false}, "insiderHolders": {"holders": [{"maxAge": 1, "name": "Multi-Act Industrial Enterprises Ltd", "relation": "Promoter", "url": "", "transactionDescription": "Other", "latestTransDate": "2020-10-08", "positionDirect": 4000066, "positionDirectDate": "2020-10-08"}], "maxAge": 1}, "calendarEvents": {"maxAge": 1, "earnings": {"earningsDate": []}, "exDividendDate": "2017-08-03 05:30:00"}, "upgradeDowngradeHistory": {"history": [], "maxAge": 86400}, "price": {"maxAge": 1, "regularMarketChangePercent": 0.010542685, "regularMarketChange": 1.3499908, "regularMarketTime": "2021-04-30 15:29:38", "priceHint": 2, "regularMarketPrice": 129.4, "regularMarketDayHigh": 130.45, "regularMarketDayLow": 127.1, "regularMarketVolume": 1089, "averageDailyVolume10Day": 3569, "averageDailyVolume3Month": 4416, "regularMarketPreviousClose": 128.05, "regularMarketSource": "FREE_REALTIME", "regularMarketOpen": 130.3, "exchange": "NSI", "exchangeName": "NSE", "exchangeDataDelayedBy": 15, "marketState": "CLOSED", "quoteType": "EQUITY", "symbol": "INDIANCARD.NS", "underlyingSymbol": null, "shortName": "INDIAN CARD CLOTH", "longName": "The Indian Card Clothing Company Limited", "currency": "INR", "quoteSourceName": "Delayed Quote", "currencySymbol": "\u20b9", "fromCurrency": null, "lastMarket": null, "marketCap": 777186688}, "balanceSheetHistory": {"balanceSheetStatements": [{"maxAge": 1, "endDate": "2020-03-31", "cash": 68832000, "shortTermInvestments": 918000, "netReceivables": 116787000, "inventory": 137541000, "otherCurrentAssets": 77444000, "totalCurrentAssets": 474598000, "longTermInvestments": 51541000, "propertyPlantEquipment": 332478000, "intangibleAssets": 25000, "otherAssets": 143657000, "deferredLongTermAssetCharges": 35841000, "totalAssets": 1002299000, "accountsPayable": 91097000, "otherCurrentLiab": 41423000, "longTermDebt": 77276000, "otherLiab": 36793000, "minorityInterest": 53384000, "totalCurrentLiabilities": 242563000, "totalLiab": 360318000, "commonStock": 45511000, "retainedEarnings": 461428000, "treasuryStock": -9364000, "capitalSurplus": 91022000, "otherStockholderEquity": -9364000, "totalStockholderEquity": 588597000, "netTangibleAssets": 588572000}, {"maxAge": 1, "endDate": "2019-03-31", "cash": 29426000, "shortTermInvestments": 6327000, "netReceivables": 115680000, "inventory": 166235000, "otherCurrentAssets": 66431000, "totalCurrentAssets": 521899000, "longTermInvestments": 105846000, "propertyPlantEquipment": 346487000, "intangibleAssets": 312000, "otherAssets": 132964000, "deferredLongTermAssetCharges": 45165000, "totalAssets": 1107508000, "accountsPayable": 107017000, "shortLongTermDebt": 6658000, "otherCurrentLiab": 50591000, "longTermDebt": 22824000, "otherLiab": 107930000, "minorityInterest": 53785000, "totalCurrentLiabilities": 285096000, "totalLiab": 415850000, "commonStock": 45511000, "retainedEarnings": 512051000, "treasuryStock": -10711000, "capitalSurplus": 91022000, "otherStockholderEquity": -10711000, "totalStockholderEquity": 637873000, "netTangibleAssets": 637561000}, {"maxAge": 1, "endDate": "2018-03-31", "cash": 22934000, "shortTermInvestments": 15339000, "netReceivables": 138253000, "inventory": 185781000, "otherCurrentAssets": 45754000, "totalCurrentAssets": 903241000, "longTermInvestments": 126364000, "propertyPlantEquipment": 376974000, "otherAssets": 101826000, "deferredLongTermAssetCharges": 52504000, "totalAssets": 1508405000, "accountsPayable": 152140000, "shortLongTermDebt": 1559000, "otherCurrentLiab": 19260000, "longTermDebt": 9135000, "otherLiab": 120584000, "minorityInterest": 53297000, "totalCurrentLiabilities": 479872000, "totalLiab": 609591000, "commonStock": 45511000, "retainedEarnings": 717483000, "treasuryStock": -8499000, "capitalSurplus": 91022000, "otherStockholderEquity": -8499000, "totalStockholderEquity": 845517000, "netTangibleAssets": 845517000}, {"maxAge": 1, "endDate": "2017-03-31", "cash": 19923000, "shortTermInvestments": 578792000, "netReceivables": 120329000, "inventory": 167778000, "otherCurrentAssets": 6333000, "totalCurrentAssets": 908283000, "longTermInvestments": 73518000, "propertyPlantEquipment": 435413000, "intangibleAssets": 99000, "otherAssets": 63988000, "deferredLongTermAssetCharges": 2113000, "totalAssets": 1481301000, "accountsPayable": 101926000, "shortLongTermDebt": 8763000, "otherCurrentLiab": 41349000, "longTermDebt": 2752000, "otherLiab": 110186000, "minorityInterest": 52457000, "totalCurrentLiabilities": 273394000, "totalLiab": 386332000, "commonStock": 45511000, "retainedEarnings": 910693000, "treasuryStock": -4714000, "capitalSurplus": 91022000, "otherStockholderEquity": -4714000, "totalStockholderEquity": 1042512000, "netTangibleAssets": 1042413000}], "maxAge": 86400}, "earningsTrend": {"trend": [{"maxAge": 1, "period": "0q", "endDate": null, "growth": {}, "earningsEstimate": {"avg": 0.0, "low": 0.0, "high": 0.0, "yearAgoEps": {}, "numberOfAnalysts": 0, "growth": {}}, "revenueEstimate": {"avg": 0, "low": 0, "high": 0, "numberOfAnalysts": 0, "yearAgoRevenue": {}, "growth": {}}, "epsTrend": {"current": 0.0, "7daysAgo": 0.0, "30daysAgo": 0.0, "60daysAgo": 0.0, "90daysAgo": 0.0}, "epsRevisions": {"upLast7days": 0, "upLast30days": 0, "downLast30days": 0, "downLast90days": {}}}, {"maxAge": 1, "period": "+1q", "endDate": null, "growth": {}, "earningsEstimate": {"avg": 0.0, "low": 0.0, "high": 0.0, "yearAgoEps": {}, "numberOfAnalysts": 0, "growth": {}}, "revenueEstimate": {"avg": 0, "low": 0, "high": 0, "numberOfAnalysts": 0, "yearAgoRevenue": {}, "growth": {}}, "epsTrend": {"current": 0.0, "7daysAgo": 0.0, "30daysAgo": 0.0, "60daysAgo": 0.0, "90daysAgo": 0.0}, "epsRevisions": {"upLast7days": 0, "upLast30days": 0, "downLast30days": 0, "downLast90days": {}}}, {"maxAge": 1, "period": "0y", "endDate": null, "growth": {}, "earningsEstimate": {"avg": 0.0, "low": 0.0, "high": 0.0, "yearAgoEps": {}, "numberOfAnalysts": 0, "growth": {}}, "revenueEstimate": {"avg": 0, "low": 0, "high": 0, "numberOfAnalysts": 0, "yearAgoRevenue": {}, "growth": {}}, "epsTrend": {"current": 0.0, "7daysAgo": 0.0, "30daysAgo": 0.0, "60daysAgo": 0.0, "90daysAgo": 0.0}, "epsRevisions": {"upLast7days": 0, "upLast30days": 0, "downLast30days": 0, "downLast90days": {}}}, {"maxAge": 1, "period": "+1y", "endDate": null, "growth": {}, "earningsEstimate": {"avg": 0.0, "low": 0.0, "high": 0.0, "yearAgoEps": {}, "numberOfAnalysts": 0, "growth": {}}, "revenueEstimate": {"avg": 0, "low": 0, "high": 0, "numberOfAnalysts": 0, "yearAgoRevenue": {}, "growth": {}}, "epsTrend": {"current": 0.0, "7daysAgo": 0.0, "30daysAgo": 0.0, "60daysAgo": 0.0, "90daysAgo": 0.0}, "epsRevisions": {"upLast7days": 0, "upLast30days": 0, "downLast30days": 0, "downLast90days": {}}}, {"maxAge": 1, "period": "+5y", "endDate": null, "growth": {}, "earningsEstimate": {"avg": {}, "low": {}, "high": {}, "yearAgoEps": {}, "numberOfAnalysts": {}, "growth": {}}, "revenueEstimate": {"avg": {}, "low": {}, "high": {}, "numberOfAnalysts": {}, "yearAgoRevenue": {}, "growth": {}}, "epsTrend": {"current": {}, "7daysAgo": {}, "30daysAgo": {}, "60daysAgo": {}, "90daysAgo": {}}, "epsRevisions": {"upLast7days": {}, "upLast30days": {}, "downLast30days": {}, "downLast90days": {}}}, {"maxAge": 1, "period": "-5y", "endDate": null, "growth": {}, "earningsEstimate": {"avg": {}, "low": {}, "high": {}, "yearAgoEps": {}, "numberOfAnalysts": {}, "growth": {}}, "revenueEstimate": {"avg": {}, "low": {}, "high": {}, "numberOfAnalysts": {}, "yearAgoRevenue": {}, "growth": {}}, "epsTrend": {"current": {}, "7daysAgo": {}, "30daysAgo": {}, "60daysAgo": {}, "90daysAgo": {}}, "epsRevisions": {"upLast7days": {}, "upLast30days": {}, "downLast30days": {}, "downLast90days": {}}}], "maxAge": 1}, "institutionOwnership": {"ownershipList": [], "maxAge": 1}, "majorHoldersBreakdown": {"maxAge": 1, "insidersPercentHeld": 0.72471, "institutionsPercentHeld": 0.0, "institutionsFloatPercentHeld": 0.0, "institutionsCount": 0}, "balanceSheetHistoryQuarterly": {"balanceSheetStatements": [{"maxAge": 1, "endDate": "2020-12-31", "totalStockholderEquity": 553218000, "netTangibleAssets": 553218000}, {"maxAge": 1, "endDate": "2020-09-30", "cash": 119413000, "shortTermInvestments": 104203000, "netReceivables": 94214000, "inventory": 128966000, "otherCurrentAssets": 45378000, "totalCurrentAssets": 492174000, "longTermInvestments": 52244000, "propertyPlantEquipment": 316070000, "otherAssets": 135660000, "deferredLongTermAssetCharges": 33041000, "totalAssets": 996148000, "accountsPayable": 73452000, "otherCurrentLiab": 60439000, "longTermDebt": 173961000, "otherLiab": 31159000, "minorityInterest": 52624000, "totalCurrentLiabilities": 185186000, "totalLiab": 390306000, "commonStock": 45511000, "treasuryStock": 507707000, "otherStockholderEquity": 507707000, "totalStockholderEquity": 553218000, "netTangibleAssets": 553218000}, {"maxAge": 1, "endDate": "2020-06-30", "totalStockholderEquity": 588597000, "netTangibleAssets": 588572000}, {"maxAge": 1, "endDate": "2020-03-31", "cash": 68832000, "shortTermInvestments": 918000, "netReceivables": 116787000, "inventory": 137541000, "otherCurrentAssets": 77444000, "totalCurrentAssets": 474598000, "longTermInvestments": 51541000, "propertyPlantEquipment": 332478000, "intangibleAssets": 25000, "otherAssets": 143657000, "deferredLongTermAssetCharges": 35841000, "totalAssets": 1002299000, "accountsPayable": 91097000, "otherCurrentLiab": 41423000, "longTermDebt": 77276000, "otherLiab": 36793000, "minorityInterest": 53384000, "totalCurrentLiabilities": 242563000, "totalLiab": 360318000, "commonStock": 45511000, "retainedEarnings": 461428000, "treasuryStock": -9364000, "capitalSurplus": 91022000, "otherStockholderEquity": -9364000, "totalStockholderEquity": 588597000, "netTangibleAssets": 588572000}], "maxAge": 86400}, "earningsHistory": {"history": [{"maxAge": 1, "epsActual": {}, "epsEstimate": {}, "epsDifference": {}, "surprisePercent": {}, "quarter": {}, "period": "-4q"}, {"maxAge": 1, "epsActual": {}, "epsEstimate": {}, "epsDifference": {}, "surprisePercent": {}, "quarter": {}, "period": "-3q"}, {"maxAge": 1, "epsActual": {}, "epsEstimate": {}, "epsDifference": {}, "surprisePercent": {}, "quarter": {}, "period": "-2q"}, {"maxAge": 1, "epsActual": {}, "epsEstimate": {}, "epsDifference": {}, "surprisePercent": {}, "quarter": {}, "period": "-1q"}], "maxAge": 86400}, "summaryProfile": {"address1": "Plot No. 265", "address2": "1st Floor MIDC Sector No.10 MIDC-Bhosari", "city": "Pune", "zip": "411026", "country": "India", "phone": "91 20 6132 6700", "fax": "91 20 6132 6731", "website": "http://www.cardindia.com", "industry": "Textile Manufacturing", "sector": "Consumer Cyclical", "longBusinessSummary": "The Indian Card Clothing Company Limited manufactures and sells card clothing products and accessories in India and internationally. It operates through Card Clothing and Real Estate segments. The company's products include cotton and synthetic products comprising cylinder wires, doffer wires, lickerin wires, and flat tops; metallic wires for non-woven cards; woolen, sundry, and fancy fillets; and rasing fillets and brush sheets for various fibres, yarn rasing fillets, humbugs, and hand cleaning cards. It also provides Accura carding systems for ERM and RSK; Accura carding elements; and XTRAC systems. The company was founded in 1955 and is based in Pune, India. The Indian Card Clothing Company Limited is a subsidiary of Multi Act Industrial Enterprises Limited.", "fullTimeEmployees": 242, "companyOfficers": [], "maxAge": 86400}, "netSharePurchaseActivity": {"maxAge": 1, "period": "6m", "buyInfoCount": 0, "buyInfoShares": 0, "sellInfoCount": 0, "netInfoCount": 0, "netInfoShares": 0, "netPercentInsiderShares": 0.0, "totalInsiderShares": 3613266}, "insiderTransactions": {"transactions": [{"maxAge": 1, "shares": 1390000, "value": 1991313, "filerUrl": "", "transactionText": "Other at price 1.43 per share.", "filerName": "Multi-Act Industrial Enterprises Ltd", "filerRelation": "Promoter", "moneyText": "", "startDate": "2020-10-08", "ownership": "D"}], "maxAge": 1}, "sectorTrend": {"maxAge": 1, "symbol": null, "estimates": []}, "incomeStatementHistoryQuarterly": {"incomeStatementHistory": [{"maxAge": 1, "endDate": "2020-12-31", "totalRevenue": 148446000, "costOfRevenue": 48772000, "grossProfit": 99674000, "researchDevelopment": {}, "sellingGeneralAdministrative": 44461000, "nonRecurring": {}, "otherOperatingExpenses": 47558000, "totalOperatingExpenses": 150884000, "operatingIncome": -2438000, "totalOtherIncomeExpenseNet": 11551000, "ebit": -2438000, "interestExpense": -3127000, "incomeBeforeTax": 9113000, "incomeTaxExpense": 2024000, "minorityInterest": {}, "netIncomeFromContinuingOps": 7089000, "discontinuedOperations": {}, "extraordinaryItems": {}, "effectOfAccountingCharges": {}, "otherItems": {}, "netIncome": 7379000, "netIncomeApplicableToCommonShares": 7379000}, {"maxAge": 1, "endDate": "2020-09-30", "totalRevenue": 123390000, "costOfRevenue": 40808000, "grossProfit": 82582000, "researchDevelopment": {}, "sellingGeneralAdministrative": 35519000, "nonRecurring": {}, "otherOperatingExpenses": 48200000, "totalOperatingExpenses": 133601000, "operatingIncome": -10211000, "totalOtherIncomeExpenseNet": -467000, "ebit": -10211000, "interestExpense": -3266000, "incomeBeforeTax": -10678000, "incomeTaxExpense": 1342000, "minorityInterest": 52624000, "netIncomeFromContinuingOps": -12020000, "discontinuedOperations": {}, "extraordinaryItems": {}, "effectOfAccountingCharges": {}, "otherItems": {}, "netIncome": -11656000, "netIncomeApplicableToCommonShares": -11656000}, {"maxAge": 1, "endDate": "2020-06-30", "totalRevenue": 83984000, "costOfRevenue": 27349000, "grossProfit": 56635000, "researchDevelopment": {}, "sellingGeneralAdministrative": 32311000, "nonRecurring": {}, "otherOperatingExpenses": 36577000, "totalOperatingExpenses": 105694000, "operatingIncome": -21710000, "totalOtherIncomeExpenseNet": -1220000, "ebit": -21710000, "interestExpense": -6103000, "incomeBeforeTax": -22930000, "incomeTaxExpense": 1318000, "minorityInterest": 52624000, "netIncomeFromContinuingOps": -24248000, "discontinuedOperations": {}, "extraordinaryItems": {}, "effectOfAccountingCharges": {}, "otherItems": {}, "netIncome": -23851000, "netIncomeApplicableToCommonShares": -23851000}, {"maxAge": 1, "endDate": "2020-03-31", "totalRevenue": 161578000, "costOfRevenue": 66392000, "grossProfit": 95186000, "researchDevelopment": {}, "sellingGeneralAdministrative": 52988000, "nonRecurring": {}, "otherOperatingExpenses": 43195000, "totalOperatingExpenses": 173981000, "operatingIncome": -12403000, "totalOtherIncomeExpenseNet": -5357000, "ebit": -12403000, "interestExpense": -6103000, "incomeBeforeTax": -17760000, "incomeTaxExpense": 2261000, "minorityInterest": 53384000, "netIncomeFromContinuingOps": -20021000, "discontinuedOperations": {}, "extraordinaryItems": {}, "effectOfAccountingCharges": {}, "otherItems": {}, "netIncome": -18806000, "netIncomeApplicableToCommonShares": -18806000}], "maxAge": 86400}, "cashflowStatementHistoryQuarterly": {"cashflowStatements": [{"maxAge": 1, "endDate": "2020-12-31", "netIncome": 7379000, "changeToLiabilities": 0}, {"maxAge": 1, "endDate": "2020-09-30", "netIncome": -11656000, "changeToLiabilities": 0}, {"maxAge": 1, "endDate": "2020-06-30", "netIncome": -23851000, "changeToLiabilities": 0}, {"maxAge": 1, "endDate": "2020-03-31", "netIncome": -18806000, "changeToLiabilities": 0}], "maxAge": 86400}, "earnings": {"maxAge": 86400, "earningsChart": {"quarterly": [], "earningsDate": []}, "financialsChart": {"yearly": [{"date": 2017, "revenue": 645362000, "earnings": 86731000}, {"date": 2018, "revenue": 715161000, "earnings": -182256000}, {"date": 2019, "revenue": 576053000, "earnings": -205431000}, {"date": 2020, "revenue": 613087000, "earnings": -50624000}], "quarterly": [{"date": "1Q2020", "revenue": 161578000, "earnings": -18806000}, {"date": "2Q2020", "revenue": 83984000, "earnings": -23851000}, {"date": "3Q2020", "revenue": 123390000, "earnings": -11656000}, {"date": "4Q2020", "revenue": 148446000, "earnings": 7379000}]}, "financialCurrency": "INR"}, "financialData": {"maxAge": 86400, "currentPrice": 129.4, "recommendationKey": "none", "totalCash": 223616000, "totalCashPerShare": 44.85, "ebitda": -12388250, "totalDebt": 222975008, "totalRevenue": 531792000, "debtToEquity": 36.804, "revenuePerShare": 109.128, "grossProfits": 396235000, "earningsGrowth": 0.194, "revenueGrowth": 0.074, "grossMargins": 0.64628, "ebitdaMargins": -0.02329, "operatingMargins": -0.089779995, "profitMargins": -0.08939, "financialCurrency": "INR"}}}