{"INDINFO.BO": {"cashflowStatementHistory": {"cashflowStatements": [{"maxAge": 1, "endDate": "2020-03-31", "netIncome": -49910000, "depreciation": 103209000, "changeToNetincome": -55949000, "changeToLiabilities": -1758000, "changeToOperatingActivities": -50703000, "totalCashFromOperatingActivities": -55111000, "otherCashflowsFromInvestingActivities": 126872000, "totalCashflowsFromInvestingActivities": 126872000, "otherCashflowsFromFinancingActivities": -71530000, "totalCashFromFinancingActivities": -71530000, "changeInCash": 231000}, {"maxAge": 1, "endDate": "2019-03-31", "netIncome": 8217159, "depreciation": 103208600, "changeToNetincome": -115647870, "changeToLiabilities": 1188890, "changeToOperatingActivities": 310698731, "totalCashFromOperatingActivities": 307665510, "investments": -412900000, "otherCashflowsFromInvestingActivities": 126872000, "totalCashflowsFromInvestingActivities": -412900000, "netBorrowings": -5371000, "otherCashflowsFromFinancingActivities": 110118274, "totalCashFromFinancingActivities": 104747274, "changeInCash": -487216}, {"maxAge": 1, "endDate": "2018-03-31", "netIncome": 9111726, "depreciation": 103243788, "changeToNetincome": -115173928, "changeToLiabilities": -87803563, "changeToOperatingActivities": -24139913, "totalCashFromOperatingActivities": -114761890, "investments": -412900000, "otherCashflowsFromInvestingActivities": 126872000, "totalCashflowsFromInvestingActivities": -412900000, "netBorrowings": 5371000, "otherCashflowsFromFinancingActivities": 105536741, "totalCashFromFinancingActivities": 110907741, "changeInCash": -3854149}, {"maxAge": 1, "endDate": "2017-03-31", "netIncome": -5305078, "depreciation": 103249948, "changeToNetincome": -145653374, "changeToLiabilities": 83215360, "changeToOperatingActivities": 215851650, "totalCashFromOperatingActivities": 251358506, "investments": -412900000, "otherCashflowsFromInvestingActivities": 126872000, "totalCashflowsFromInvestingActivities": -412900000, "netBorrowings": -417395561, "otherCashflowsFromFinancingActivities": 153622162, "totalCashFromFinancingActivities": -263773399, "changeInCash": -12414895}], "maxAge": 86400}, "institutionOwnership": {"maxAge": 1, "ownershipList": []}, "balanceSheetHistoryQuarterly": {"balanceSheetStatements": [{"maxAge": 1, "endDate": "2020-06-30", "totalStockholderEquity": 2416062000, "netTangibleAssets": 2312853000}, {"maxAge": 1, "endDate": "2020-03-31", "cash": 244000, "netReceivables": 1862802000, "inventory": 417025000, "otherCurrentAssets": 25346000, "totalCurrentAssets": 2305417000, "goodWill": 103209000, "otherAssets": 12560000, "deferredLongTermAssetCharges": 12560000, "totalAssets": 2421186000, "accountsPayable": 275000, "otherCurrentLiab": 192000, "otherLiab": 4657000, "totalCurrentLiabilities": 467000, "totalLiab": 5124000, "commonStock": 1005590000, "treasuryStock": 1410472000, "otherStockholderEquity": 1410472000, "totalStockholderEquity": 2416062000, "netTangibleAssets": 2312853000}, {"maxAge": 1, "endDate": "2019-12-31", "totalStockholderEquity": 2476901000, "netTangibleAssets": 2322088000}, {"maxAge": 1, "endDate": "2019-09-30", "cash": 314000, "netReceivables": 1904076000, "totalCurrentAssets": 1904390000, "longTermInvestments": 417025000, "intangibleAssets": 154813000, "otherAssets": 7888000, "totalAssets": 2484116000, "accountsPayable": 859000, "otherCurrentLiab": 808000, "otherLiab": 5548000, "totalCurrentLiabilities": 1667000, "totalLiab": 7215000, "commonStock": 1005590000, "treasuryStock": 1471311000, "otherStockholderEquity": 1471311000, "totalStockholderEquity": 2476901000, "netTangibleAssets": 2322088000}], "maxAge": 86400}, "indexTrend": {"maxAge": 1, "symbol": "SP5", "peRatio": 19.7411, "pegRatio": 1.34172, "estimates": [{"period": "0q", "growth": 0.549}, {"period": "+1q", "growth": 0.431}, {"period": "0y", "growth": 0.305}, {"period": "+1y", "growth": 0.109}, {"period": "+5y", "growth": 0.120859005}, {"period": "-5y"}]}, "insiderTransactions": {"transactions": [{"maxAge": 1, "shares": 5200000, "filerUrl": "", "transactionText": "", "filerName": "Mahamaya Financial Consultants Pvt. Ltd.", "filerRelation": "Promoter", "moneyText": "", "startDate": "2016-03-31", "ownership": "D"}, {"maxAge": 1, "shares": 5830800, "filerUrl": "", "transactionText": "", "filerName": "Generosity Share Trading Pvt Ltd", "filerRelation": "Promoter", "moneyText": "", "startDate": "2016-03-22", "ownership": "D"}, {"maxAge": 1, "shares": 10000000, "filerUrl": "", "transactionText": "", "filerName": "Generosity Share Trading Pvt Ltd", "filerRelation": "Promoter", "moneyText": "", "startDate": "2016-03-15", "ownership": "D"}, {"maxAge": 1, "shares": 29300000, "filerUrl": "", "transactionText": "", "filerName": "Mahamaya Financial Consultants Pvt. Ltd.", "filerRelation": "Promoter", "moneyText": "", "startDate": "2016-03-14", "ownership": "D"}, {"maxAge": 1, "shares": 18000000, "filerUrl": "", "transactionText": "", "filerName": "Mahamaya Financial Consultants Pvt. Ltd.", "filerRelation": "Promoter", "moneyText": "", "startDate": "2016-03-14", "ownership": "D"}, {"maxAge": 1, "shares": 152985, "filerUrl": "", "transactionText": "", "filerName": "Evergreen Trafin Pvt Ltd", "filerRelation": "Institution- Corporation", "moneyText": "", "startDate": "2012-10-23", "ownership": "D"}, {"maxAge": 1, "shares": 245000, "filerUrl": "", "transactionText": "", "filerName": "Evergreen Trafin Pvt Ltd", "filerRelation": "Institution- Corporation", "moneyText": "", "startDate": "2012-10-19", "ownership": "D"}, {"maxAge": 1, "shares": 78000, "filerUrl": "", "transactionText": "", "filerName": "Evergreen Trafin Pvt Ltd", "filerRelation": "Institution- Corporation", "moneyText": "", "startDate": "2012-10-18", "ownership": "D"}, {"maxAge": 1, "shares": 317150, "filerUrl": "", "transactionText": "", "filerName": "Chemo Pharma Laboratories, Ltd.", "filerRelation": "Institution- Corporation", "moneyText": "", "startDate": "2010-12-08", "ownership": "D"}, {"maxAge": 1, "shares": 300000, "filerUrl": "", "transactionText": "", "filerName": "Shree Consultations Services Pvt Ltd", "filerRelation": "Institution- Corporation", "moneyText": "", "startDate": "2010-03-09", "ownership": "D"}, {"maxAge": 1, "shares": 300000, "filerUrl": "", "transactionText": "", "filerName": "Tecil Chemicals & Hydro Power, Ltd.", "filerRelation": "Institution- Corporation", "moneyText": "", "startDate": "2010-03-09", "ownership": "D"}, {"maxAge": 1, "shares": 457650, "filerUrl": "", "transactionText": "", "filerName": "Chemo Pharma Laboratories, Ltd.", "filerRelation": "Institution- Corporation", "moneyText": "", "startDate": "2009-04-03", "ownership": "D"}, {"maxAge": 1, "shares": 457650, "filerUrl": "", "transactionText": "", "filerName": "Ravindra Trading & Agencies Ltd", "filerRelation": "Institution- Corporation", "moneyText": "", "startDate": "2009-04-03", "ownership": "D"}], "maxAge": 1}, "quoteType": {"exchange": "BSE", "quoteType": "EQUITY", "symbol": "INDINFO.BO", "underlyingSymbol": "INDINFO.BO", "shortName": "INDIAN INFOTECH & SOFTWARE LTD", "longName": "Indian Infotech and Software Limited", "firstTradeDateEpochUtc": "2010-07-26 09:15:00", "timeZoneFullName": "Asia/Kolkata", "timeZoneShortName": "IST", "uuid": "95d7da92-b912-3afc-830a-bd63a934d117", "messageBoardId": null, "gmtOffSetMilliseconds": 19800000, "maxAge": 1}, "incomeStatementHistory": {"incomeStatementHistory": [{"maxAge": 1, "endDate": "2020-03-31", "totalRevenue": 55342000, "costOfRevenue": 0, "grossProfit": 55342000, "researchDevelopment": {}, "sellingGeneralAdministrative": 1850000, "nonRecurring": {}, "otherOperatingExpenses": 2982000, "totalOperatingExpenses": 108041000, "operatingIncome": -52699000, "totalOtherIncomeExpenseNet": 2181000, "ebit": 0, "interestExpense": {}, "incomeBeforeTax": -50518000, "incomeTaxExpense": -608000, "minorityInterest": {}, "netIncomeFromContinuingOps": -49910000, "discontinuedOperations": {}, "extraordinaryItems": {}, "effectOfAccountingCharges": {}, "otherItems": {}, "netIncome": -49910000, "netIncomeApplicableToCommonShares": -49910000}, {"maxAge": 1, "endDate": "2019-03-31", "totalRevenue": 110118274, "costOfRevenue": 0, "grossProfit": 110118274, "researchDevelopment": {}, "sellingGeneralAdministrative": 2197702, "nonRecurring": {}, "otherOperatingExpenses": 3235617, "totalOperatingExpenses": 108641919, "operatingIncome": 1476355, "totalOtherIncomeExpenseNet": 1211209, "ebit": 0, "interestExpense": {}, "incomeBeforeTax": 2687564, "incomeTaxExpense": -5529595, "minorityInterest": {}, "netIncomeFromContinuingOps": 8217159, "discontinuedOperations": {}, "extraordinaryItems": {}, "effectOfAccountingCharges": {}, "otherItems": {}, "netIncome": 8217159, "netIncomeApplicableToCommonShares": 8217159}, {"maxAge": 1, "endDate": "2018-03-31", "totalRevenue": 105536741, "costOfRevenue": 0, "grossProfit": 105536741, "researchDevelopment": {}, "sellingGeneralAdministrative": 1966770, "nonRecurring": {}, "otherOperatingExpenses": 851644, "totalOperatingExpenses": 106062202, "operatingIncome": -525461, "totalOtherIncomeExpenseNet": 0, "ebit": 0, "interestExpense": {}, "incomeBeforeTax": -525461, "incomeTaxExpense": -9637187, "minorityInterest": {}, "netIncomeFromContinuingOps": 9111726, "discontinuedOperations": {}, "extraordinaryItems": {}, "effectOfAccountingCharges": {}, "otherItems": {}, "netIncome": 9111726, "netIncomeApplicableToCommonShares": 9111726}, {"maxAge": 1, "endDate": "2017-03-31", "totalRevenue": 153622162, "costOfRevenue": 0, "grossProfit": 153622162, "researchDevelopment": {}, "sellingGeneralAdministrative": 1973044, "nonRecurring": {}, "otherOperatingExpenses": 45735460, "totalOperatingExpenses": 150958452, "operatingIncome": 2663710, "totalOtherIncomeExpenseNet": 0, "ebit": 0, "interestExpense": {}, "incomeBeforeTax": 2663710, "incomeTaxExpense": 7968788, "minorityInterest": {}, "netIncomeFromContinuingOps": -5305078, "discontinuedOperations": {}, "extraordinaryItems": {}, "effectOfAccountingCharges": {}, "otherItems": {}, "netIncome": -5305078, "netIncomeApplicableToCommonShares": -5305078}], "maxAge": 86400}, "fundOwnership": {"maxAge": 1, "ownershipList": []}, "summaryDetail": {"maxAge": 1, "priceHint": 4, "previousClose": 0.42, "open": 0.42, "dayLow": 0.4, "dayHigh": 0.43, "regularMarketPreviousClose": 0.42, "regularMarketOpen": 0.42, "regularMarketDayLow": 0.4, "regularMarketDayHigh": 0.43, "volume": 1324776, "regularMarketVolume": 1324776, "averageVolume": 2686456, "averageVolume10days": 1283149, "averageDailyVolume10Day": 1283149, "bid": 0.41, "ask": 0.42, "bidSize": 0, "askSize": 0, "marketCap": 411410400, "fiftyTwoWeekLow": 0.15, "fiftyTwoWeekHigh": 0.62, "fiftyDayAverage": 0.502, "twoHundredDayAverage": 0.28364962, "currency": "INR", "fromCurrency": null, "toCurrency": null, "lastMarket": null, "algorithm": null, "tradeable": false}, "incomeStatementHistoryQuarterly": {"incomeStatementHistory": [{"maxAge": 1, "endDate": "2020-06-30", "totalRevenue": 30000000, "costOfRevenue": 0, "grossProfit": 30000000, "researchDevelopment": {}, "sellingGeneralAdministrative": 425000, "nonRecurring": {}, "otherOperatingExpenses": 898000, "totalOperatingExpenses": 27125000, "operatingIncome": 2875000, "totalOtherIncomeExpenseNet": 0, "ebit": 0, "interestExpense": {}, "incomeBeforeTax": 2875000, "incomeTaxExpense": 0, "minorityInterest": {}, "netIncomeFromContinuingOps": 2875000, "discontinuedOperations": {}, "extraordinaryItems": {}, "effectOfAccountingCharges": {}, "otherItems": {}, "netIncome": 2875000, "netIncomeApplicableToCommonShares": 2875000}, {"maxAge": 1, "endDate": "2020-03-31", "totalRevenue": -29033000, "costOfRevenue": 0, "grossProfit": -29033000, "researchDevelopment": {}, "sellingGeneralAdministrative": 456000, "nonRecurring": {}, "otherOperatingExpenses": 1082000, "totalOperatingExpenses": 27341000, "operatingIncome": -56374000, "totalOtherIncomeExpenseNet": 2181000, "ebit": 0, "interestExpense": {}, "incomeBeforeTax": -54193000, "incomeTaxExpense": -608000, "minorityInterest": {}, "netIncomeFromContinuingOps": -53585000, "discontinuedOperations": {}, "extraordinaryItems": {}, "effectOfAccountingCharges": {}, "otherItems": {}, "netIncome": -53585000, "netIncomeApplicableToCommonShares": -53585000}, {"maxAge": 1, "endDate": "2019-12-31", "totalRevenue": 28125000, "costOfRevenue": 0, "grossProfit": 28125000, "researchDevelopment": {}, "sellingGeneralAdministrative": 475000, "nonRecurring": {}, "otherOperatingExpenses": 460000, "totalOperatingExpenses": 26737000, "operatingIncome": 1388000, "totalOtherIncomeExpenseNet": 0, "ebit": 0, "interestExpense": {}, "incomeBeforeTax": 1388000, "incomeTaxExpense": 0, "minorityInterest": {}, "netIncomeFromContinuingOps": 1388000, "discontinuedOperations": {}, "extraordinaryItems": {}, "effectOfAccountingCharges": {}, "otherItems": {}, "netIncome": 1388000, "netIncomeApplicableToCommonShares": 1388000}, {"maxAge": 1, "endDate": "2019-09-30", "totalRevenue": 28125000, "costOfRevenue": 0, "grossProfit": 28125000, "researchDevelopment": {}, "sellingGeneralAdministrative": 459000, "nonRecurring": {}, "otherOperatingExpenses": 945000, "totalOperatingExpenses": 27206000, "operatingIncome": 919000, "totalOtherIncomeExpenseNet": 0, "ebit": 0, "interestExpense": {}, "incomeBeforeTax": 919000, "incomeTaxExpense": 0, "minorityInterest": {}, "netIncomeFromContinuingOps": 919000, "discontinuedOperations": {}, "extraordinaryItems": {}, "effectOfAccountingCharges": {}, "otherItems": {}, "netIncome": 919000, "netIncomeApplicableToCommonShares": 919000}], "maxAge": 86400}, "cashflowStatementHistoryQuarterly": {"cashflowStatements": [{"maxAge": 1, "endDate": "2020-06-30", "netIncome": 2875000, "changeToLiabilities": 0}, {"maxAge": 1, "endDate": "2020-03-31", "netIncome": -53585000, "changeToLiabilities": 0}, {"maxAge": 1, "endDate": "2019-12-31", "netIncome": 1388000, "changeToLiabilities": 0}, {"maxAge": 1, "endDate": "2019-09-30", "netIncome": 919000, "changeToLiabilities": 0}], "maxAge": 86400}, "insiderHolders": {"holders": [{"maxAge": 1, "name": "Chemo Pharma Laboratories, Ltd.", "relation": "Institution- Corporation", "url": "", "transactionDescription": "Acquisition", "latestTransDate": "2010-12-08", "positionDirect": 2188300, "positionDirectDate": "2010-12-08"}, {"maxAge": 1, "name": "Evergreen Trafin Pvt Ltd", "relation": "Institution- Corporation", "url": "", "transactionDescription": "Acquisition", "latestTransDate": "2012-10-23", "positionDirect": 475985, "positionDirectDate": "2012-10-23"}, {"maxAge": 1, "name": "Generosity Share Trading Pvt Ltd", "relation": "Promoter", "url": "", "transactionDescription": "Sale", "latestTransDate": "2016-03-22", "positionDirect": 61268480, "positionDirectDate": "2016-03-22"}, {"maxAge": 1, "name": "Mahamaya Financial Consultants Pvt. Ltd.", "relation": "Promoter", "url": "", "transactionDescription": "Purchase", "latestTransDate": "2016-03-31", "positionDirect": 5212720, "positionDirectDate": "2016-03-31"}, {"maxAge": 1, "name": "Ravindra Trading & Agencies Ltd", "relation": "Institution- Corporation", "url": "", "transactionDescription": "Sale", "latestTransDate": "2009-04-03", "positionDirect": 0, "positionDirectDate": "2009-04-03"}, {"maxAge": 1, "name": "Shree Consultations Services Pvt Ltd", "relation": "Institution- Corporation", "url": "", "transactionDescription": "Acquisition", "latestTransDate": "2010-03-09", "positionDirect": 428750, "positionDirectDate": "2010-03-09"}, {"maxAge": 1, "name": "Tecil Chemicals & Hydro Power, Ltd.", "relation": "Institution- Corporation", "url": "", "transactionDescription": "Sale", "latestTransDate": "2010-03-09", "positionDirect": 0, "positionDirectDate": "2010-03-09"}], "maxAge": 1}, "calendarEvents": {"maxAge": 1, "earnings": {"earningsDate": ["2020-02-14 05:30:S"]}}, "price": {"maxAge": 1, "regularMarketChangePercent": -0.023809502, "regularMarketChange": -0.00999999, "regularMarketTime": "2021-04-30 15:29:28", "priceHint": 4, "regularMarketPrice": 0.41, "regularMarketDayHigh": 0.43, "regularMarketDayLow": 0.4, "regularMarketVolume": 1324776, "averageDailyVolume10Day": 1283149, "averageDailyVolume3Month": 2686456, "regularMarketPreviousClose": 0.42, "regularMarketSource": "FREE_REALTIME", "regularMarketOpen": 0.42, "exchange": "BSE", "exchangeName": "BSE", "exchangeDataDelayedBy": 0, "marketState": "CLOSED", "quoteType": "EQUITY", "symbol": "INDINFO.BO", "underlyingSymbol": null, "shortName": "INDIAN INFOTECH & SOFTWARE LTD", "longName": "Indian Infotech and Software Limited", "currency": "INR", "quoteSourceName": "Delayed Quote", "currencySymbol": "\u20b9", "fromCurrency": null, "toCurrency": null, "lastMarket": null, "marketCap": 411410400}, "balanceSheetHistory": {"balanceSheetStatements": [{"maxAge": 1, "endDate": "2020-03-31", "cash": 244000, "inventory": 417025000, "otherCurrentAssets": 1888148000, "totalCurrentAssets": 2305417000, "goodWill": 103209000, "otherAssets": 12560000, "deferredLongTermAssetCharges": 12560000, "totalAssets": 2421186000, "accountsPayable": 275000, "otherCurrentLiab": 192000, "otherLiab": 4657000, "totalCurrentLiabilities": 467000, "totalLiab": 5124000, "commonStock": 1005590000, "treasuryStock": 1410472000, "otherStockholderEquity": 1410472000, "totalStockholderEquity": 2416062000, "netTangibleAssets": 2312853000}, {"maxAge": 1, "endDate": "2019-03-31", "cash": 13191, "netReceivables": 1805703545, "otherCurrentAssets": 45339090, "totalCurrentAssets": 1851055826, "longTermInvestments": 417025000, "goodWill": 206417200, "otherAssets": 7888267, "deferredLongTermAssetCharges": 7888268, "totalAssets": 2482386293, "accountsPayable": 1492000, "otherCurrentLiab": 732603, "longTermDebt": 1242000, "otherLiab": 5547881, "totalCurrentLiabilities": 2224603, "totalLiab": 7772484, "commonStock": 1005589500, "retainedEarnings": -878316, "treasuryStock": 511625, "capitalSurplus": 1469391000, "otherStockholderEquity": 511625, "totalStockholderEquity": 2474613809, "netTangibleAssets": 2268196609}, {"maxAge": 1, "endDate": "2018-03-31", "cash": 500407, "netReceivables": 2118415436, "otherCurrentAssets": 43278241, "totalCurrentAssets": 2162194084, "longTermInvestments": 4125000, "goodWill": 309625800, "otherAssets": 1666624, "deferredLongTermAssetCharges": 1666625, "totalAssets": 2477611508, "accountsPayable": 295976, "otherCurrentLiab": 47689, "longTermDebt": 5371000, "otherLiab": 5296039, "totalCurrentLiabilities": 343665, "totalLiab": 11010704, "commonStock": 1005589500, "retainedEarnings": -8891321, "treasuryStock": 511625, "capitalSurplus": 1469391000, "otherStockholderEquity": 511625, "totalStockholderEquity": 2466600804, "netTangibleAssets": 2156975004}, {"maxAge": 1, "endDate": "2017-03-31", "cash": 4354556, "netReceivables": 1966245594, "otherCurrentAssets": 171308170, "totalCurrentAssets": 2141908320, "longTermInvestments": 4125000, "propertyPlantEquipment": 35188, "goodWill": 412834400, "otherAssets": -1, "totalAssets": 2558902907, "accountsPayable": 83005458, "otherCurrentLiab": 5179211, "otherLiab": 15467241, "totalCurrentLiabilities": 88184669, "totalLiab": 103651910, "commonStock": 1005589500, "retainedEarnings": -20241128, "treasuryStock": 511625, "capitalSurplus": 1469391000, "otherStockholderEquity": 511625, "totalStockholderEquity": 2455250997, "netTangibleAssets": 2042416597}], "maxAge": 86400}, "financialData": {"maxAge": 86400, "currentPrice": 0.41, "recommendationKey": "none", "grossProfits": 55342000, "financialCurrency": "INR"}}}