{"INDIGRID.BO": {"recommendationTrend": {"trend": [{"period": "0m", "strongBuy": 0, "buy": 0, "hold": 0, "sell": 0, "strongSell": 0}, {"period": "-1m", "strongBuy": 0, "buy": 0, "hold": 0, "sell": 0, "strongSell": 0}, {"period": "-2m", "strongBuy": 0, "buy": 0, "hold": 0, "sell": 0, "strongSell": 0}, {"period": "-3m", "strongBuy": 0, "buy": 0, "hold": 0, "sell": 0, "strongSell": 0}], "maxAge": 86400}, "cashflowStatementHistory": {"cashflowStatements": [{"maxAge": 1, "endDate": "2020-03-31", "netIncome": 5057200000, "depreciation": 3101120000, "changeToNetincome": 3220190000, "changeToAccountReceivables": 31070000, "changeToLiabilities": 3080000, "changeToOperatingActivities": -163620000, "totalCashFromOperatingActivities": 11249040000, "capitalExpenditures": -59156470000, "investments": -1204360000, "otherCashflowsFromInvestingActivities": -546560000, "totalCashflowsFromInvestingActivities": -60907390000, "dividendsPaid": -6101160000, "netBorrowings": 37574670000, "otherCashflowsFromFinancingActivities": -4470890000, "totalCashFromFinancingActivities": 52143100000, "changeInCash": 2484750000, "issuanceOfStock": 25140480000}, {"maxAge": 1, "endDate": "2019-03-31", "netIncome": 1539140000, "depreciation": 1809220000, "changeToNetincome": 2672220000, "changeToAccountReceivables": -236380000, "changeToLiabilities": 31830000, "changeToOperatingActivities": -15880000, "totalCashFromOperatingActivities": 5800150000, "capitalExpenditures": -2252050000, "investments": -75720000, "otherCashflowsFromInvestingActivities": 15700000, "totalCashflowsFromInvestingActivities": -2303670000, "dividendsPaid": -3399840000, "netBorrowings": 2004790000, "otherCashflowsFromFinancingActivities": -2170700000, "totalCashFromFinancingActivities": -3565750000, "changeInCash": -69260000, "issuanceOfStock": 25140480000}, {"maxAge": 1, "endDate": "2018-03-31", "netIncome": 2103500000, "depreciation": 1157410000, "changeToNetincome": 830090000, "changeToAccountReceivables": 101450000, "changeToLiabilities": 106320000, "changeToOperatingActivities": 33770000, "totalCashFromOperatingActivities": 4332540000, "capitalExpenditures": -44740740000, "investments": -75720000, "otherCashflowsFromInvestingActivities": -1498000000, "totalCashflowsFromInvestingActivities": -46238740000, "dividendsPaid": -1850940000, "netBorrowings": 24029100000, "otherCashflowsFromFinancingActivities": -1099050000, "totalCashFromFinancingActivities": 43579110000, "changeInCash": 1672920000, "issuanceOfStock": 22500000000}, {"maxAge": 1, "endDate": "2016-03-31", "netIncome": -780330000, "depreciation": 1096320000, "changeToNetincome": 3004280000, "changeToAccountReceivables": -462640000, "changeToLiabilities": -24270000, "changeToOperatingActivities": -229020000, "totalCashFromOperatingActivities": 2605830000, "capitalExpenditures": -3696920000, "investments": 13820000, "otherCashflowsFromInvestingActivities": 576770000, "totalCashflowsFromInvestingActivities": -3106330000, "dividendsPaid": -1850940000, "netBorrowings": 2882080000, "otherCashflowsFromFinancingActivities": -2712740000, "totalCashFromFinancingActivities": 169340000, "changeInCash": -331160000, "issuanceOfStock": 22500000000}], "maxAge": 86400}, "institutionOwnership": {"maxAge": 1, "ownershipList": []}, "balanceSheetHistoryQuarterly": {"balanceSheetStatements": [{"maxAge": 1, "endDate": "2020-06-30", "totalStockholderEquity": 50486250000, "netTangibleAssets": 50486250000}, {"maxAge": 1, "endDate": "2020-03-31", "cash": 4088410000, "shortTermInvestments": 45780000, "netReceivables": 3728730000, "otherCurrentAssets": 1363630000, "totalCurrentAssets": 9364830000, "longTermInvestments": 990000, "propertyPlantEquipment": 108163160000, "otherAssets": 391210000, "totalAssets": 117920190000, "accountsPayable": 332910000, "shortLongTermDebt": 1243620000, "otherCurrentLiab": 2382380000, "longTermDebt": 62591130000, "otherLiab": 602060000, "totalCurrentLiabilities": 4194880000, "totalLiab": 67433940000, "commonStock": 53145690000, "retainedEarnings": -2659440000, "totalStockholderEquity": 50486250000, "netTangibleAssets": 50486250000}, {"maxAge": 1, "endDate": "2019-12-31", "totalStockholderEquity": 51680750000, "netTangibleAssets": 51680750000}, {"maxAge": 1, "endDate": "2019-09-30", "cash": 3825880000, "shortTermInvestments": 1107030000, "netReceivables": 2337350000, "otherCurrentAssets": 24400000, "totalCurrentAssets": 7294660000, "longTermInvestments": 3960000, "propertyPlantEquipment": 99793620000, "otherAssets": 276200000, "totalAssets": 107368440000, "accountsPayable": 322490000, "otherCurrentLiab": 2618080000, "longTermDebt": 52064770000, "otherLiab": 682350000, "totalCurrentLiabilities": 2940570000, "totalLiab": 55687690000, "commonStock": 53154810000, "retainedEarnings": -1474060000, "totalStockholderEquity": 51680750000, "netTangibleAssets": 51680750000}], "maxAge": 86400}, "earningsHistory": {"history": [{"maxAge": 1, "epsActual": {}, "epsEstimate": {}, "epsDifference": {}, "surprisePercent": {}, "quarter": {}, "period": "-4q"}, {"maxAge": 1, "epsActual": 2.14, "epsEstimate": 1.75, "epsDifference": 0.39, "surprisePercent": 0.22299999, "quarter": "2017-09-30", "period": "-3q"}, {"maxAge": 1, "epsActual": 2.42, "epsEstimate": 1.75, "epsDifference": 0.67, "surprisePercent": 0.383, "quarter": "2017-12-31", "period": "-2q"}, {"maxAge": 1, "epsActual": 1.74, "epsEstimate": 1.93, "epsDifference": -0.19, "surprisePercent": -0.098000005, "quarter": "2018-06-30", "period": "-1q"}], "maxAge": 86400}, "indexTrend": {"maxAge": 1, "symbol": "SP5", "peRatio": 19.7411, "pegRatio": 1.34172, "estimates": [{"period": "0q", "growth": 0.549}, {"period": "+1q", "growth": 0.431}, {"period": "0y", "growth": 0.305}, {"period": "+1y", "growth": 0.109}, {"period": "+5y", "growth": 0.120865}, {"period": "-5y"}]}, "industryTrend": {"maxAge": 1, "symbol": null, "estimates": []}, "insiderTransactions": {"transactions": [{"maxAge": 1, "shares": 10206, "filerUrl": "", "transactionText": "Gift at price 0.00 per share.", "filerName": "Agarwal (Pratik)", "filerRelation": "Director (Executive)", "moneyText": "", "startDate": "2020-08-25", "ownership": "D"}, {"maxAge": 1, "shares": 219429, "value": 289799, "filerUrl": "", "transactionText": "Sale at price 1.32 per share.", "filerName": "Agarwal (Pratik)", "filerRelation": "Director (Executive)", "moneyText": "", "startDate": "2020-06-29", "ownership": "D"}, {"maxAge": 1, "shares": 3, "filerUrl": "", "transactionText": "", "filerName": "Shah (harsh)", "filerRelation": "Chief Financial Officer", "moneyText": "", "startDate": "2019-09-06", "ownership": "D"}, {"maxAge": 1, "shares": 20412, "filerUrl": "", "transactionText": "", "filerName": "Asthana (Sujata)", "filerRelation": "UNREPORTED", "moneyText": "", "startDate": "2019-08-20", "ownership": "D"}, {"maxAge": 1, "shares": 45927, "filerUrl": "", "transactionText": "", "filerName": "Asthana (Sujata)", "filerRelation": "UNREPORTED", "moneyText": "", "startDate": "2019-02-11", "ownership": "D"}, {"maxAge": 1, "shares": 163296, "filerUrl": "", "transactionText": "", "filerName": "Agarwal (Pratik)", "filerRelation": "Director (Executive)", "moneyText": "", "startDate": "2018-10-31", "ownership": "D"}, {"maxAge": 1, "shares": 1112454, "filerUrl": "", "transactionText": "", "filerName": "Sterlite Power Grid Ventures Ltd.", "filerRelation": "Institution- Corporation", "moneyText": "", "startDate": "2018-10-26", "ownership": "D"}, {"maxAge": 1, "shares": 5103, "filerUrl": "", "transactionText": "", "filerName": "Patil (Swapnil)", "filerRelation": "UNREPORTED", "moneyText": "", "startDate": "2018-10-23", "ownership": "D"}], "maxAge": 1}, "quoteType": {"exchange": "BSE", "quoteType": "EQUITY", "symbol": "INDIGRID.BO", "underlyingSymbol": "INDIGRID.BO", "shortName": "India Grid Trust", "longName": "India Grid Trust", "firstTradeDateEpochUtc": "2017-06-06 09:15:00", "timeZoneFullName": "Asia/Kolkata", "timeZoneShortName": "IST", "uuid": "2f1568d8-7192-37ec-b68e-29fd454f36a6", "messageBoardId": null, "gmtOffSetMilliseconds": 19800000, "maxAge": 1}, "incomeStatementHistory": {"incomeStatementHistory": [{"maxAge": 1, "endDate": "2020-03-31", "totalRevenue": 12720430000, "costOfRevenue": 304040000, "grossProfit": 12416390000, "researchDevelopment": {}, "sellingGeneralAdministrative": 536660000, "nonRecurring": {}, "otherOperatingExpenses": 103880000, "totalOperatingExpenses": 4045700000, "operatingIncome": 8674730000, "totalOtherIncomeExpenseNet": -3674860000, "ebit": 8674730000, "interestExpense": -4039420000, "incomeBeforeTax": 4999870000, "incomeTaxExpense": -57330000, "minorityInterest": {}, "netIncomeFromContinuingOps": 5057200000, "discontinuedOperations": {}, "extraordinaryItems": {}, "effectOfAccountingCharges": {}, "otherItems": {}, "netIncome": 5057200000, "netIncomeApplicableToCommonShares": 5057200000}, {"maxAge": 1, "endDate": "2019-03-31", "totalRevenue": 6726970000, "costOfRevenue": 215110000, "grossProfit": 6511860000, "researchDevelopment": {}, "sellingGeneralAdministrative": 322510000, "nonRecurring": {}, "otherOperatingExpenses": 91210000, "totalOperatingExpenses": 2438050000, "operatingIncome": 4288920000, "totalOtherIncomeExpenseNet": -2743420000, "ebit": 4288920000, "interestExpense": -2275250000, "incomeBeforeTax": 1545500000, "incomeTaxExpense": 6360000, "minorityInterest": {}, "netIncomeFromContinuingOps": 1539140000, "discontinuedOperations": {}, "extraordinaryItems": {}, "effectOfAccountingCharges": {}, "otherItems": {}, "netIncome": 1539140000, "netIncomeApplicableToCommonShares": 1539140000}, {"maxAge": 1, "endDate": "2018-03-31", "totalRevenue": 4526490000, "costOfRevenue": 134020000, "grossProfit": 4392470000, "researchDevelopment": {}, "sellingGeneralAdministrative": 211900000, "nonRecurring": {}, "otherOperatingExpenses": 38760000, "totalOperatingExpenses": 1542090000, "operatingIncome": 2984400000, "totalOtherIncomeExpenseNet": -948720000, "ebit": 2984400000, "interestExpense": -954240000, "incomeBeforeTax": 2035680000, "incomeTaxExpense": -67820000, "minorityInterest": {}, "netIncomeFromContinuingOps": 2103500000, "discontinuedOperations": {}, "extraordinaryItems": {}, "effectOfAccountingCharges": {}, "otherItems": {}, "netIncome": 2103500000, "netIncomeApplicableToCommonShares": 2103500000}, {"maxAge": 1, "endDate": "2016-03-31", "totalRevenue": 3563230000, "costOfRevenue": 0, "grossProfit": 3563230000, "researchDevelopment": {}, "sellingGeneralAdministrative": 49360000, "nonRecurring": {}, "otherOperatingExpenses": 360680000, "totalOperatingExpenses": 1507850000, "operatingIncome": 2055380000, "totalOtherIncomeExpenseNet": -3141640000, "ebit": 2055380000, "interestExpense": -3270700000, "incomeBeforeTax": -1086260000, "incomeTaxExpense": -305930000, "minorityInterest": {}, "netIncomeFromContinuingOps": -780330000, "discontinuedOperations": {}, "extraordinaryItems": {}, "effectOfAccountingCharges": {}, "otherItems": {}, "netIncome": -780330000, "netIncomeApplicableToCommonShares": -780330000}], "maxAge": 86400}, "fundOwnership": {"maxAge": 1, "ownershipList": [{"maxAge": 1, "reportDate": "2020-07-31", "organization": "Investment Managers Ser Tr-Vaughan Nelson Emerging Mkts Opp Fd", "pctHeld": 0.0004, "position": 246645, "value": 27081621}]}, "summaryDetail": {"maxAge": 1, "priceHint": 2, "previousClose": 126.0, "open": 125.8, "dayLow": 125.75, "dayHigh": 126.49, "regularMarketPreviousClose": 126.0, "regularMarketOpen": 125.8, "regularMarketDayLow": 125.75, "regularMarketDayHigh": 126.49, "trailingPE": 13.172155, "forwardPE": 16.33075, "volume": 20412, "regularMarketVolume": 20412, "averageVolume": 34298, "averageVolume10days": 18030, "averageDailyVolume10Day": 18030, "bid": 126.25, "ask": 127.39, "bidSize": 0, "askSize": 0, "marketCap": 73752256512, "fiftyTwoWeekLow": 85.7, "fiftyTwoWeekHigh": 140.89, "fiftyDayAverage": 130.52765, "twoHundredDayAverage": 112.984634, "trailingAnnualDividendRate": 12.0, "trailingAnnualDividendYield": 0.0952381, "currency": "INR", "fromCurrency": null, "toCurrency": null, "lastMarket": null, "algorithm": null, "tradeable": false}, "sectorTrend": {"maxAge": 1, "symbol": null, "estimates": []}, "incomeStatementHistoryQuarterly": {"incomeStatementHistory": [{"maxAge": 1, "endDate": "2020-06-30", "totalRevenue": 3667540000, "costOfRevenue": 90290000, "grossProfit": 3577250000, "researchDevelopment": {}, "sellingGeneralAdministrative": 178350000, "nonRecurring": {}, "otherOperatingExpenses": 54390000, "totalOperatingExpenses": 1318230000, "operatingIncome": 2349310000, "totalOtherIncomeExpenseNet": -1486320000, "ebit": 2349310000, "interestExpense": -1486320000, "incomeBeforeTax": 862990000, "incomeTaxExpense": 6810000, "minorityInterest": {}, "netIncomeFromContinuingOps": 856180000, "discontinuedOperations": {}, "extraordinaryItems": {}, "effectOfAccountingCharges": {}, "otherItems": {}, "netIncome": 856180000, "netIncomeApplicableToCommonShares": 856180000}, {"maxAge": 1, "endDate": "2020-03-31", "totalRevenue": 3333200000, "costOfRevenue": 89520000, "grossProfit": 3243680000, "researchDevelopment": {}, "sellingGeneralAdministrative": 182050000, "nonRecurring": {}, "otherOperatingExpenses": 38440000, "totalOperatingExpenses": 1167100000, "operatingIncome": 2166100000, "totalOtherIncomeExpenseNet": -1173560000, "ebit": 2166100000, "interestExpense": -1081160000, "incomeBeforeTax": 992540000, "incomeTaxExpense": -4190000, "minorityInterest": {}, "netIncomeFromContinuingOps": 996730000, "discontinuedOperations": {}, "extraordinaryItems": {}, "effectOfAccountingCharges": {}, "otherItems": {}, "netIncome": 996730000, "netIncomeApplicableToCommonShares": 996730000}, {"maxAge": 1, "endDate": "2019-12-31", "totalRevenue": 3433940000, "costOfRevenue": 73720000, "grossProfit": 3360220000, "researchDevelopment": {}, "sellingGeneralAdministrative": 152090000, "nonRecurring": {}, "otherOperatingExpenses": 18800000, "totalOperatingExpenses": 1104470000, "operatingIncome": 2329470000, "totalOtherIncomeExpenseNet": -1174720000, "ebit": 2329470000, "interestExpense": -1174720000, "incomeBeforeTax": 1154750000, "incomeTaxExpense": -163640000, "minorityInterest": {}, "netIncomeFromContinuingOps": 1318390000, "discontinuedOperations": {}, "extraordinaryItems": {}, "effectOfAccountingCharges": {}, "otherItems": {}, "netIncome": 1318390000, "netIncomeApplicableToCommonShares": 1318390000}, {"maxAge": 1, "endDate": "2019-09-30", "totalRevenue": 3782130000, "costOfRevenue": 85560000, "grossProfit": 3696570000, "researchDevelopment": {}, "sellingGeneralAdministrative": 125020000, "nonRecurring": {}, "otherOperatingExpenses": 40140000, "totalOperatingExpenses": 1097610000, "operatingIncome": 2684520000, "totalOtherIncomeExpenseNet": -219390000, "ebit": 2684520000, "interestExpense": -1163340000, "incomeBeforeTax": 2465130000, "incomeTaxExpense": 59470000, "minorityInterest": {}, "netIncomeFromContinuingOps": 2405660000, "discontinuedOperations": {}, "extraordinaryItems": {}, "effectOfAccountingCharges": {}, "otherItems": {}, "netIncome": 2405660000, "netIncomeApplicableToCommonShares": 2405660000}], "maxAge": 86400}, "cashflowStatementHistoryQuarterly": {"cashflowStatements": [{"maxAge": 1, "endDate": "2020-06-30", "netIncome": 856180000, "changeToLiabilities": 0}, {"maxAge": 1, "endDate": "2020-03-31", "netIncome": 996730000, "changeToLiabilities": 0}, {"maxAge": 1, "endDate": "2019-12-31", "netIncome": 1318390000, "changeToLiabilities": 0}, {"maxAge": 1, "endDate": "2019-09-30", "netIncome": 2405660000, "changeToLiabilities": 0}], "maxAge": 86400}, "insiderHolders": {"holders": [{"maxAge": 1, "name": "Agarwal (Pratik)", "relation": "Director (Executive)", "url": "", "transactionDescription": "Gift", "latestTransDate": "2020-08-25", "positionDirect": 137781, "positionDirectDate": "2020-08-25"}, {"maxAge": 1, "name": "Asthana (Sujata)", "relation": "UNREPORTED", "url": "", "transactionDescription": "Acquisition", "latestTransDate": "2019-08-20", "positionDirect": 66339, "positionDirectDate": "2019-08-20"}, {"maxAge": 1, "name": "Patil (Swapnil)", "relation": "UNREPORTED", "url": "", "transactionDescription": "Acquisition", "latestTransDate": "2018-10-23", "positionDirect": 5103, "positionDirectDate": "2018-10-23"}, {"maxAge": 1, "name": "Shah (harsh)", "relation": "Chief Financial Officer", "url": "", "transactionDescription": "Acquisition", "latestTransDate": "2019-09-06", "positionDirect": 3, "positionDirectDate": "2019-09-06"}, {"maxAge": 1, "name": "Sterlite Power Grid Ventures Ltd.", "relation": "Institution- Corporation", "url": "", "transactionDescription": "Acquisition", "latestTransDate": "2018-10-26", "positionDirect": 59915281, "positionDirectDate": "2018-10-26"}], "maxAge": 1}, "earnings": {"maxAge": 86400, "earningsChart": {"quarterly": [{"date": "3Q2017", "actual": 2.14, "estimate": 1.75}, {"date": "4Q2017", "actual": 2.42, "estimate": 1.75}, {"date": "2Q2018", "actual": 1.74, "estimate": 1.93}], "currentQuarterEstimateDate": "3Q", "currentQuarterEstimateYear": 2018, "earningsDate": []}, "financialsChart": {"yearly": [{"date": 2016, "revenue": 3563230000, "earnings": -780330000}, {"date": 2018, "revenue": 4526490000, "earnings": 2103500000}, {"date": 2019, "revenue": 6726970000, "earnings": 1539140000}, {"date": 2020, "revenue": 12720430000, "earnings": 5057200000}], "quarterly": [{"date": "3Q2019", "revenue": 3782130000, "earnings": 2405660000}, {"date": "4Q2019", "revenue": 3433940000, "earnings": 1318390000}, {"date": "1Q2020", "revenue": 3333200000, "earnings": 996730000}, {"date": "2Q2020", "revenue": 3667540000, "earnings": 856180000}]}, "financialCurrency": "INR"}, "calendarEvents": {"maxAge": 1, "earnings": {"earningsDate": []}}, "price": {"maxAge": 1, "regularMarketChangePercent": 0.003174615, "regularMarketChange": 0.40000153, "regularMarketTime": "2021-04-30 15:29:53", "priceHint": 2, "regularMarketPrice": 126.4, "regularMarketDayHigh": 126.49, "regularMarketDayLow": 125.75, "regularMarketVolume": 20412, "averageDailyVolume10Day": 18030, "averageDailyVolume3Month": 34298, "regularMarketPreviousClose": 126.0, "regularMarketSource": "FREE_REALTIME", "regularMarketOpen": 125.8, "exchange": "BSE", "exchangeName": "BSE", "exchangeDataDelayedBy": 0, "marketState": "CLOSED", "quoteType": "EQUITY", "symbol": "INDIGRID.BO", "underlyingSymbol": null, "shortName": "India Grid Trust", "longName": "India Grid Trust", "currency": "INR", "quoteSourceName": "Delayed Quote", "currencySymbol": "\u20b9", "fromCurrency": null, "toCurrency": null, "lastMarket": null, "marketCap": 73752256512}, "balanceSheetHistory": {"balanceSheetStatements": [{"maxAge": 1, "endDate": "2020-03-31", "cash": 4088410000, "shortTermInvestments": 45780000, "netReceivables": 3728730000, "otherCurrentAssets": 1363630000, "totalCurrentAssets": 9364830000, "longTermInvestments": 990000, "propertyPlantEquipment": 108163160000, "otherAssets": 391210000, "totalAssets": 117920190000, "accountsPayable": 332910000, "shortLongTermDebt": 1243620000, "otherCurrentLiab": 2382380000, "longTermDebt": 62591130000, "otherLiab": 602060000, "totalCurrentLiabilities": 4194880000, "totalLiab": 67433940000, "commonStock": 53145690000, "retainedEarnings": -2659440000, "totalStockholderEquity": 50486250000, "netTangibleAssets": 50486250000}, {"maxAge": 1, "endDate": "2019-03-31", "cash": 1603660000, "shortTermInvestments": 340000, "netReceivables": 1693860000, "otherCurrentAssets": 26700000, "totalCurrentAssets": 3438820000, "longTermInvestments": 120000, "propertyPlantEquipment": 49827620000, "otherAssets": 195700000, "totalAssets": 53462260000, "accountsPayable": 162650000, "shortLongTermDebt": 228780000, "otherCurrentLiab": 175010000, "longTermDebt": 25902000000, "otherLiab": 156720000, "totalCurrentLiabilities": 637430000, "totalLiab": 26696150000, "commonStock": 28380000000, "retainedEarnings": -1613890000, "totalStockholderEquity": 26766110000, "netTangibleAssets": 26766110000}, {"maxAge": 1, "endDate": "2018-03-31", "cash": 1672920000, "shortTermInvestments": 10500000, "netReceivables": 1559680000, "otherCurrentAssets": 68870000, "totalCurrentAssets": 3359410000, "longTermInvestments": 9330000, "propertyPlantEquipment": 50264530000, "otherAssets": 153670000, "totalAssets": 53786940000, "accountsPayable": 130170000, "shortLongTermDebt": 658870000, "otherCurrentLiab": 406830000, "longTermDebt": 19112500000, "otherLiab": 579500000, "totalCurrentLiabilities": 5462380000, "totalLiab": 25154380000, "commonStock": 28380000000, "retainedEarnings": 252560000, "totalStockholderEquity": 28632560000, "netTangibleAssets": 28632560000}, {"maxAge": 1, "endDate": "2016-03-31", "cash": 217230000, "netReceivables": 1093770000, "otherCurrentAssets": 120190000, "totalCurrentAssets": 1469350000, "propertyPlantEquipment": 39681640000, "intangibleAssets": 1890000, "otherAssets": 1279170000, "deferredLongTermAssetCharges": 107530000, "totalAssets": 42432050000, "accountsPayable": 21580000, "shortLongTermDebt": 3003670000, "otherCurrentLiab": 618700000, "longTermDebt": 34848950000, "otherLiab": 1462700000, "totalCurrentLiabilities": 3765900000, "totalLiab": 40077550000, "commonStock": 176730000, "retainedEarnings": -1715180000, "treasuryStock": 3495830000, "capitalSurplus": 397120000, "otherStockholderEquity": 3495830000, "totalStockholderEquity": 2354500000, "netTangibleAssets": 2352610000}], "maxAge": 86400}, "earningsTrend": {"trend": [{"maxAge": 1, "period": "0q", "endDate": "2018-09-30", "growth": {}, "earningsEstimate": {"avg": 0.0, "low": 0.0, "high": 0.0, "yearAgoEps": {}, "numberOfAnalysts": 0, "growth": {}}, "revenueEstimate": {"avg": 0, "low": 0, "high": 0, "numberOfAnalysts": 0, "yearAgoRevenue": {}, "growth": {}}, "epsTrend": {"current": 0.0, "7daysAgo": 1.93, "30daysAgo": 1.93, "60daysAgo": 1.93, "90daysAgo": 1.93}, "epsRevisions": {"upLast7days": 0, "upLast30days": 0, "downLast30days": 0, "downLast90days": {}}}, {"maxAge": 1, "period": "+1q", "endDate": "2018-12-31", "growth": {}, "earningsEstimate": {"avg": 0.0, "low": 0.0, "high": 0.0, "yearAgoEps": 2.14, "numberOfAnalysts": 0, "growth": {}}, "revenueEstimate": {"avg": 0, "low": 0, "high": 0, "numberOfAnalysts": 0, "yearAgoRevenue": {}, "growth": {}}, "epsTrend": {"current": 0.0, "7daysAgo": 1.93, "30daysAgo": 1.93, "60daysAgo": 1.93, "90daysAgo": 1.93}, "epsRevisions": {"upLast7days": 0, "upLast30days": 0, "downLast30days": 0, "downLast90days": {}}}, {"maxAge": 1, "period": "0y", "endDate": "2019-03-31", "growth": {}, "earningsEstimate": {"avg": 0.0, "low": 0.0, "high": 0.0, "yearAgoEps": {}, "numberOfAnalysts": 0, "growth": {}}, "revenueEstimate": {"avg": 6101100000, "low": 4745310000, "high": 6822000000, "numberOfAnalysts": 3, "yearAgoRevenue": 4605000000, "growth": 0.325}, "epsTrend": {"current": 0.0, "7daysAgo": 8.53, "30daysAgo": 8.53, "60daysAgo": 8.53, "90daysAgo": 8.53}, "epsRevisions": {"upLast7days": 0, "upLast30days": 0, "downLast30days": 0, "downLast90days": {}}}, {"maxAge": 1, "period": "+1y", "endDate": "2020-03-31", "growth": {}, "earningsEstimate": {"avg": 0.0, "low": 0.0, "high": 0.0, "yearAgoEps": {}, "numberOfAnalysts": 0, "growth": {}}, "revenueEstimate": {"avg": 9844960000, "low": 4118880000, "high": 12754000000, "numberOfAnalysts": 3, "yearAgoRevenue": 6101100000, "growth": 0.614}, "epsTrend": {"current": 0.0, "7daysAgo": 7.74, "30daysAgo": 7.74, "60daysAgo": 7.74, "90daysAgo": 7.74}, "epsRevisions": {"upLast7days": 0, "upLast30days": 0, "downLast30days": 0, "downLast90days": {}}}, {"maxAge": 1, "period": "+5y", "endDate": null, "growth": {}, "earningsEstimate": {"avg": {}, "low": {}, "high": {}, "yearAgoEps": {}, "numberOfAnalysts": {}, "growth": {}}, "revenueEstimate": {"avg": {}, "low": {}, "high": {}, "numberOfAnalysts": {}, "yearAgoRevenue": {}, "growth": {}}, "epsTrend": {"current": {}, "7daysAgo": {}, "30daysAgo": {}, "60daysAgo": {}, "90daysAgo": {}}, "epsRevisions": {"upLast7days": {}, "upLast30days": {}, "downLast30days": {}, "downLast90days": {}}}, {"maxAge": 1, "period": "-5y", "endDate": null, "growth": {}, "earningsEstimate": {"avg": {}, "low": {}, "high": {}, "yearAgoEps": {}, "numberOfAnalysts": {}, "growth": {}}, "revenueEstimate": {"avg": {}, "low": {}, "high": {}, "numberOfAnalysts": {}, "yearAgoRevenue": {}, "growth": {}}, "epsTrend": {"current": {}, "7daysAgo": {}, "30daysAgo": {}, "60daysAgo": {}, "90daysAgo": {}}, "epsRevisions": {"upLast7days": {}, "upLast30days": {}, "downLast30days": {}, "downLast90days": {}}}], "maxAge": 1}, "financialData": {"maxAge": 86400, "currentPrice": 126.4, "targetHighPrice": 110.0, "targetLowPrice": 97.0, "targetMeanPrice": 104.0, "targetMedianPrice": 105.0, "recommendationKey": "none", "numberOfAnalystOpinions": 3, "grossProfits": 12416390000, "financialCurrency": "INR"}}}