{"INDIACEM.BO": {"recommendationTrend": {"trend": [{"period": "0m", "strongBuy": 0, "buy": 0, "hold": 0, "sell": 0, "strongSell": 0}, {"period": "-1m", "strongBuy": 0, "buy": 0, "hold": 0, "sell": 0, "strongSell": 0}, {"period": "-2m", "strongBuy": 0, "buy": 0, "hold": 0, "sell": 0, "strongSell": 0}, {"period": "-3m", "strongBuy": 0, "buy": 0, "hold": 0, "sell": 0, "strongSell": 0}], "maxAge": 86400}, "cashflowStatementHistory": {"cashflowStatements": [{"maxAge": 1, "endDate": "2020-03-31", "netIncome": 501572000, "depreciation": 2408066000, "changeToNetincome": 2478735000, "changeToAccountReceivables": -544179000, "changeToLiabilities": -1180747000, "changeToInventory": 52151000, "totalCashFromOperatingActivities": 3866511000, "capitalExpenditures": -2503135000, "investments": 12931000, "otherCashflowsFromInvestingActivities": -363158000, "totalCashflowsFromInvestingActivities": -2818909000, "dividendsPaid": -283929000, "netBorrowings": 2304409000, "otherCashflowsFromFinancingActivities": -3123709000, "totalCashFromFinancingActivities": -1103229000, "changeInCash": -55627000}, {"maxAge": 1, "endDate": "2019-03-31", "netIncome": 210603000, "depreciation": 2521242000, "changeToNetincome": 3229043000, "changeToAccountReceivables": -2825297000, "changeToLiabilities": 2029634000, "changeToInventory": -1521064000, "totalCashFromOperatingActivities": 3770367000, "capitalExpenditures": -3043757000, "investments": 5611000, "otherCashflowsFromInvestingActivities": 135623000, "totalCashflowsFromInvestingActivities": -2022890000, "dividendsPaid": -319882000, "netBorrowings": 1587502000, "otherCashflowsFromFinancingActivities": -3356603000, "totalCashFromFinancingActivities": -1795687000, "changeInCash": -48210000, "issuanceOfStock": 293296000}, {"maxAge": 1, "endDate": "2018-03-31", "netIncome": 650613000, "depreciation": 2643288000, "changeToNetincome": 3314502000, "changeToAccountReceivables": -785643000, "changeToLiabilities": -1198723000, "changeToInventory": 789754000, "totalCashFromOperatingActivities": 5560533000, "capitalExpenditures": -2028788000, "investments": -781726000, "otherCashflowsFromInvestingActivities": -326360000, "totalCashflowsFromInvestingActivities": -3059583000, "dividendsPaid": -351377000, "netBorrowings": 1624910000, "otherCashflowsFromFinancingActivities": -3618877000, "totalCashFromFinancingActivities": -2345344000, "changeInCash": 155606000, "issuanceOfStock": 293296000}, {"maxAge": 1, "endDate": "2017-03-31", "netIncome": 1510268000, "depreciation": 2760112000, "changeToNetincome": 4123716000, "changeToAccountReceivables": -1502358000, "changeToLiabilities": 2232261000, "changeToInventory": -1472202000, "totalCashFromOperatingActivities": 7651797000, "capitalExpenditures": -796953000, "investments": 5442000, "otherCashflowsFromInvestingActivities": -787475000, "totalCashflowsFromInvestingActivities": -1578986000, "dividendsPaid": -350147000, "netBorrowings": -1969718000, "otherCashflowsFromFinancingActivities": -3730322000, "totalCashFromFinancingActivities": -6050187000, "changeInCash": 22624000, "issuanceOfStock": 293296000}], "maxAge": 86400}, "institutionOwnership": {"maxAge": 1, "ownershipList": []}, "balanceSheetHistoryQuarterly": {"balanceSheetStatements": [{"maxAge": 1, "endDate": "2020-06-30", "totalStockholderEquity": 54980300000, "netTangibleAssets": 52607000000}, {"maxAge": 1, "endDate": "2020-03-31", "cash": 431596000, "shortTermInvestments": 11922000, "netReceivables": 7799634000, "inventory": 9023312000, "otherCurrentAssets": 6374192000, "totalCurrentAssets": 23823615000, "longTermInvestments": 2136428000, "propertyPlantEquipment": 72114636000, "goodWill": 1817781000, "intangibleAssets": 472342000, "otherAssets": 16331410000, "totalAssets": 116696212000, "accountsPayable": 12197863000, "shortLongTermDebt": 4295824000, "otherCurrentLiab": 4481464000, "longTermDebt": 24111476000, "otherLiab": 8191367000, "minorityInterest": 562280000, "totalCurrentLiabilities": 28778459000, "totalLiab": 61153605000, "commonStock": 3098960000, "retainedEarnings": 36153485000, "treasuryStock": 694764000, "capitalSurplus": 15033118000, "otherStockholderEquity": 694764000, "totalStockholderEquity": 54980327000, "netTangibleAssets": 52690204000}, {"maxAge": 1, "endDate": "2019-12-31", "totalStockholderEquity": 52839100000, "netTangibleAssets": 50759600000}, {"maxAge": 1, "endDate": "2019-09-30", "cash": 126000000, "shortTermInvestments": 20500000, "netReceivables": 8765600000, "inventory": 8544800000, "otherCurrentAssets": 7590000000, "totalCurrentAssets": 25046900000, "longTermInvestments": 4457900000, "propertyPlantEquipment": 70311600000, "goodWill": 1817800000, "intangibleAssets": 261700000, "otherAssets": 13264600000, "totalAssets": 115160500000, "accountsPayable": 13792400000, "otherCurrentLiab": 8835900000, "longTermDebt": 24800600000, "otherLiab": 7886800000, "minorityInterest": 559900000, "totalCurrentLiabilities": 29074100000, "totalLiab": 61761500000, "commonStock": 3099000000, "treasuryStock": 49740100000, "otherStockholderEquity": 49740100000, "totalStockholderEquity": 52839100000, "netTangibleAssets": 50759600000}], "maxAge": 86400}, "earningsHistory": {"history": [{"maxAge": 1, "epsActual": 0.86, "epsEstimate": 2.25, "epsDifference": -1.39, "surprisePercent": -0.618, "quarter": "2017-06-30", "period": "-4q"}, {"maxAge": 1, "epsActual": 0.77, "epsEstimate": 0.5, "epsDifference": 0.27, "surprisePercent": 0.54, "quarter": "2017-09-30", "period": "-3q"}, {"maxAge": 1, "epsActual": 0.49, "epsEstimate": 0.4, "epsDifference": 0.09, "surprisePercent": 0.225, "quarter": "2017-12-31", "period": "-2q"}, {"maxAge": 1, "epsActual": 1.35, "epsEstimate": 0.73, "epsDifference": 0.62, "surprisePercent": 0.84900004, "quarter": "2018-03-31", "period": "-1q"}], "maxAge": 86400}, "indexTrend": {"maxAge": 1, "symbol": "SP5", "peRatio": 19.7411, "pegRatio": 1.34172, "estimates": [{"period": "0q", "growth": 0.549}, {"period": "+1q", "growth": 0.431}, {"period": "0y", "growth": 0.305}, {"period": "+1y", "growth": 0.109}, {"period": "+5y", "growth": 0.120865}, {"period": "-5y"}]}, "industryTrend": {"maxAge": 1, "symbol": null, "estimates": []}, "insiderTransactions": {"transactions": [{"maxAge": 1, "shares": 7993000, "value": 12966244, "filerUrl": "", "transactionText": "Acquisition at price 1.62 per share.", "filerName": "Prince Holdings Madras Pvt. Ltd.", "filerRelation": "Promoter", "moneyText": "", "startDate": "2020-08-24", "ownership": "D"}, {"maxAge": 1, "shares": 12000, "filerUrl": "", "transactionText": "", "filerName": "Anna Investments Pvt. Ltd.", "filerRelation": "Promoter", "moneyText": "", "startDate": "2020-03-30", "ownership": "D"}, {"maxAge": 1, "shares": 130000, "filerUrl": "", "transactionText": "", "filerName": "Anna Investments Pvt. Ltd.", "filerRelation": "Promoter", "moneyText": "", "startDate": "2020-03-27", "ownership": "D"}, {"maxAge": 1, "shares": 32567, "filerUrl": "", "transactionText": "", "filerName": "Venkateswaran (N)", "filerRelation": "UNREPORTED", "moneyText": "", "startDate": "2020-02-10", "ownership": "D"}, {"maxAge": 1, "shares": 8468, "filerUrl": "", "transactionText": "", "filerName": "Adityan (Balasubramania Sivanthi)", "filerRelation": "UNREPORTED", "moneyText": "", "startDate": "2019-07-26", "ownership": "D"}, {"maxAge": 1, "shares": 175000, "filerUrl": "", "transactionText": "", "filerName": "Mohan (V M)", "filerRelation": "UNREPORTED", "moneyText": "", "startDate": "2019-02-12", "ownership": "D"}, {"maxAge": 1, "shares": 60000, "filerUrl": "", "transactionText": "", "filerName": "Palaniappan (S K)", "filerRelation": "UNREPORTED", "moneyText": "", "startDate": "2019-02-12", "ownership": "D"}, {"maxAge": 1, "shares": 30000, "filerUrl": "", "transactionText": "", "filerName": "Shah (Yatendra Jayantilal)", "filerRelation": "UNREPORTED", "moneyText": "", "startDate": "2018-12-11", "ownership": "D"}, {"maxAge": 1, "shares": 150000, "filerUrl": "", "transactionText": "", "filerName": "Muruganandam (D)", "filerRelation": "UNREPORTED", "moneyText": "", "startDate": "2018-10-27", "ownership": "D"}, {"maxAge": 1, "shares": 15000, "filerUrl": "", "transactionText": "", "filerName": "Shah (Yatendra Jayantilal)", "filerRelation": "UNREPORTED", "moneyText": "", "startDate": "2018-10-27", "ownership": "D"}, {"maxAge": 1, "shares": 75000, "filerUrl": "", "transactionText": "", "filerName": "Singh (Rakesh)", "filerRelation": "UNREPORTED", "moneyText": "", "startDate": "2018-10-27", "ownership": "D"}, {"maxAge": 1, "shares": 20000, "filerUrl": "", "transactionText": "", "filerName": "Sridharan (S)", "filerRelation": "Compliance Officer", "moneyText": "", "startDate": "2018-10-27", "ownership": "D"}], "maxAge": 1}, "quoteType": {"exchange": "BSE", "quoteType": "EQUITY", "symbol": "INDIACEM.BO", "underlyingSymbol": "INDIACEM.BO", "shortName": "INDIA CEMENTS LTD.", "longName": "The India Cements Limited", "firstTradeDateEpochUtc": "1995-05-05 09:15:00", "timeZoneFullName": "Asia/Kolkata", "timeZoneShortName": "IST", "uuid": "f61e7618-6129-3ab1-a546-9c553e595f43", "messageBoardId": null, "gmtOffSetMilliseconds": 19800000, "maxAge": 1}, "incomeStatementHistory": {"incomeStatementHistory": [{"maxAge": 1, "endDate": "2020-03-31", "totalRevenue": 51864435000, "costOfRevenue": 25052492000, "grossProfit": 26811943000, "researchDevelopment": {}, "sellingGeneralAdministrative": 20766453000, "nonRecurring": {}, "otherOperatingExpenses": {}, "totalOperatingExpenses": 48369746000, "operatingIncome": 3494689000, "totalOtherIncomeExpenseNet": -3280603000, "ebit": 3494689000, "interestExpense": -2895289000, "incomeBeforeTax": 214086000, "incomeTaxExpense": -298529000, "minorityInterest": 562280000, "netIncomeFromContinuingOps": 512615000, "discontinuedOperations": {}, "extraordinaryItems": {}, "effectOfAccountingCharges": {}, "otherItems": {}, "netIncome": 501572000, "netIncomeApplicableToCommonShares": 501572000}, {"maxAge": 1, "endDate": "2019-03-31", "totalRevenue": 57703721000, "costOfRevenue": 29305699000, "grossProfit": 28398022000, "researchDevelopment": {}, "sellingGeneralAdministrative": 22134473000, "nonRecurring": {}, "otherOperatingExpenses": 7386500000, "totalOperatingExpenses": 54082659000, "operatingIncome": 3621062000, "totalOtherIncomeExpenseNet": -3111090000, "ebit": 3621062000, "interestExpense": -2879274000, "incomeBeforeTax": 509972000, "incomeTaxExpense": 244990000, "minorityInterest": 540798000, "netIncomeFromContinuingOps": 264982000, "discontinuedOperations": {}, "extraordinaryItems": {}, "effectOfAccountingCharges": {}, "otherItems": {}, "netIncome": 210603000, "netIncomeApplicableToCommonShares": 210603000}, {"maxAge": 1, "endDate": "2018-03-31", "totalRevenue": 52670880000, "costOfRevenue": 24060305000, "grossProfit": 28610575000, "researchDevelopment": {}, "sellingGeneralAdministrative": 21460821000, "nonRecurring": {}, "otherOperatingExpenses": 13154000, "totalOperatingExpenses": 48319349000, "operatingIncome": 4351531000, "totalOtherIncomeExpenseNet": -3465112000, "ebit": 4351531000, "interestExpense": -2761593000, "incomeBeforeTax": 886419000, "incomeTaxExpense": 192417000, "minorityInterest": 399719000, "netIncomeFromContinuingOps": 694002000, "discontinuedOperations": {}, "extraordinaryItems": {}, "effectOfAccountingCharges": {}, "otherItems": {}, "netIncome": 650613000, "netIncomeApplicableToCommonShares": 650613000}, {"maxAge": 1, "endDate": "2017-03-31", "totalRevenue": 51615205000, "costOfRevenue": 21669254000, "grossProfit": 29945951000, "researchDevelopment": {}, "sellingGeneralAdministrative": 20908586000, "nonRecurring": {}, "otherOperatingExpenses": 44993000, "totalOperatingExpenses": 45382945000, "operatingIncome": 6232260000, "totalOtherIncomeExpenseNet": -3706721000, "ebit": 6232260000, "interestExpense": -2710565000, "incomeBeforeTax": 2525539000, "incomeTaxExpense": 940018000, "minorityInterest": 355777000, "netIncomeFromContinuingOps": 1585521000, "discontinuedOperations": {}, "extraordinaryItems": {}, "effectOfAccountingCharges": {}, "otherItems": {}, "netIncome": 1510268000, "netIncomeApplicableToCommonShares": 1510268000}], "maxAge": 86400}, "fundOwnership": {"maxAge": 1, "ownershipList": [{"maxAge": 1, "reportDate": "2020-07-31", "organization": "Vanguard International Stock Index-Total Intl Stock Indx", "pctHeld": 0.0070999996, "position": 2215460, "value": 246802244}, {"maxAge": 1, "reportDate": "2020-07-31", "organization": "DFA Investment Dimensions-DFA Emerging Mkts Value", "pctHeld": 0.0067000003, "position": 2085811, "value": 232359345}, {"maxAge": 1, "reportDate": "2020-07-31", "organization": "DFA Emerging Markets Core Equity Portfolio", "pctHeld": 0.0064, "position": 1972438, "value": 219729593}, {"maxAge": 1, "reportDate": "2020-07-31", "organization": "Vanguard International Stock Index-Emerging Markets Stk", "pctHeld": 0.0057, "position": 1752110, "value": 195185054}, {"maxAge": 1, "reportDate": "2020-07-31", "organization": "iShares Core MSCI Emerging Markets ETF", "pctHeld": 0.0046, "position": 1415617, "value": 157699733}, {"maxAge": 1, "reportDate": "2020-07-31", "organization": "DFA Emerging Markets Small Cap Series", "pctHeld": 0.0045, "position": 1409890, "value": 157061746}, {"maxAge": 1, "reportDate": "2020-08-31", "organization": "iShares MSCI India Small Cap ETF", "pctHeld": 0.0011999999, "position": 378672, "value": 43414744}, {"maxAge": 1, "reportDate": "2020-07-31", "organization": "Vanguard Intl Equity Index Fds-FTSE All World ex U.S.Small Cap Index", "pctHeld": 0.0011, "position": 348069, "value": 38774886}, {"maxAge": 1, "reportDate": "2020-08-31", "organization": "SPDR (R) Idx Shares-SPDR (R) Emerging Markets Small Cap ETF", "pctHeld": 0.001, "position": 319443, "value": 36624139}, {"maxAge": 1, "reportDate": "2020-08-31", "organization": "SPDR Portfolio Emerging Markets ETF", "pctHeld": 0.0007, "position": 228987, "value": 26253359}]}, "summaryDetail": {"maxAge": 1, "priceHint": 2, "previousClose": 166.2, "open": 167.0, "dayLow": 162.6, "dayHigh": 168.6, "regularMarketPreviousClose": 166.2, "regularMarketOpen": 167.0, "regularMarketDayLow": 162.6, "regularMarketDayHigh": 168.6, "trailingPE": 911.7318, "forwardPE": 17.836065, "volume": 367443, "regularMarketVolume": 367443, "averageVolume": 303140, "averageVolume10days": 111902, "averageDailyVolume10Day": 111902, "bid": 163.2, "ask": 163.45, "bidSize": 0, "askSize": 0, "marketCap": 50575187968, "fiftyTwoWeekLow": 69.55, "fiftyTwoWeekHigh": 185.65, "fiftyDayAverage": 167.35735, "twoHundredDayAverage": 136.46286, "trailingAnnualDividendRate": 0.6, "trailingAnnualDividendYield": 0.0036101085, "currency": "INR", "fromCurrency": null, "toCurrency": null, "lastMarket": null, "algorithm": null, "tradeable": false}, "sectorTrend": {"maxAge": 1, "symbol": null, "estimates": []}, "incomeStatementHistoryQuarterly": {"incomeStatementHistory": [{"maxAge": 1, "endDate": "2020-06-30", "totalRevenue": 7634600000, "costOfRevenue": 3137700000, "grossProfit": 4496900000, "researchDevelopment": {}, "sellingGeneralAdministrative": 2127200000, "nonRecurring": {}, "otherOperatingExpenses": 807500000, "totalOperatingExpenses": 6684200000, "operatingIncome": 950400000, "totalOtherIncomeExpenseNet": -662000000, "ebit": 950400000, "interestExpense": -746200000, "incomeBeforeTax": 288400000, "incomeTaxExpense": 91000000, "minorityInterest": {}, "netIncomeFromContinuingOps": 197400000, "discontinuedOperations": {}, "extraordinaryItems": {}, "effectOfAccountingCharges": {}, "otherItems": {}, "netIncome": 194700000, "netIncomeApplicableToCommonShares": 194700000}, {"maxAge": 1, "endDate": "2020-03-31", "totalRevenue": 11763935000, "costOfRevenue": 6903892000, "grossProfit": 4860043000, "researchDevelopment": {}, "sellingGeneralAdministrative": 9270853000, "nonRecurring": {}, "otherOperatingExpenses": -5227200000, "totalOperatingExpenses": 11607046000, "operatingIncome": 156889000, "totalOtherIncomeExpenseNet": -833303000, "ebit": 156889000, "interestExpense": -281589000, "incomeBeforeTax": -676414000, "incomeTaxExpense": -569929000, "minorityInterest": 562280000, "netIncomeFromContinuingOps": -106485000, "discontinuedOperations": {}, "extraordinaryItems": {}, "effectOfAccountingCharges": {}, "otherItems": {}, "netIncome": -104028000, "netIncomeApplicableToCommonShares": -104028000}, {"maxAge": 1, "endDate": "2019-12-31", "totalRevenue": 12442800000, "costOfRevenue": 5768100000, "grossProfit": 6674700000, "researchDevelopment": {}, "sellingGeneralAdministrative": 3656800000, "nonRecurring": {}, "otherOperatingExpenses": 1718300000, "totalOperatingExpenses": 11779800000, "operatingIncome": 663000000, "totalOtherIncomeExpenseNet": -800400000, "ebit": 663000000, "interestExpense": -871500000, "incomeBeforeTax": -137400000, "incomeTaxExpense": -47500000, "minorityInterest": 562280000, "netIncomeFromContinuingOps": -89900000, "discontinuedOperations": {}, "extraordinaryItems": {}, "effectOfAccountingCharges": {}, "otherItems": {}, "netIncome": -87900000, "netIncomeApplicableToCommonShares": -87900000}, {"maxAge": 1, "endDate": "2019-09-30", "totalRevenue": 12694000000, "costOfRevenue": 5809100000, "grossProfit": 6884900000, "researchDevelopment": {}, "sellingGeneralAdministrative": 3612200000, "nonRecurring": {}, "otherOperatingExpenses": 1774400000, "totalOperatingExpenses": 11830200000, "operatingIncome": 863800000, "totalOtherIncomeExpenseNet": -819500000, "ebit": 863800000, "interestExpense": -880000000, "incomeBeforeTax": 44300000, "incomeTaxExpense": -12500000, "minorityInterest": 559900000, "netIncomeFromContinuingOps": 56800000, "discontinuedOperations": {}, "extraordinaryItems": {}, "effectOfAccountingCharges": {}, "otherItems": {}, "netIncome": 50700000, "netIncomeApplicableToCommonShares": 50700000}], "maxAge": 86400}, "cashflowStatementHistoryQuarterly": {"cashflowStatements": [{"maxAge": 1, "endDate": "2020-06-30", "netIncome": 194700000, "changeToLiabilities": 0}, {"maxAge": 1, "endDate": "2020-03-31", "netIncome": -104028000, "changeToLiabilities": 0}, {"maxAge": 1, "endDate": "2019-12-31", "netIncome": -87900000, "changeToLiabilities": 0}, {"maxAge": 1, "endDate": "2019-09-30", "netIncome": 50700000, "changeToLiabilities": 0}], "maxAge": 86400}, "insiderHolders": {"holders": [{"maxAge": 1, "name": "Adityan (Balasubramania Sivanthi)", "relation": "UNREPORTED", "url": "", "transactionDescription": "Sale", "latestTransDate": "2019-07-26", "positionDirect": 24236, "positionDirectDate": "2019-07-26"}, {"maxAge": 1, "name": "Anna Investments Pvt. Ltd.", "relation": "Promoter", "url": "", "transactionDescription": "Acquisition", "latestTransDate": "2020-03-30", "positionDirect": 13166625, "positionDirectDate": "2020-03-30"}, {"maxAge": 1, "name": "Mohan (V M)", "relation": "UNREPORTED", "url": "", "transactionDescription": "Other", "latestTransDate": "2019-02-12", "positionDirect": 253257, "positionDirectDate": "2019-02-12"}, {"maxAge": 1, "name": "Muruganandam (D)", "relation": "UNREPORTED", "url": "", "transactionDescription": "Other", "latestTransDate": "2018-10-27", "positionDirect": 156005, "positionDirectDate": "2018-10-27"}, {"maxAge": 1, "name": "Palaniappan (S K)", "relation": "UNREPORTED", "url": "", "transactionDescription": "Other", "latestTransDate": "2019-02-12", "positionDirect": 65653, "positionDirectDate": "2019-02-12"}, {"maxAge": 1, "name": "Prince Holdings Madras Pvt. Ltd.", "relation": "Promoter", "url": "", "transactionDescription": "Acquisition", "latestTransDate": "2020-08-24", "positionDirect": 25993000, "positionDirectDate": "2020-08-24"}, {"maxAge": 1, "name": "Shah (Yatendra Jayantilal)", "relation": "UNREPORTED", "url": "", "transactionDescription": "Sale", "latestTransDate": "2018-12-11", "positionDirect": 0, "positionDirectDate": "2018-12-11"}, {"maxAge": 1, "name": "Singh (Rakesh)", "relation": "UNREPORTED", "url": "", "transactionDescription": "Other", "latestTransDate": "2018-10-27", "positionDirect": 175000, "positionDirectDate": "2018-10-27"}, {"maxAge": 1, "name": "Sridharan (S)", "relation": "Compliance Officer", "url": "", "transactionDescription": "Other", "latestTransDate": "2018-10-27", "positionDirect": 54674, "positionDirectDate": "2018-10-27"}, {"maxAge": 1, "name": "Venkateswaran (N)", "relation": "UNREPORTED", "url": "", "transactionDescription": "Sale", "latestTransDate": "2020-02-10", "positionDirect": 40001, "positionDirectDate": "2020-02-10"}], "maxAge": 1}, "earnings": {"maxAge": 86400, "earningsChart": {"quarterly": [{"date": "2Q2017", "actual": 0.86, "estimate": 2.25}, {"date": "3Q2017", "actual": 0.77, "estimate": 0.5}, {"date": "4Q2017", "actual": 0.49, "estimate": 0.4}, {"date": "1Q2018", "actual": 1.35, "estimate": 0.73}], "currentQuarterEstimateDate": "2Q", "currentQuarterEstimateYear": 2018, "earningsDate": []}, "financialsChart": {"yearly": [{"date": 2017, "revenue": 51615205000, "earnings": 1510268000}, {"date": 2018, "revenue": 52670880000, "earnings": 650613000}, {"date": 2019, "revenue": 57703721000, "earnings": 210603000}, {"date": 2020, "revenue": 51864435000, "earnings": 501572000}], "quarterly": [{"date": "3Q2019", "revenue": 12694000000, "earnings": 50700000}, {"date": "4Q2019", "revenue": 12442800000, "earnings": -87900000}, {"date": "1Q2020", "revenue": 11763935000, "earnings": -104028000}, {"date": "2Q2020", "revenue": 7634600000, "earnings": 194700000}]}, "financialCurrency": "INR"}, "calendarEvents": {"maxAge": 1, "earnings": {"earningsDate": []}}, "price": {"maxAge": 1, "regularMarketChangePercent": -0.018050542, "regularMarketChange": -3.0, "regularMarketTime": "2021-04-30 15:40:15", "priceHint": 2, "regularMarketPrice": 163.2, "regularMarketDayHigh": 168.6, "regularMarketDayLow": 162.6, "regularMarketVolume": 367443, "averageDailyVolume10Day": 111902, "averageDailyVolume3Month": 303140, "regularMarketPreviousClose": 166.2, "regularMarketSource": "FREE_REALTIME", "regularMarketOpen": 167.0, "exchange": "BSE", "exchangeName": "BSE", "exchangeDataDelayedBy": 0, "marketState": "CLOSED", "quoteType": "EQUITY", "symbol": "INDIACEM.BO", "underlyingSymbol": null, "shortName": "INDIA CEMENTS LTD.", "longName": "The India Cements Limited", "currency": "INR", "quoteSourceName": "Delayed Quote", "currencySymbol": "\u20b9", "fromCurrency": null, "toCurrency": null, "lastMarket": null, "marketCap": 50575187968}, "balanceSheetHistory": {"balanceSheetStatements": [{"maxAge": 1, "endDate": "2020-03-31", "cash": 431596000, "shortTermInvestments": 11922000, "netReceivables": 7799634000, "inventory": 9023312000, "otherCurrentAssets": 6374192000, "totalCurrentAssets": 23823615000, "longTermInvestments": 2136428000, "propertyPlantEquipment": 72114636000, "goodWill": 1817781000, "intangibleAssets": 472342000, "otherAssets": 16331410000, "totalAssets": 116696212000, "accountsPayable": 12197863000, "shortLongTermDebt": 4295824000, "otherCurrentLiab": 4481464000, "longTermDebt": 24111476000, "otherLiab": 8191367000, "minorityInterest": 562280000, "totalCurrentLiabilities": 28778459000, "totalLiab": 61153605000, "commonStock": 3098960000, "retainedEarnings": 36153485000, "treasuryStock": 694764000, "capitalSurplus": 15033118000, "otherStockholderEquity": 694764000, "totalStockholderEquity": 54980327000, "netTangibleAssets": 52690204000}, {"maxAge": 1, "endDate": "2019-03-31", "cash": 487223000, "shortTermInvestments": 22228000, "netReceivables": 7872770000, "inventory": 9098683000, "otherCurrentAssets": 5667588000, "totalCurrentAssets": 23314467000, "longTermInvestments": 2022137000, "propertyPlantEquipment": 70599759000, "goodWill": 1526704000, "intangibleAssets": 546711000, "otherAssets": 14992792000, "deferredLongTermAssetCharges": 28302000, "totalAssets": 113002570000, "accountsPayable": 12428185000, "shortLongTermDebt": 4051981000, "otherCurrentLiab": 4925038000, "longTermDebt": 25943720000, "otherLiab": 8975284000, "minorityInterest": 540798000, "totalCurrentLiabilities": 25082977000, "totalLiab": 60001981000, "commonStock": 3098960000, "retainedEarnings": 33402180000, "treasuryStock": 925533000, "capitalSurplus": 15033118000, "otherStockholderEquity": 925533000, "totalStockholderEquity": 52459791000, "netTangibleAssets": 50386376000}, {"maxAge": 1, "endDate": "2018-03-31", "cash": 535433000, "shortTermInvestments": 21253000, "netReceivables": 6833381000, "inventory": 7639287000, "otherCurrentAssets": 4242280000, "totalCurrentAssets": 19411957000, "longTermInvestments": 1889684000, "propertyPlantEquipment": 71933515000, "goodWill": 1022052000, "intangibleAssets": 266444000, "otherAssets": 14933995000, "deferredLongTermAssetCharges": 1700000, "totalAssets": 109457647000, "accountsPayable": 10797877000, "shortLongTermDebt": 1632468000, "otherCurrentLiab": 5202466000, "longTermDebt": 28781564000, "otherLiab": 8294716000, "minorityInterest": 399719000, "totalCurrentLiabilities": 19290866000, "totalLiab": 56367146000, "commonStock": 3081518000, "retainedEarnings": 33327236000, "treasuryStock": 1514935000, "capitalSurplus": 14767093000, "otherStockholderEquity": 1514935000, "totalStockholderEquity": 52690782000, "netTangibleAssets": 51402286000}, {"maxAge": 1, "endDate": "2017-03-31", "cash": 379827000, "shortTermInvestments": 25469000, "netReceivables": 5893258000, "inventory": 8177423000, "otherCurrentAssets": 4695762000, "totalCurrentAssets": 19482286000, "longTermInvestments": 1880091000, "propertyPlantEquipment": 73471719000, "goodWill": 228991000, "intangibleAssets": 240442000, "otherAssets": 14193620000, "totalAssets": 109497149000, "accountsPayable": 12112362000, "shortLongTermDebt": 2893136000, "otherCurrentLiab": 5554180000, "longTermDebt": 24514893000, "otherLiab": 8515864000, "minorityInterest": 355777000, "totalCurrentLiabilities": 24361585000, "totalLiab": 57392342000, "commonStock": 3071773000, "retainedEarnings": 33317157000, "treasuryStock": 593008000, "capitalSurplus": 14767092000, "otherStockholderEquity": 593008000, "totalStockholderEquity": 51749030000, "netTangibleAssets": 51279597000}], "maxAge": 86400}, "earningsTrend": {"trend": [{"maxAge": 1, "period": "0q", "endDate": "2018-06-30", "growth": {}, "earningsEstimate": {"avg": 0.0, "low": 0.0, "high": 0.0, "yearAgoEps": 0.86, "numberOfAnalysts": 0, "growth": {}}, "revenueEstimate": {"avg": 0, "low": 0, "high": 0, "numberOfAnalysts": 0, "yearAgoRevenue": {}, "growth": {}}, "epsTrend": {"current": 0.0, "7daysAgo": 0.0, "30daysAgo": 0.0, "60daysAgo": 0.0, "90daysAgo": 0.0}, "epsRevisions": {"upLast7days": 0, "upLast30days": 0, "downLast30days": 0, "downLast90days": {}}}, {"maxAge": 1, "period": "+1q", "endDate": "2018-09-30", "growth": {}, "earningsEstimate": {"avg": 0.0, "low": 0.0, "high": 0.0, "yearAgoEps": 0.77, "numberOfAnalysts": 0, "growth": {}}, "revenueEstimate": {"avg": 0, "low": 0, "high": 0, "numberOfAnalysts": 0, "yearAgoRevenue": {}, "growth": {}}, "epsTrend": {"current": 0.0, "7daysAgo": 0.0, "30daysAgo": 0.0, "60daysAgo": 0.0, "90daysAgo": 0.0}, "epsRevisions": {"upLast7days": 0, "upLast30days": 0, "downLast30days": 0, "downLast90days": {}}}, {"maxAge": 1, "period": "0y", "endDate": "2019-03-31", "growth": 0.744, "earningsEstimate": {"avg": 6.05, "low": 4.0, "high": 7.9, "yearAgoEps": 3.47, "numberOfAnalysts": 10, "growth": 0.744}, "revenueEstimate": {"avg": 58300300000, "low": 54888000000, "high": 61152200000, "numberOfAnalysts": 10, "yearAgoRevenue": 53407200000, "growth": 0.092}, "epsTrend": {"current": 6.05, "7daysAgo": 6.6, "30daysAgo": 7.61, "60daysAgo": 8.05, "90daysAgo": 8.41}, "epsRevisions": {"upLast7days": 0, "upLast30days": 0, "downLast30days": 1, "downLast90days": {}}}, {"maxAge": 1, "period": "+1y", "endDate": "2020-03-31", "growth": 0.512, "earningsEstimate": {"avg": 9.15, "low": 7.0, "high": 11.8, "yearAgoEps": 6.05, "numberOfAnalysts": 10, "growth": 0.512}, "revenueEstimate": {"avg": 64598400000, "low": 58787000000, "high": 70067900000, "numberOfAnalysts": 10, "yearAgoRevenue": 58300300000, "growth": 0.108}, "epsTrend": {"current": 9.15, "7daysAgo": 9.39, "30daysAgo": 10.14, "60daysAgo": 11.13, "90daysAgo": 11.99}, "epsRevisions": {"upLast7days": 0, "upLast30days": 0, "downLast30days": 0, "downLast90days": {}}}, {"maxAge": 1, "period": "+5y", "endDate": null, "growth": 1.0253, "earningsEstimate": {"avg": {}, "low": {}, "high": {}, "yearAgoEps": {}, "numberOfAnalysts": {}, "growth": {}}, "revenueEstimate": {"avg": {}, "low": {}, "high": {}, "numberOfAnalysts": {}, "yearAgoRevenue": {}, "growth": {}}, "epsTrend": {"current": {}, "7daysAgo": {}, "30daysAgo": {}, "60daysAgo": {}, "90daysAgo": {}}, "epsRevisions": {"upLast7days": {}, "upLast30days": {}, "downLast30days": {}, "downLast90days": {}}}, {"maxAge": 1, "period": "-5y", "endDate": null, "growth": -0.15844, "earningsEstimate": {"avg": {}, "low": {}, "high": {}, "yearAgoEps": {}, "numberOfAnalysts": {}, "growth": {}}, "revenueEstimate": {"avg": {}, "low": {}, "high": {}, "numberOfAnalysts": {}, "yearAgoRevenue": {}, "growth": {}}, "epsTrend": {"current": {}, "7daysAgo": {}, "30daysAgo": {}, "60daysAgo": {}, "90daysAgo": {}}, "epsRevisions": {"upLast7days": {}, "upLast30days": {}, "downLast30days": {}, "downLast90days": {}}}], "maxAge": 1}, "financialData": {"maxAge": 86400, "currentPrice": 163.2, "targetHighPrice": 260.0, "targetLowPrice": 90.0, "targetMeanPrice": 162.59, "targetMedianPrice": 160.0, "recommendationMean": 2.6, "recommendationKey": "hold", "numberOfAnalystOpinions": 17, "grossProfits": 26811943000, "financialCurrency": "INR"}}}