{"INDIAHOME.BO": {"cashflowStatementHistory": {"cashflowStatements": [{"maxAge": 1, "endDate": "2020-03-31", "netIncome": 28049675, "depreciation": 2267252, "changeToNetincome": 8906356, "changeToLiabilities": 0, "changeToOperatingActivities": 66710618, "totalCashFromOperatingActivities": 106918841, "capitalExpenditures": -1665066, "investments": 89550517, "otherCashflowsFromInvestingActivities": 3263618, "totalCashflowsFromInvestingActivities": 91755463, "dividendsPaid": -2856351, "netBorrowings": -216053527, "otherCashflowsFromFinancingActivities": -592776, "totalCashFromFinancingActivities": -219502654, "changeInCash": -20828350}, {"maxAge": 1, "endDate": "2019-03-31", "netIncome": 18244823, "depreciation": 3119781, "changeToNetincome": 5598767, "changeToLiabilities": 0, "changeToOperatingActivities": -582525502, "totalCashFromOperatingActivities": -554271068, "capitalExpenditures": -2882252, "investments": -61480142, "otherCashflowsFromInvestingActivities": 724262, "totalCashflowsFromInvestingActivities": -63638132, "dividendsPaid": -2856351, "netBorrowings": 566479634, "otherCashflowsFromFinancingActivities": 30118514, "totalCashFromFinancingActivities": 593741797, "changeInCash": -24167403}, {"maxAge": 1, "endDate": "2018-03-31", "netIncome": 29646729, "depreciation": 1919413, "changeToNetincome": 3955449, "changeToLiabilities": 4848887, "changeToOperatingActivities": -1371481865, "totalCashFromOperatingActivities": -1330082847, "capitalExpenditures": -10443254, "investments": -12764694, "otherCashflowsFromInvestingActivities": 698075, "totalCashflowsFromInvestingActivities": -22509873, "dividendsPaid": -1718918, "netBorrowings": 1416204313, "otherCashflowsFromFinancingActivities": 30118514, "totalCashFromFinancingActivities": 1414485395, "changeInCash": 61892673}, {"maxAge": 1, "endDate": "2017-03-31", "netIncome": 9904265, "depreciation": 562991, "changeToNetincome": -2318959, "changeToLiabilities": 1307, "changeToOperatingActivities": -102479288, "totalCashFromOperatingActivities": -94186161, "capitalExpenditures": -2342706, "investments": -22445657, "otherCashflowsFromInvestingActivities": 577330, "totalCashflowsFromInvestingActivities": -24211033, "dividendsPaid": -1718918, "netBorrowings": 6721481, "otherCashflowsFromFinancingActivities": 30118514, "totalCashFromFinancingActivities": 126103436, "changeInCash": 7706242, "issuanceOfStock": 119381955}], "maxAge": 86400}, "institutionOwnership": {"maxAge": 1, "ownershipList": []}, "balanceSheetHistoryQuarterly": {"balanceSheetStatements": [{"maxAge": 1, "endDate": "2020-06-30", "totalStockholderEquity": 381562149, "netTangibleAssets": 378703274}, {"maxAge": 1, "endDate": "2020-03-31", "cash": 22862781, "netReceivables": 2128331032, "otherCurrentAssets": 53938914, "totalCurrentAssets": 2205132727, "propertyPlantEquipment": 4036407, "intangibleAssets": 2858875, "otherAssets": 13016239, "totalAssets": 2225044248, "accountsPayable": 1546496, "shortLongTermDebt": 407800000, "otherCurrentLiab": 3402327, "longTermDebt": 1292839583, "otherLiab": 52880424, "totalCurrentLiabilities": 497762092, "totalLiab": 1843482099, "commonStock": 142817550, "retainedEarnings": 61991194, "treasuryStock": 71439000, "capitalSurplus": 105314405, "otherStockholderEquity": 71439000, "totalStockholderEquity": 381562149, "netTangibleAssets": 378703274}, {"maxAge": 1, "endDate": "2019-12-31", "totalStockholderEquity": 360359000, "netTangibleAssets": 360359000}, {"maxAge": 1, "endDate": "2019-09-30", "cash": 106412000, "netReceivables": 2197147000, "totalCurrentAssets": 2303559000, "longTermInvestments": 4178000, "propertyPlantEquipment": 7662000, "otherAssets": 36745000, "totalAssets": 2352144000, "accountsPayable": 7329000, "longTermDebt": 1823697000, "otherLiab": 160759000, "totalCurrentLiabilities": 7329000, "totalLiab": 1991785000, "commonStock": 142818000, "treasuryStock": 217541000, "otherStockholderEquity": 217541000, "totalStockholderEquity": 360359000, "netTangibleAssets": 360359000}], "maxAge": 86400}, "indexTrend": {"maxAge": 1, "symbol": "SP5", "peRatio": 19.7411, "pegRatio": 1.34172, "estimates": [{"period": "0q", "growth": 0.549}, {"period": "+1q", "growth": 0.431}, {"period": "0y", "growth": 0.305}, {"period": "+1y", "growth": 0.109}, {"period": "+5y", "growth": 0.120859005}, {"period": "-5y"}]}, "insiderTransactions": {"transactions": [{"maxAge": 1, "shares": 487500, "filerUrl": "", "transactionText": "", "filerName": "Pujara (Mahesh Narsihbhai)", "filerRelation": "Chairman of the Board", "moneyText": "", "startDate": "2020-03-25", "ownership": "D"}, {"maxAge": 1, "shares": 17099, "filerUrl": "", "transactionText": "", "filerName": "Pujara (Mitesh)", "filerRelation": "Director", "moneyText": "", "startDate": "2020-03-24", "ownership": "D"}, {"maxAge": 1, "shares": 300000, "filerUrl": "", "transactionText": "", "filerName": "Patel (Neel Subhash)", "filerRelation": "UNREPORTED", "moneyText": "", "startDate": "2019-03-30", "ownership": "D"}, {"maxAge": 1, "shares": 500000, "filerUrl": "", "transactionText": "", "filerName": "Pujara (Mahesh Narsihbhai)", "filerRelation": "Chairman of the Board", "moneyText": "", "startDate": "2019-03-30", "ownership": "D"}, {"maxAge": 1, "shares": 2526, "filerUrl": "", "transactionText": "", "filerName": "Pujara (Mitesh)", "filerRelation": "Director", "moneyText": "", "startDate": "2018-11-15", "ownership": "D"}, {"maxAge": 1, "shares": 9500, "filerUrl": "", "transactionText": "", "filerName": "Pujara (Bhavin Mahesh)", "filerRelation": "Promoter", "moneyText": "", "startDate": "2018-11-09", "ownership": "D"}, {"maxAge": 1, "shares": 2000, "filerUrl": "", "transactionText": "", "filerName": "Pujara (Mitesh)", "filerRelation": "Director", "moneyText": "", "startDate": "2018-11-09", "ownership": "D"}], "maxAge": 1}, "quoteType": {"exchange": "BSE", "quoteType": "EQUITY", "symbol": "INDIAHOME.BO", "underlyingSymbol": "INDIAHOME.BO", "shortName": "INDIA HOME LOAN LTD.", "longName": "India Home Loan Limited", "firstTradeDateEpochUtc": "2002-02-06 09:15:00", "timeZoneFullName": "Asia/Kolkata", "timeZoneShortName": "IST", "uuid": "6cefc1dc-3448-36d8-b5e8-e89cf0ddb655", "messageBoardId": null, "gmtOffSetMilliseconds": 19800000, "maxAge": 1}, "incomeStatementHistory": {"incomeStatementHistory": [{"maxAge": 1, "endDate": "2020-03-31", "totalRevenue": 113194133, "costOfRevenue": 1736232, "grossProfit": 111457901, "researchDevelopment": {}, "sellingGeneralAdministrative": 41454407, "nonRecurring": {}, "otherOperatingExpenses": 29453385, "totalOperatingExpenses": 75896216, "operatingIncome": 37297917, "totalOtherIncomeExpenseNet": 190988, "ebit": 0, "interestExpense": {}, "incomeBeforeTax": 37488905, "incomeTaxExpense": 9439230, "minorityInterest": {}, "netIncomeFromContinuingOps": 28049675, "discontinuedOperations": {}, "extraordinaryItems": {}, "effectOfAccountingCharges": {}, "otherItems": {}, "netIncome": 28049675, "netIncomeApplicableToCommonShares": 28049675}, {"maxAge": 1, "endDate": "2019-03-31", "totalRevenue": 103850979, "costOfRevenue": 1949114, "grossProfit": 101901865, "researchDevelopment": {}, "sellingGeneralAdministrative": 36619552, "nonRecurring": {}, "otherOperatingExpenses": 32572810, "totalOperatingExpenses": 75552320, "operatingIncome": 28298659, "totalOtherIncomeExpenseNet": 0, "ebit": 0, "interestExpense": {}, "incomeBeforeTax": 28298659, "incomeTaxExpense": 10053836, "minorityInterest": {}, "netIncomeFromContinuingOps": 18244823, "discontinuedOperations": {}, "extraordinaryItems": {}, "effectOfAccountingCharges": {}, "otherItems": {}, "netIncome": 18244823, "netIncomeApplicableToCommonShares": 18244823}, {"maxAge": 1, "endDate": "2018-03-31", "totalRevenue": 93244948, "costOfRevenue": 1001326, "grossProfit": 92243622, "researchDevelopment": {}, "sellingGeneralAdministrative": 21218946, "nonRecurring": {}, "otherOperatingExpenses": 27443327, "totalOperatingExpenses": 52611552, "operatingIncome": 40633396, "totalOtherIncomeExpenseNet": 0, "ebit": 0, "interestExpense": {}, "incomeBeforeTax": 40633396, "incomeTaxExpense": 10986667, "minorityInterest": {}, "netIncomeFromContinuingOps": 29646729, "discontinuedOperations": {}, "extraordinaryItems": {}, "effectOfAccountingCharges": {}, "otherItems": {}, "netIncome": 29646729, "netIncomeApplicableToCommonShares": 29646729}, {"maxAge": 1, "endDate": "2017-03-31", "totalRevenue": 40066557, "costOfRevenue": 198778, "grossProfit": 39867779, "researchDevelopment": {}, "sellingGeneralAdministrative": 7926855, "nonRecurring": {}, "otherOperatingExpenses": 17429229, "totalOperatingExpenses": 26261376, "operatingIncome": 13805181, "totalOtherIncomeExpenseNet": 0, "ebit": 0, "interestExpense": {}, "incomeBeforeTax": 13805181, "incomeTaxExpense": 3900916, "minorityInterest": {}, "netIncomeFromContinuingOps": 9904265, "discontinuedOperations": {}, "extraordinaryItems": {}, "effectOfAccountingCharges": {}, "otherItems": {}, "netIncome": 9904265, "netIncomeApplicableToCommonShares": 9904265}], "maxAge": 86400}, "fundOwnership": {"maxAge": 1, "ownershipList": []}, "summaryDetail": {"maxAge": 1, "priceHint": 2, "previousClose": 39.8, "open": 40.25, "dayLow": 39.5, "dayHigh": 40.25, "regularMarketPreviousClose": 39.8, "regularMarketOpen": 40.25, "regularMarketDayLow": 39.5, "regularMarketDayHigh": 40.25, "trailingPE": 23.752254, "volume": 414, "regularMarketVolume": 414, "averageVolume": 8468, "averageVolume10days": 5609, "averageDailyVolume10Day": 5609, "bid": 39.5, "ask": 40.05, "bidSize": 0, "askSize": 0, "marketCap": 564131072, "fiftyTwoWeekLow": 26.3, "fiftyTwoWeekHigh": 54.0, "fiftyDayAverage": 40.974285, "twoHundredDayAverage": 41.150364, "trailingAnnualDividendRate": 0.15, "trailingAnnualDividendYield": 0.0037688445, "currency": "INR", "fromCurrency": null, "toCurrency": null, "lastMarket": null, "algorithm": null, "tradeable": false}, "incomeStatementHistoryQuarterly": {"incomeStatementHistory": [{"maxAge": 1, "endDate": "2020-06-30", "totalRevenue": 24760000, "costOfRevenue": 0, "grossProfit": 24760000, "researchDevelopment": {}, "sellingGeneralAdministrative": 8369000, "nonRecurring": {}, "otherOperatingExpenses": 4548000, "totalOperatingExpenses": 13465000, "operatingIncome": 11295000, "totalOtherIncomeExpenseNet": -10468000, "ebit": 0, "interestExpense": {}, "incomeBeforeTax": 827000, "incomeTaxExpense": 268000, "minorityInterest": {}, "netIncomeFromContinuingOps": 559000, "discontinuedOperations": {}, "extraordinaryItems": {}, "effectOfAccountingCharges": {}, "otherItems": {}, "netIncome": 559000, "netIncomeApplicableToCommonShares": 559000}, {"maxAge": 1, "endDate": "2020-03-31", "totalRevenue": 46927133, "costOfRevenue": 1736232, "grossProfit": 45190901, "researchDevelopment": {}, "sellingGeneralAdministrative": 12948407, "nonRecurring": {}, "otherOperatingExpenses": 10926385, "totalOperatingExpenses": 26431216, "operatingIncome": 20495917, "totalOtherIncomeExpenseNet": 190988, "ebit": 0, "interestExpense": {}, "incomeBeforeTax": 20686905, "incomeTaxExpense": 4249230, "minorityInterest": {}, "netIncomeFromContinuingOps": 16437675, "discontinuedOperations": {}, "extraordinaryItems": {}, "effectOfAccountingCharges": {}, "otherItems": {}, "netIncome": 16437675, "netIncomeApplicableToCommonShares": 16437675}, {"maxAge": 1, "endDate": "2019-12-31", "totalRevenue": 24704000, "costOfRevenue": 0, "grossProfit": 24704000, "researchDevelopment": {}, "sellingGeneralAdministrative": 11454000, "nonRecurring": {}, "otherOperatingExpenses": 5126000, "totalOperatingExpenses": 17418000, "operatingIncome": 7286000, "totalOtherIncomeExpenseNet": 0, "ebit": 0, "interestExpense": {}, "incomeBeforeTax": 7286000, "incomeTaxExpense": 2598000, "minorityInterest": {}, "netIncomeFromContinuingOps": 4688000, "discontinuedOperations": {}, "extraordinaryItems": {}, "effectOfAccountingCharges": {}, "otherItems": {}, "netIncome": 4688000, "netIncomeApplicableToCommonShares": 4688000}, {"maxAge": 1, "endDate": "2019-09-30", "totalRevenue": 22112000, "costOfRevenue": 0, "grossProfit": 22112000, "researchDevelopment": {}, "sellingGeneralAdministrative": 8274000, "nonRecurring": {}, "otherOperatingExpenses": 7532000, "totalOperatingExpenses": 16602000, "operatingIncome": 5510000, "totalOtherIncomeExpenseNet": 0, "ebit": 0, "interestExpense": {}, "incomeBeforeTax": 5510000, "incomeTaxExpense": 841000, "minorityInterest": {}, "netIncomeFromContinuingOps": 4669000, "discontinuedOperations": {}, "extraordinaryItems": {}, "effectOfAccountingCharges": {}, "otherItems": {}, "netIncome": 4669000, "netIncomeApplicableToCommonShares": 4669000}], "maxAge": 86400}, "cashflowStatementHistoryQuarterly": {"cashflowStatements": [{"maxAge": 1, "endDate": "2020-06-30", "netIncome": 559000, "changeToLiabilities": 0}, {"maxAge": 1, "endDate": "2020-03-31", "netIncome": 16437675, "changeToLiabilities": 0}, {"maxAge": 1, "endDate": "2019-12-31", "netIncome": 4688000, "changeToLiabilities": 0}, {"maxAge": 1, "endDate": "2019-09-30", "netIncome": 4669000, "changeToLiabilities": 0}], "maxAge": 86400}, "insiderHolders": {"holders": [{"maxAge": 1, "name": "Patel (Neel Subhash)", "relation": "UNREPORTED", "url": "", "transactionDescription": "Other", "latestTransDate": "2019-03-30", "positionDirect": 300000, "positionDirectDate": "2019-03-30"}, {"maxAge": 1, "name": "Pujara (Bhavin Mahesh)", "relation": "Promoter", "url": "", "transactionDescription": "Acquisition", "latestTransDate": "2018-11-09", "positionDirect": 675600, "positionDirectDate": "2018-11-09"}, {"maxAge": 1, "name": "Pujara (Mahesh Narsihbhai)", "relation": "Chairman of the Board", "url": "", "transactionDescription": "Acquisition", "latestTransDate": "2020-03-25", "positionDirect": 884350, "positionDirectDate": "2020-03-25"}, {"maxAge": 1, "name": "Pujara (Mitesh)", "relation": "Director", "url": "", "transactionDescription": "Acquisition", "latestTransDate": "2020-03-24", "positionDirect": 745240, "positionDirectDate": "2020-03-24"}], "maxAge": 1}, "calendarEvents": {"maxAge": 1, "earnings": {"earningsDate": []}}, "price": {"maxAge": 1, "regularMarketChangePercent": -0.0075376695, "regularMarketChange": -0.29999924, "regularMarketTime": "2021-04-30 15:29:56", "priceHint": 2, "regularMarketPrice": 39.5, "regularMarketDayHigh": 40.25, "regularMarketDayLow": 39.5, "regularMarketVolume": 414, "averageDailyVolume10Day": 5609, "averageDailyVolume3Month": 8468, "regularMarketPreviousClose": 39.8, "regularMarketSource": "FREE_REALTIME", "regularMarketOpen": 40.25, "exchange": "BSE", "exchangeName": "BSE", "exchangeDataDelayedBy": 0, "marketState": "CLOSED", "quoteType": "EQUITY", "symbol": "INDIAHOME.BO", "underlyingSymbol": null, "shortName": "INDIA HOME LOAN LTD.", "longName": "India Home Loan Limited", "currency": "INR", "quoteSourceName": "Delayed Quote", "currencySymbol": "\u20b9", "fromCurrency": null, "toCurrency": null, "lastMarket": null, "marketCap": 564131072}, "balanceSheetHistory": {"balanceSheetStatements": [{"maxAge": 1, "endDate": "2020-03-31", "cash": 22862781, "netReceivables": 2128331032, "otherCurrentAssets": 53938914, "totalCurrentAssets": 2205132727, "propertyPlantEquipment": 4036407, "intangibleAssets": 2858875, "otherAssets": 13016239, "totalAssets": 2225044248, "accountsPayable": 1546496, "shortLongTermDebt": 407800000, "otherCurrentLiab": 3402327, "longTermDebt": 1292839583, "otherLiab": 52880424, "totalCurrentLiabilities": 497762092, "totalLiab": 1843482099, "commonStock": 142817550, "retainedEarnings": 61991194, "treasuryStock": 71439000, "capitalSurplus": 105314405, "otherStockholderEquity": 71439000, "totalStockholderEquity": 381562149, "netTangibleAssets": 378703274}, {"maxAge": 1, "endDate": "2019-03-31", "cash": 43691131, "netReceivables": 2161843811, "otherCurrentAssets": 52266775, "totalCurrentAssets": 2347875096, "propertyPlantEquipment": 5278463, "intangibleAssets": 3716429, "otherAssets": 10383503, "totalAssets": 2367253491, "accountsPayable": 4834934, "shortLongTermDebt": 379100000, "otherCurrentLiab": 117343, "longTermDebt": 1537593110, "otherLiab": 56331551, "totalCurrentLiabilities": 416547654, "totalLiab": 2010472315, "commonStock": 142817550, "retainedEarnings": 37210222, "treasuryStock": 71439000, "capitalSurplus": 105314404, "otherStockholderEquity": 71439000, "totalStockholderEquity": 356781176, "netTangibleAssets": 353064747}, {"maxAge": 1, "endDate": "2018-03-31", "cash": 73098747, "netReceivables": 1779531416, "otherCurrentAssets": 19997032, "totalCurrentAssets": 1872627195, "longTermInvestments": 40000000, "propertyPlantEquipment": 5719242, "intangibleAssets": 4804242, "otherAssets": 4020559, "totalAssets": 1927171238, "accountsPayable": 5371185, "shortLongTermDebt": 192724527, "otherCurrentLiab": 10628638, "longTermDebt": 1157488949, "otherLiab": 14803273, "totalCurrentLiabilities": 415994162, "totalLiab": 1588286384, "commonStock": 142817550, "retainedEarnings": 50013899, "treasuryStock": 40739000, "capitalSurplus": 105314405, "otherStockholderEquity": 40739000, "totalStockholderEquity": 338884854, "netTangibleAssets": 334080612}, {"maxAge": 1, "endDate": "2017-03-31", "cash": 11206072, "netReceivables": 422178256, "otherCurrentAssets": 1211078, "totalCurrentAssets": 434595406, "longTermInvestments": 24875772, "propertyPlantEquipment": 1630381, "intangibleAssets": 1397802, "otherAssets": 3768570, "totalAssets": 466267931, "accountsPayable": 522298, "shortLongTermDebt": 32540007, "otherCurrentLiab": 4055531, "longTermDebt": 108738968, "otherLiab": 7481563, "totalCurrentLiabilities": 37371438, "totalLiab": 153591969, "commonStock": 142817550, "retainedEarnings": 23805007, "treasuryStock": 40739000, "capitalSurplus": 105314405, "otherStockholderEquity": 40739000, "totalStockholderEquity": 312675962, "netTangibleAssets": 311278160}], "maxAge": 86400}, "financialData": {"maxAge": 86400, "currentPrice": 39.5, "recommendationKey": "none", "grossProfits": 111457901, "financialCurrency": "INR"}}}